1800 3236
581 194 1107 243 CHRONOGRAPHIA.
1482 193 1596 246 41⁷

99 301 533 365 Ναβουκοδρὸσορος,
568 302 841 364 καταστήσας
856 306 912 351 τὰ
926 306 1036 351 κατὰ
1057 306 1138 365 τὴν
1158 306 1379 366 Αἷῇκυπτον
1395 307 1592 368 πράγμα-

98 393 156 419 τα
185 377 257 419 καὶ
289 375 368 433 τὴν
397 375 547 432 λοιπὴν
571 374 738 433 χώραν,
773 379 844 421 καὶ
873 377 976 428 τούς
1008 376 1301 434 αἰχμαλώτους
1322 378 1536 424 Ἰουδαίων
1552 399 1598 426 τε

99 447 171 489 καὶ
193 447 400 490 Φοινίκων
418 446 487 489 καὶ
505 443 656 504 Σύρων
670 450 757 491 τῶν
776 446 884 491 κατὰ
900 447 979 504 τὴν
988 447 1209 505 Αἴγυπτον
1227 449 1366 492 ἐθνῶν
1386 448 1631 502 avi-ragam

97 517 183 559 τισὶ
215 519 302 560 τῶν
332 517 467 574 (pam
491 516 600 572 μετὰ
628 520 705 573 τῆς
730 515 978 575 βαρυτάτης
1009 516 1225 573 δυνάμεως
1252 519 1321 562 καὶ
1350 522 1428 574 τῆς
1449 522 1597 576 λοιπῆς

69 585 305 644 δῶφελείας
324 585 581 641 ἀνακομίζειν
599 588 659 637 εἷς
677 590 755 643 τὴν
772 589 1066 643 Βαβυλωνίαν,
1096 587 1224 640 αὐτὸς
1242 584 1436 646 ὅρμῆσας
1455 587 1595 646 ὀλιγο-

98 655 199 706 στὸς
223 657 467 713 παρεγένετο
488 655 559 698 διὰ
568 660 644 712 τῆς
663 655 820 714 ε’ρήμου
847 660 906 709 εἷς
922 660 1178 714 Βαβυλῶνα.
1201 657 1456 713 καταλαβὼν
1476 659 1523 702 δὲ
1541 659 1595 703 τὰ

96 723 326 783 πράγματα
370 722 634 781 διοικούμενα
668 724 751 770 {md
786 729 1021 772 Χαλδαίων
1058 730 1128 772 καὶ
1159 728 1489 786 διατηρουμένην
1516 729 1595 786 τὴν

94 797 313 850 βασιλείαν
341 793 425 839 ὖπὸ
456 800 533 840 τοῦ
566 797 787 851 βελτίστου
816 797 956 841 αὐτῶν
964 831 980 852 ,
1016 796 1238 856 κυριεύσας
1260 796 1491 857 ὁλοκλήρου
1518 804 1596 856 τῆς

95 870 302 922 πατρικῆς
329 865 484 923 ἀρχῆς,
520 873 609 917 τοῖς
638 865 920 922 αι’χμαλιῦτοις
947 868 1065 920 ἔταξε
1094 868 1173 918 τὰς
1202 869 1426 919 κατοικίας.
1466 867 1596 921 αὐτὸς

39 941 85 977 10
96 936 143 978 δὲ
177 933 200 979 ὃ
228 933 624 994 Ναβουχοδονόσωρ
659 937 703 979 ἐκ
736 941 821 980 τῶν
847 935 1051 996 λαφύρων
1078 936 1128 982 τό
1159 955 1205 982 τε
1227 936 1372 995 Βήλου
1391 938 1502 996 ἱερὸν
1523 941 1594 982 καὶ

94 1006 150 1049 τὰ
169 1005 295 1049 λοιπὰ
316 1007 548 1064 φιλοτίμως
564 1003 805 1062 κοσμήσας,
842 1005 920 1064 τήν
938 1025 983 1052 τε
1001 1005 1275 1066 ὑπάρχουσαν
1297 1009 1341 1060 ἐξ
1363 1007 1495 1065 ἀρχῆς
1513 1007 1594 1052 πό-

91 1080 157 1119 λιν
166 1078 234 1119 καὶ
251 1074 396 1133 ἑτέραν
415 1075 574 1128 ἔξωθεν
584 1076 1083 1135 προσκαταχαρισάμενος
1104 1080 1173 1122 καὶ
1192 1078 1465 1130 ἇνακαινίσας
1484 1079 1594 1136 πρὸς

91 1146 143 1189 τὸ
172 1144 319 1202 μηκέτι
349 1143 564 1190 δύνασθαι
590 1145 691 1197 τούς
724 1151 1052 1205 πολιορκοῦντας
1079 1147 1155 1192 τὸν
1180 1148 1372 1204 ποταμὸν
1388 1147 1591 1206 ἀναστρέ-
1619 1155 1657 1191 Ρ.
1679 1156 1750 1194 221

91 1232 253 1275 φοντας
270 1215 335 1259 ἐπὶ
357 1214 435 1277 τὴν
451 1213 573 1260 πόλιν
593 1215 936 1272 κατασκευάζειν,
973 1216 1277 1276 ὖπερεβάλλετο
1296 1225 1405 1277 τρεῖς
1419 1218 1498 1274 μὲν
1515 1223 1594 1275 τῆς

34 1290 80 1328 15
93 1285 214 1330 ἔνδον
240 1283 398 1337 πόλεως
424 1285 695 1344 περιβόλους,
732 1295 842 1345 τρεῖς
862 1289 909 1332 δὲ
927 1293 1003 1345 τῆς
1020 1288 1113 1340 ἔξω.
1150 1286 1312 1333 τούτων
1332 1289 1380 1332 δὲ
1399 1288 1501 1340 τοὺς
1514 1290 1593 1344 μέν

89 1357 136 1408 ἐξ
158 1355 293 1412 ὀπτῆς
314 1357 496 1400 πλίνθου
518 1358 588 1400 καὶ
611 1355 858 1415 ἀσφάλτου,
893 1358 994 1410 τούς
1016 1361 1062 1402 δὲ
1083 1359 1128 1410 ἐξ
1147 1358 1281 1415 αὐτῆς
1297 1362 1375 1415 τῆς
1393 1360 1588 1403 πλίνθου.

88 1427 160 1470 καὶ
189 1428 370 1482 τειχίσας
397 1424 623 1490 ἀξιολογως
662 1427 740 1484 τὴν
768 1426 889 1472 πόλιν
918 1430 988 1472 καὶ
1016 1428 1118 1480 τούς
1147 1433 1341 1479 πυλῶνας
1373 1426 1592 1485 κοσμήσας

88 1497 343 1554 ἱεροπρεπῶς
371 1494 729 1555 προκατεσκεύασε
758 1505 848 1550 τοῖς
876 1506 1093 1557 πατρικοῖς
1112 1500 1342 1553 βασιλείοις
1362 1497 1482 1554 ἕτερα
1503 1502 1591 1553 βα-

88 1568 222 1610 σίλεια
241 1564 416 1622 ἐχόμενα
435 1567 613 1620 ἐκείνων,
647 1565 754 1624 ὑπὲρ
774 1562 832 1611 ὧν
849 1567 896 1612 τὸ
916 1569 994 1624 μὲν
1011 1567 1235 1625 ἀνάστημα
1255 1570 1324 1610 καὶ
1340 1566 1418 1624 τὴν
1436 1567 1589 1624 λοιπὴν

29 1637 356 1682 Ξοπολυτέλειαν
372 1636 536 1694 μακρὸν
557 1636 659 1688 ἴσως
680 1636 796 1681 ἕσται
814 1635 887 1682 ἐάν
903 1655 967 1689 τις
983 1639 1190 1695 ἐξηγῆται,
1211 1637 1320 1694 πλὴν
1337 1636 1439 1681 ὄντα
1458 1635 1589 1696 ὑπερ-

180 1726 214 1761 1.
250 1723 643 1772 Ναβουχοδονόσορος
674 1725 724 1761 G.
839 1726 876 1762 5.
909 1721 1068 1772 ὁρμίσας
1091 1726 1136 1761 Α.
1260 1726 1294 1762 8.
1318 1721 1524 1770 ὁλοκλήρου
1541 1725 1588 1761 Β.

181 1769 392 1819 ὁλοκλήρως
415 1773 466 1807 G.
566 1775 603 1809 9.
627 1771 699 1818 τὴν
715 1775 914 1809 κατοικίαν
940 1774 989 1808 G.
1093 1774 1152 1809 11.
1176 1771 1365 1818 κοσμήσας
1385 1771 1427 1806 Β.
1452 1773 1587 1818 κοσμί-

179 1831 249 1862 σοις
275 1820 322 1856 G.
447 1821 503 1855 12.
534 1819 985 1867 προσκαταχαρησᾶμενος
1013 1821 1057 1856 Β.
1088 1819 1514 1866 προσκαταχρησᾰμενος
1541 1821 1587 1854 Α.

178 1865 583 1914 προκαταχρησάμενος
606 1869 655 1903 G.
761 1868 1008 1909 ἀνακαινίσας
1027 1879 1072 1904 ex
1088 1867 1238 1914 Iosepho
1257 1867 1353 1901 dedi.
1381 1866 1586 1912 Legebatur

179 1911 409 1961 ἀναγκάσας.
536 1915 591 1951 14.
614 1914 853 1963 περιεβάλετο
873 1916 1053 1962 Iosephus,
1180 1917 1235 1951 17.
1259 1911 1433 1961 τειχήσας
1446 1913 1491 1950 Β.

181 1964 240 1999 18.
263 1960 605 2010 προκατεσκεύασεν
634 1963 709 1998 ΑΒ.
739 1961 1005 2001 κατεσκεύασεν
1026 1961 1076 1997 G.
1114 1960 1319 1997 Coi-rectum
1351 1972 1396 1996 ex
1422 1959 1585 2008 Iosepho.

247 2011 308 2046 20.
329 2008 479 2058 μακρόν
492 2010 536 2045 Β.
558 2007 695 2057 μικρὸν
715 2011 764 2048 G.

85 2078 290 2123 donosorus,
316 2080 493 2126 rebusque
509 2092 574 2126 per
590 2082 788 2128 Aegyptum
803 2082 839 2115 et
856 2078 943 2114 alias
958 2078 1120 2125 regiones
1145 2077 1191 2114 ad
1207 2081 1353 2114 mentem
1371 2077 1583 2120 constitutis,

84 2127 306 2174 captivisque
322 2127 483 2170 Iudaeis,
511 2128 745 2163 Phoenicibus
764 2133 802 2162 et
818 2127 940 2173 Syris,
965 2138 1084 2161 earum
1101 2138 1194 2173 quae
1221 2126 1265 2161 ad
1285 2130 1485 2172 Aegyptum
1502 2130 1584 2159 suut

84 2174 284 2216 nationum,
306 2174 424 2210 valida
441 2175 584 2210 militum
606 2186 707 2210 manu
727 2174 933 2220 reliquoque
953 2179 1142 2208 commeatu
1167 2172 1309 2219 stipatis
1334 2179 1373 2208 et
1395 2172 1432 2207 iu
1460 2172 1583 2219 Baby-

84 2220 212 2256 loniam
237 2221 467 2264 deducendis,
501 2220 598 2256 fideli
624 2223 751 2268 cuique
778 2222 887 2256 amico
907 2220 1172 2262 commendatis,
1196 2220 1295 2266 ipse,
1325 2219 1447 2265 paucis
1466 2230 1582 2254 secum

84 2268 166 2302 viae
179 2268 366 2304 comitibus
383 2268 587 2314 assumptis,
612 2280 675 2314 per
698 2269 871 2303 desertum
891 2268 1102 2314 Babylonem
1120 2267 1262 2313 repetit.
1308 2266 1434 2301 Redux
1462 2266 1497 2300 iu
1516 2277 1581 2312 pa-

84 2314 190 2350 triam
215 2327 272 2350 res
297 2327 321 2350 a
346 2314 536 2350 Chaldaeis
564 2315 717 2350 feliciter
739 2315 996 2351 administratas
1013 2314 1171 2360 reperit,
1195 2318 1232 2349 et
1257 2325 1279 2348 a
1298 2313 1377 2349 viro
1402 2313 1495 2348 inter
1519 2324 1580 2347 eos

83 2361 309 2407 integerrimo
329 2368 504 2397 servatum
524 2362 593 2397 sibi
611 2374 779 2408 regnum3
803 2374 882 2397 mox
899 2366 1080 2409 paternum
1098 2361 1277 2408 imperium
1303 2360 1395 2395 omni
1414 2371 1459 2394 ex
1478 2364 1580 2404 parte

84 2413 315 2454 assequutus,
337 2408 487 2455 captivis
502 2408 710 2443 habitandas
727 2409 927 2455 provincias
945 2407 1111 2453 assignat.
1158 2408 1241 2454 Ipse
1257 2406 1579 2442 Nabuchodonosor

83 2454 229 2491 nominis
253 2466 296 2490 ac
312 2455 428 2491 famae
443 2455 620 2491 studiosus
639 2456 717 2490 Beli
743 2456 907 2502 templum
932 2461 970 2491 et
984 2455 1124 2501 publica
1140 2466 1300 2502 quaeque
1327 2465 1438 2500 opera
1464 2452 1577 2487 victo-

83 2513 159 2537 rum
175 2502 299 2548 spoliis
318 2506 420 2537 ornat
438 2508 476 2538 et
493 2508 623 2547 auget3
647 2503 827 2538 fundatam
853 2503 935 2538 olim
952 2514 975 2537 a
989 2502 1163 2549 principio
1188 2505 1333 2548 reparat
1349 2501 1489 2541 urbem,
1512 2510 1576 2532 no·

81 2559 164 2584 vam
179 2554 282 2584 extra
300 2549 429 2595 prioris
449 2550 613 2584 ambitum
634 2555 819 2584 exstruere
840 2550 999 2592 molitur,
1022 2561 1065 2584 ac
1082 2561 1127 2584 ne
1154 2549 1255 2595 aquis
1272 2559 1406 2583 sursum
1431 2556 1577 2580 revoca-

81 2595 131 2630 tis
148 2595 187 2630 in
204 2596 302 2631 urbis
322 2596 530 2641 perniciem,
552 2596 584 2630 si
604 2596 696 2631 forte
712 2596 953 2639 obsideretur,
977 2596 1118 2632 flumine
1134 2598 1253 2631 hostes
1271 2599 1475 2634 uterentur,
1498 2601 1575 2626 eam

81 2652 106 2677 a
123 2642 355 2678 fundamentis
372 2642 499 2689 erigit3
523 2649 561 2678 ct
581 2646 700 2678 ternos
727 2643 887 2687 intimae,
908 2649 1095 2689 ternosque
1114 2643 1247 2690 pariter
1265 2641 1414 2677 extimae
1434 2637 1574 2672 civitati

80 2700 254 2725 murorum
273 2690 421 2725 ambitus
438 2690 706 2736 circumposuit;
729 2696 767 2727 et
789 2703 907 2727 eorum
926 2691 1066 2738 quidem
1084 2691 1221 2737 aliquos
1247 2700 1293 2724 ex
1317 2686 1425 2721 coctis
1450 2684 1575 2738 lateri-

80 2735 147 2773 bus
165 2741 204 2771 et
231 2736 418 2779 bitumine,
441 2737 531 2771 alios
554 2736 639 2772 solis
676 2738 847 2774 lateribus
869 2738 1056 2785 compegit.
1115 2738 1189 2772 Iam
1222 2747 1306 2771 vero
1331 2733 1474 2767 civitate
1496 2741 1573 2764 suis

79 2783 259 2818 moenibus
283 2783 564 2826 circumvallata,
588 2784 769 2831 portisque
795 2797 896 2821 sacro
922 2785 1134 2831 decentique
1159 2795 1254 2818 more
1274 2778 1477 2829 adornatis,
1508 2787 1572 2822 pa-

79 2834 204 2866 ternae
220 2830 342 2876 regiae
358 2842 483 2865 novam
501 2831 605 2866 aliam
625 2831 817 2879 adiungere
833 2832 1043 2878 aggreditur
1054 2857 1066 2874 ,
1088 2830 1185 2866 cuius
1205 2825 1431 2873 amplitudine
1450 2827 1489 2858 et
1506 2834 1572 2857 va-

78 2876 208 2912 rietate
222 2877 341 2913 forsan
367 2877 516 2912 inferior
539 2877 612 2913 erit
635 2878 744 2914 omnis
764 2885 1066 2926 quantumcunque
1082 2878 1261 2912 elaborata
1281 2870 1486 2924 descriptio,
1508 2881 1571 2904 ve-

78 2933 157 2960 rum
176 2924 293 2971 ampla
307 2924 465 2972 quamvis
490 2923 603 2962 fuerit
624 2930 663 2963 et
681 2926 836 2976 lapidum
852 2926 1020 2973 congerie
1037 2930 1173 2962 tumens
1193 2934 1235 2958 ac
1253 2918 1427 2966 superba,
1450 2916 1574 2952 ‘1¹0¹’OE

151 2983 284 3031 (ἴσως.
308 2983 500 3031 Syncellus.
522 2983 554 3020 Ι.
1234 2984 1292 3026 27
