1800 3236
594 220 1120 267 CHRONOGRAPHIA.
1518 219 1586 266 93

71 335 314 392 Βάσαντες,
346 333 587 394 Κυρτανοῖ,
623 336 889 388 Λυσιτανοὶ,
931 333 1051 378 Οὖὰκ
1067 335 1137 378 καὶ
1156 333 1197 378 οἳ
1215 326 1508 393 Βρεττανικοὶ,
1545 336 1587 380 οἳ

71 411 118 454 δὲ
144 411 189 453 ἐν
210 417 306 461 ταῖς
323 407 467 466 νήσοις
487 406 707 456 οἶκοῦντες.
745 406 789 456 ἐξ
809 405 949 449 αὐτῶν
969 403 1126 456 εἰδότες
1142 403 1373 464 γράμματά
1390 407 1491 449 εἰσιν
1513 401 1588 449 οὗ·-

26 479 28 481 ¹
68 494 160 524 τοι·
182 478 361 539 Ἴβηρες,
401 478 604 529 Λατῖνοι,
642 475 683 519 οἳ
703 477 772 519 καὶ
788 473 999 531 Ῥωμαῖοι,
1038 475 1213 528 Σπάνοι,
1243 475 1453 532 Ἓλληνες,
1474 479 1624 534 ΙΙΙῆ-Β

70 552 159 605 δοι,
193 550 411 608 Ἀρμένιοι.
460 546 548 590 ἔστι
583 546 630 590 δὲ
663 545 771 589 κατὰ
804 551 939 603 μῆκος
965 546 1018 589 τὰ
1049 545 1144 603 ὅρια
1173 546 1255 589 ἀπὸ
1280 548 1480 602 ,Μηδείας
1506 547 1586 599 ἕως

39 612 244 665 &autemst
264 621 466 665 ’.Ωκεανοῦ
495 616 549 660 τὰ
571 616 677 675 πρὸς
700 622 890 675 βορρᾶν·
929 612 1052 676 εὖρος
1081 618 1128 662 δὲ
1153 616 1236 661 ἀπὸ
1264 614 1478 669 Τανάϊδος
1503 636 1584 662 πο-

65 695 205 748 ταμοῦ
224 691 302 742 ἕως
320 689 606 738 Mamm-alac
625 692 700 744 τῆς
719 687 825 731 κατὰ
844 687 975 745 ἥλιον.

170 761 235 806 A}
257 765 395 820 χῶραι
420 760 467 803 δὲ
495 757 636 802 αὐτῶν
661 760 860 815 sufficia,
892 757 1090 811 Ἀλβανία
1103 791 1116 812 ,
1147 756 1343 817 Ἀρμενία
1362 759 1493 818 μικρὰ
1514 760 1585 802 καὶ

63 829 239 890 μεγάλη,
270 831 503 888 Ἀμαζονὶς,
541 830 840 887 Παφλαγονία,
877 829 1181 883 Καππαδοκία,
1218 831 1424 884 Γαλατία,
1460 833 1581 875 Κολ-

60 905 143 959 χὶς,
182 901 441 960 Βοσπορινὴ,
468 903 680 954 ΖΙἸαιιῦτις,
719 901 891 958 Δερρὶς,
930 900 1172 956 Σαρματιά,
1212 901 1447 959 Ταυριανὴ,
1486 903 1581 945 Βα-

9 973 243 1032 1οστρανὴ,
279 973 463 1025 Σκυθία,
504 968 667 1030 Θρᾴκη,
704 971 971 1024 ΙΙΙακεδονιά,
1002 967 1165 1024 Ἑλλὰς,
1187 971 1405 1028 Θεσσαλὴ,
1441 974 1582 1016 Βοιω-
1626 964 1631 970 ’

64 1046 153 1100 τὶς,
196 1044 395 1102 Λοκρία,
450 1042 670 1092 Αἰτωλία,
704 1041 876 1097 Ἀχαία,
921 1039 1268 1097 Πελοπόννησος,
1308 1042 1576 1100 Ἀκαρνανία,

59 1101 324 1173 Ἠπειρῶτις,
355 1113 546 1171 Ἰλλυρὶς,
580 1114 802 1168 Λυχνῖτις,
835 1111 1049 1170 Ἀδριακὴ,
1088 1111 1171 1170 ἀφ’
1204 1105 1256 1168 ’ἧς
1286 1112 1335 1156 τὸ
1357 1113 1580 1172 Ἀδριακόν

63 1186 242 1243 πέλαγος
283 1181 462 1241 ἐκλήθη,
499 1183 743 1239 Καλαβρία,
776 1183 950 1237 Ἰταλία,
990 1185 1031 1226 Γ
1029 1184 1167 1236 αλλιά,
1209 1183 1435 1240 (Domuum),
1469 1187 1574 1228 Av-
1598 1188 1642 1223 V.
1668 1187 1716 1225 40

63 1258 244 1309 σιτανία,
279 1253 477 1311 Κελτικὴ,
501 1255 746 1307 ΖΠεσσαλία,
783 1254 1084 1311 Κελτογαλλία,
1111 1255 1425 1312 Σπανογαλλιά,
1458 1254 1615 1311 Ἰβη-(Σ

8 1328 134 1384 15ρία
148 1361 161 1381 ,
199 1327 366 1371 Σπανία
402 1322 428 1382 ἦ
449 1323 621 1382 μεγάλη.
660 1325 852 1368 ἐνταῦθα
884 1322 1106 1382 καταλήγει
1138 1324 1194 1368 τὰ
1218 1323 1314 1383 ὅρια
1332 1330 1408 1370 τοῦ
1425 1323 1580 1384 'Idm-9·

64 1398 143 1449 ἕως
156 1399 455 1456 ,Βρεττανικῶν
475 1393 616 1452 νήσων
634 1395 688 1438 τὰ
707 1394 811 1453 πρὸς
830 1399 995 1453 βορρᾶν
1011 1395 1235 1451 βλέποντα.
1258 1395 1338 1452 ἕχει
1358 1397 1404 1440 δὲ
1421 1394 1579 1454 νήσους

62 1469 348 1526 Βρεττανίαν,
385 1467 599 1519 Σικελίαν,
637 1465 849 1521 Εὔβοιαν,
885 1463 1052 1520 Ῥόδον,
1077 1467 1212 1520 Χίον,
1234 1467 1440 1521 Λέσβον,
1480 1465 1576 1510 Κύ-

60 1543 206 1597 θηρα,
244 1536 499 1591 Ζάκυνθον,
537 1538 860 1595 Κεφαλληνίαν,
893 1535 1068 1592 Ἰθάκην
1110 1539 1181 1580 καὶ
1217 1536 1295 1588 τὰς
1322 1534 1570 1591 Κυκλάδας,

62 1611 131 1653 καὶ
162 1609 290 1668 μέρος
319 1626 360 1651 τι
392 1611 470 1664 τῆς
493 1606 639 1658 Ἀσίας
681 1607 757 1665 τὴν
786 1607 945 1651 Ἰωνίαν
980 1606 1263 1664 καλουμένην·
1301 1607 1495 1663 ποταμὸν
1528 1608 1577 1651 δὲ

2 1688 50 1724 20
67 1682 212 1739 Τίγριν
256 1679 492 1738 διορίζοντα
535 1678 692 1734 μεταξὺ
727 1679 906 1735 ΠΙηδιάς
944 1678 1014 1721 καὶ
1045 1680 1337 1733 Βαβυλωνίας.
1392 1679 1437 1722 ἓν
1468 1676 1572 1722 τού-

89 1760 98 1769 '
156 1771 189 1805 1.
214 1764 336 1814 Ουόὶκ]
369 1761 519 1803 Οὖακαι
540 1765 702 1812 Scaliger
721 1765 757 1802 in
775 1769 897 1801 textu:
924 1762 1136 1804 Οὐακκαῖοι
1152 1766 1191 1803 in
1208 1766 1377 1815 margine.
1458 1765 1496 1805 οἳ
1514 1764 1572 1810 δὲ]

155 1815 194 1852 οἱ
214 1816 279 1852 καὶ
298 1827 343 1851 m.
451 1812 485 1851 4.
522 1815 719 1861 Μηδείας]
754 1815 912 1860 Μηδίας
932 1814 1105 1861 Scaliger.
1216 1816 1253 1851 7.
1281 1815 1456 1862 Μηδεία]
1484 1818 1573 1865 Μη-

154 1864 223 1902 δία
250 1863 411 1910 Scaliger
444 1875 479 1909 p.
511 1863 568 1899 13.
617 1872 620 1874 ’
697 1864 732 1898 ὃ.
764 1860 952 1907 Ἀμαζονὶς
988 1862 1162 1908 Scaliger.
1202 1863 1398 1908 Αμαζωνὶς
1429 1864 1478 1900 G.

155 1913 215 1948 11.
236 1908 378 1958 Ἀχαΐα]
404 1909 501 1956 Αχέα
528 1910 577 1945 G.
604 1909 743 1955 Αχαιΐα
766 1911 938 1957 Scaliger.
1036 1907 1297 1957 πελοπόνησος
1320 1913 1363 1947 A.
1443 1909 1570 1959 Ἀκαρ-

151 1959 267 1996 νανία
298 1958 472 2005 Scaliger.
507 1960 675 2004 Ακαρνία
714 1957 762 1992 G.
885 1959 942 1994 13.
975 1959 1195 1995 λυσσιτανία
1226 1959 1269 1993 A.
1387 1957 1443 1996 14.
1475 1971 1569 2005 μεσ-

153 2008 286 2044 σαλλία
308 2008 350 2042 Α.
450 2005 506 2043 15.
532 2006 690 2042 Σπανία
716 2007 760 2041 A.
784 2005 948 2041 Ισπανία
967 2007 1014 2041 G.
1120 2007 1177 2042 16.
1211 2004 1285 2052 ἔχει
1313 2007 1355 2042 A.
1391 2005 1490 2053 ἔχειν
1517 2007 1567 2043 G.

238 2055 292 2091 17.
327 2052 498 2100 Κύθηρα
518 2053 689 2099 Scaliger.
727 2051 927 2099 Κύθειραν
955 2054 1004 2088 G.
1111 2055 1169 2090 18.
1190 2054 1430 2100 -Ζάκυνθον]
1454 2052 1567 2099 §ainv-

151 2103 230 2139 θον
263 2103 306 2137 Α.
410 2104 677 2147 Κεφαλληνίαν
706 2101 879 2148 Scaliger.
919 2101 1165 2149 Κεφαληνίαν
1201 2102 1250 2137 G.
1364 2102 1568 2147 Κυκλάδας

150 2149 322 2196 Scaliger.
356 2149 584 2192 Κυκλάδους
615 2149 665 2184 G.

56 2219 279 2266 Aquitanici,
304 2219 460 2267 Illyrici,
483 2220 678 2262 Basantes,
706 2219 879 2267 Cyrtani,
904 2218 1090 2264 Lusitani,
1117 2219 1206 2256 'Vaci
1227 2222 1264 2256 et
1283 2218 1480 2256 Britannici
1504 2219 1565 2266 qui

56 2274 94 2302 et
111 2267 240 2302 insulas
260 2266 428 2304 incolunt.
477 2267 623 2303 Litteris
640 2267 733 2302 inter
750 2280 810 2302 eos
826 2274 992 2303 vacantes
1011 2271 1093 2302 sunt
1112 2266 1193 2302 isti:
1218 2268 1352 2311 Iberes,
1368 2268 1486 2303 Latini
1504 2267 1566 2313 qui

56 2320 95 2349 et
113 2315 281 2356 Romani,
306 2314 478 2361 Hispani,
507 2315 661 2357 Graeci,
686 2314 806 2358 Medi,
830 2315 996 2350 Armenii.
1042 2314 1188 2350 Limites
1217 2327 1302 2350 veto
1322 2320 1405 2350 sunt
1430 2315 1466 2351 in
1488 2315 1565 2349 lon-

55 2374 138 2407 gum
157 2373 179 2396 a
197 2361 318 2397 Media
337 2363 382 2397 ad
403 2361 652 2398 occidentalem
682 2374 847 2397 oceanum
881 2373 1112 2409 quaecunque
1147 2361 1420 2409 septentrionem
1446 2362 1563 2408 respi-

55 2408 235 2464 ciunt-:ain
259 2408 366 2444 latum
394 2409 565 2457 quicquid
590 2421 612 2445 a
635 2409 798 2446 Tanaide
823 2409 934 2445 fluvio
962 2410 1008 2445 ad
1039 2410 1245 2446 Mastusiam
1272 2409 1339 2445 soli
1365 2409 1562 2458 oppositam

53 2461 325 2549 Pornlgtldgl’ilones
343 2514 463 2538 eorum
482 2502 625 2546 Media,
651 2503 821 2546 Albania,
845 2502 1007 2538 Armenia
1025 2502 1136 2539 minor
1155 2507 1192 2539 et
1209 2503 1338 2546 maior,
1362 2503 1559 2545 Amazonis,

53 2549 295 2597 Paphlagonia
308 2576 318 2594 ,
336 2550 582 2597 Cappadocia,
604 2550 768 2593 Galatia,
794 2551 955 2593 Colchis,
978 2551 1204 2597 Bosphorus,
1230 2551 1401 2594 Maeotis,
1421 2551 1561 2593 Derris,

52 2597 247 2641 Sarmatia,
270 2598 474 2641 Tauriana,
507 2598 702 2643 Bastrana,
727 2598 1100 2645 Scythia‚vThracia,
1125 2598 1354 2642 Macedonia,
1390 2598 1560 2640 Graecia,

53 2644 263 2687 Thessalia,
293 2644 457 2688 Boeotis,
490 2645 643 2688 Locria‚
678 2645 838 2690 Aetolia,
862 2644 1018 2688 Achaia,
1042 2646 1316 2693 Peloponnesus,
1348 2645 1558 2687 Acarnania,

53 2691 207 2738 Epirus,
232 2692 427 2739 Illyricum,
452 2691 661 2738 Lychnitis,
683 2693 816 2736 Adria,
841 2705 863 2728 a
887 2705 958 2740 qua
975 2692 1062 2728 mari
1082 2692 1264 2728 Adriatico
1281 2703 1425 2734 nomen,
1451 2692 1557 2727 Cala-

51 2739 151 2782 bria,
174 2739 296 2782 Italia,
321 2739 460 2781 Gallia,
484 2739 662 2783 Thuscia,
696 2740 902 2784 Lusitania,
928 2739 1087 2783 Celtica,
1120 2740 1308 2783 Messalia,
1333 2738 1558 2784 Celtogallia‚

50 2785 341 2832 Hispanogallia,
365 2786 482 2822 Iberia
512 2792 549 2822 et
572 2799 698 2834 magna
715 2789 902 2835 Hispania.
949 2788 1019 2824 Hic
1037 2789 1168 2824 sistunt
1194 2787 1322 2822 limites
1342 2786 1489 2832 Iapheth
1518 2785 1556 2820 in

50 2832 264 2868 Britannicis
281 2833 406 2869 insulis
422 2845 515 2881 quae
539 2834 584 2869 ad
604 2836 751 2870 Boream
775 2839 939 2882 vergunt.
987 2835 1179 2871 Continent
1195 2840 1310 2870 autem
1327 2833 1459 2867 insulas
1473 2833 1555 2867 Bri-

50 2879 225 2922 tanniam,
248 2880 424 2923 Siciliam,
447 2881 625 2917 Euboeam
639 2908 651 2925 ,
675 2882 856 2926 Rhodum,
880 2882 1006 2918 Chium
1020 2909 1031 2928 ,
1054 2883 1217 2922 Lesbon,
1243 2881 1457 2928 Cytheram,
1481 2879 1553 2914 za·

49 2927 238 2973 cynthum,
274 2927 541 2975 cephaleniam,
564 2929 747 2972 Ithacum,
779 2931 957 2977 Cycladas
983 2935 1021 2965 et
1040 2931 1146 2965 Asiae
1174 2934 1309 2976 partem
1343 2939 1434 2974 quae
1454 2926 1554 2962 Ionia

49 2979 215 3017 vocatur3
238 2974 382 3010 fluvium
398 2986 484 3011 vero
510 2976 641 3024 Tigrin
659 2977 814 3014 Mediam
832 2989 855 3014 a
875 2977 1070 3025 Babylonia
1097 2977 1323 3019 dividentem·
1371 2973 1439 3009 nis
1465 2985 1552 3020 ergo
