1800 3236
259 135 363 186 640
723 142 976 194 GEORGII
1001 141 1110 189 SYN
1116 143 1289 189 CELLI

258 253 537 316 φορηθέντων
568 255 637 300 καὶ
667 252 927 308 ὃοξαζόντων
947 255 1026 310 ,ἐπὶ
1057 260 1111 315 τῇ
1143 257 1359 318 μαρτυρίᾳ
1377 261 1455 302 τοῦ
1469 253 1672 313 Ἰακώβου
1696 260 1764 301 καὶ

258 324 476 384 λεγόντων,
495 325 662 371 ὥσαννὰ
675 330 734 385 τῷ
756 326 833 384 υἱῷ
846 327 1007 380 Δαβὶὸ,
1031 325 1080 370 τὸ
1105 325 1280 383 ἔμπαλιν
1300 328 1339 372 οἳ
1366 328 1486 372 αὐτοὶ
1505 335 1766 386 γραμματεῖς

259 399 329 441 καὶ
353 400 579 455 Φαρισαῖοι
596 396 702 454 πρὸς
721 393 928 452 ἀλλήλους
946 395 1097 453 ἔλεγον,
1134 403 1271 450 κακῶς
1294 396 1545 455 ἐποιήσαμεν
1562 396 1762 454 τοιαύτην

257 468 495 527 μαρτυρίαν
523 464 811 525 παρασχόντες
843 470 903 526 τῷ
935 466 1089 523 Ἰησοῦ.
1129 467 1224 512 ἀλλ’
1260 467 1493 524 ἀναβάντες
1511 465 1765 523 καταβάλω-

260 557 337 595 μεν
364 537 518 592 αὐτὸν,
555 539 626 580 ἵνα
651 536 914 596 φοβηθέντες
939 536 999 593 μὴ
1034 536 1308 583 πιστεύσωσιν
1329 539 1458 599 αὐτῷ.
1497 539 1567 582 καὶ
1585 537 1794 596 ἴκραξανό

260 609 471 666 λέγοντες,
510 603 543 652 ὦ
579 602 635 662 ὦ,
676 609 744 650 καὶ
777 605 798 650 ὅ
830 608 990 658 δίκαιος
1029 607 1274 666 ἐπλανήθη·
1311 612 1379 653 καὶ
1407 607 1657 667 ἐπλήρωσαν
1689 608 1765 664 τὴν

260 679 428 737 γραφὴν
457 679 535 735 τὴν
565 679 607 721 ἓν
629 682 689 738 τῷ
708 676 866 738 ἹΙσαΐα
885 679 1197 736 γεγραμμένην,
1238 679 1404 737 ἄρωμεν
1423 679 1496 724 τὸν
1519 680 1678 734 δίκαιον
1701 677 1766 722 ὅτι

223 748 530 806 Βὸύσχρηστος
558 746 657 805 ἡμῖν
690 749 790 792 ἐστι.
842 750 982 792 τοίνυν
1011 748 1065 792 τὰ
1098 747 1334 807 γεννήματα
1363 755 1447 794 τῶν
1473 749 1603 808 ἔργων
1634 749 1765 792 αὐτοῦ

259 817 478 878 φάγονται.
519 816 750 874 ἀναβάντες
784 813 858 862 οὖν
889 819 1121 875 κατέβαλον
1153 820 1226 863 τὸν
1259 822 1445 875 δίκαιον,
1485 822 1554 863 καὶ
1581 819 1764 878 ἤρξαντο

258 888 445 943 λιθάζειν
467 887 609 934 αὐτόν.
648 890 690 933 ἐν
711 884 737 948 ᾗ
761 891 1046 946 καταβληθεὶς
1069 890 1147 934 οὐκ
1169 890 1396 945 ἀπέθανεν,
1435 889 1543 934 ἀλλὰ
1565 892 1797 948 στραφεὶς-1

260 960 386 1017 ἔθηκε
421 960 474 1004 τὰ
503 959 661 1017 γόνατα
689 960 840 1016 λέγων,
880 965 1111 1020 παρακαλῷ
1139 959 1251 1019 κύριε
1270 962 1344 1005 θεὲ
1367 958 1521 1018 πάτερ,
1562 959 1666 1018 ἄφες
1686 960 1767 1004 αὖ-

259 1038 378 1085 τοῖς,
414 1031 462 1075 οὗ
485 1031 564 1089 γὰρ
596 1031 734 1074 οἴδασι
764 1032 810 1073 τί
833 1035 1036 1075 ποιοῦσιν.
1077 1030 1212 1082 οὕτως
1248 1032 1294 1074 δὲ
1314 1028 1767 1084 καταλιθοβολούντων

262 1100 391 1145 αὐτὸν
413 1099 471 1152 εἷς
492 1105 579 1145 τῶν
603 1101 743 1159 ἱερέων
763 1104 847 1144 τῶν
869 1101 971 1145 υἱῶν
987 1099 1158 1157 Ῥηχὰβ,
1187 1102 1282 1145 υἱοῦ
1299 1100 1508 1158 Ῥαχαεὶμ,
1547 1105 1631 1145 τῶν
1653 1118 1767 1159 μαρ-

262 1171 530 1230 τυρουμένων
558 1169 640 1214 ὖπὸ
659 1169 853 1228 Ἱερεμίου
884 1170 1026 1230 ἴκραξε
1047 1173 1199 1228 λέγων,
1237 1170 1490 1226 παύσασθε,
1528 1172 1765 1227 τι’ποιεῖτε;

257 1231 421 1298 ἐὔχεται
446 1241 552 1299 ὑπὲρ
575 1239 696 1297 ἡμῶν
717 1240 738 1286 ὅ
766 1243 938 1292 δίκαιος.
976 1243 1044 1285 καὶ
1069 1240 1214 1297 λαβών
1238 1259 1302 1293 τις
1334 1235 1580 1285 ἀπἀὐτῶν
1603 1239 1660 1292 εἷς
1681 1246 1798 1285 τῶν1

259 1314 452 1371 γναφέων
482 1311 532 1355 τὸ
561 1310 708 1366 ιξύλον,
747 1312 790 1356 ἐν
820 1305 853 1371 ᾧ
889 1311 1094 1366 ἀποπιέζει
1115 1312 1167 1356 τὰ
1187 1311 1332 1368 ἱμάτια
1346 1345 1360 1367 ,
1399 1311 1539 1369 ἤνεγκε
1563 1311 1672 1355 κατὰ
1693 1316 1769 1366 τῆς

99 1389 144 1426 P.
168 1388 238 1426 339
263 1386 447 1441 κεφαλῆς
476 1386 551 1426 τοῦ
582 1383 758 1427 δικαίου.
798 1384 866 1426 καὶ
901 1381 1036 1434 οὕτως
1066 1381 1352 1441 ἐμαρτύρησε·
1391 1385 1460 1427 καὶ
1488 1381 1662 1437 ἔθαψαν
1689 1382 1769 1425 αὖ-

255 1453 337 1498 ’τὸν
370 1455 434 1497 ἐπὶ
453 1457 512 1513 τῷ
533 1450 650 1513 τόπῳ
671 1452 787 1510 παρὰ
809 1457 869 1513 τῷ
890 1457 994 1513 ναῷ,
1033 1455 1102 1496 καὶ
1122 1453 1190 1496 ἐπ’
1214 1453 1344 1498 αὐτοῦ
1365 1451 1497 1510 στήλη
1517 1453 1629 1508 μένει
1651 1452 1769 1510 παρὰ

262 1528 323 1586 τῷ
346 1527 448 1585 ναῷ.
489 1521 653 1583 μάρτυς
680 1517 804 1575 οὗτος
831 1523 1000 1581 ἀληθὴς
1026 1523 1244 1577 Ἰουὸαιόις
1264 1542 1307 1568 τε
1331 1526 1400 1568 καὶ
1411 1523 1582 1580 Ἕλλησι
1604 1523 1768 1581 γεγένη-

360 1645 396 1685 4.
421 1643 694 1696 καταβάλωμεν
713 1649 756 1684 Β.
779 1645 1069 1696 καταβάλλωμεν
1087 1648 1136 1684 G.
1251 1650 1284 1686 6.
1309 1646 1374 1685 mxl
1394 1647 1428 1694 ὁ]
1455 1646 1520 1684 καὶ
1538 1656 1604 1683 om.
1625 1645 1675 1683 G.

357 1730 394 1767 7.
419 1730 472 1778 τῷ
495 1741 560 1765 om.
579 1732 628 1766 G.
724 1732 759 1767 8.
786 1728 1018 1781 δύσχρηστος
1035 1731 1111 1768 ΒΡ.
1137 1726 1357 1777 δύσχριστος
1372 1730 1421 1768 G.
1524 1704 1717 1777 γεῖήματα
1727 1728 1770 1764 Α.

357 1776 550 1824 γενήματα
572 1779 615 1814 Β.
719 1775 857 1824 αὐτοῦ]
886 1778 1013 1815 αὐτῶν
1035 1779 1076 1813 Α.
1171 1780 1205 1814 9.
1231 1777 1422 1824 φάγονται
1441 1778 1484 1814 Β.
1514 1776 1714 1824 φάγωνται
1726 1776 1771 1811 A.

358 1824 541 1871 φάγωμεν
560 1827 608 1861 G.
714 1823 799 1871 οὖν]
827 1825 867 1863 δὲ
892 1828 940 1863 G.
1043 1824 1271 1873 κατέβαλλον
1290 1827 1338 1861 G.
1451 1827 1507 1861 12.
1533 1825 1579 1862 οὐ
1600 1823 1671 1872 γάρ
1698 1820 1771 1859 οὐκ

359 1873 489 1909 οἴδασι
507 1874 553 1908 G.
661 1868 762 1910 οὕτω
785 1874 833 1908 G.
943 1875 1000 1911 13.
1028 1874 1105 1909 τῶν
1125 1873 1236 1919 υἱῶν]
1262 1873 1325 1909 καὶ
1344 1872 1420 1909 τῶν
1435 1873 1532 1909 υἱοῖν
1551 1873 1597 1908 G.
1703 1869 1771 1917 ῥη-

358 1918 433 1967 χοὶβ
452 1921 493 1955 Β.
520 1918 633 1969 ῥιχὸιβ
649 1922 691 1956 Α.
720 1920 842 1969 Ρεχοὶβ
854 1922 902 1955 G.
998 1919 1154 1968 ῥαχαεὶμ
1166 1921 1241 1958 BP.
1266 1919 1425 1968 Ραχαὴμ,
1443 1921 1492 1956 G.
1589 1918 1646 1956 14.
1670 1917 1771 1954 παύ-

359 1970 505 2004 σασθαι
520 1969 562 2003 Β.
685 1970 742 2006 17.
775 1966 1060 2015 μεμαρτύρηκεν
1089 1970 1138 2004 G.
1256 1971 1312 2008 18.
1344 1967 1452 2016 παρά
1470 1986 1518 1994 -
1533 1965 1639 2014 μένει
1663 1963 1771 2013 παρὰ

362 2015 444 2058 add.
468 2016 515 2052 B.
619 2017 676 2053 19.
701 2018 755 2066 τῷ
774 2018 855 2065 ναῷ
875 2017 918 2052 Β.
943 2018 1014 2054 τοῦ
1031 2018 1131 2054 ναοῦ
1154 2017 1203 2053 G.

268 2131 466 2177 impellente
490 2131 688 2168 testimonio
718 2135 891 2170 canebant
917 2133 1097 2170 dicentes:
1120 2134 1266 2169 Osanna
1289 2132 1361 2168 filio
1381 2131 1512 2167 David.
1558 2131 1652 2166 Tum
1682 2130 1772 2165 scri-

270 2178 337 2214 bae
358 2183 394 2213 et
418 2179 601 2215 Pharisaei
626 2181 747 2216 habito
776 2182 821 2216 ad
843 2182 993 2217 invicem
1021 2181 1212 2228 colloquio:
1240 2182 1304 2216 hoc
1325 2172 1414 2215 noh‘
1474 2177 1655 2221 'aruinum
1680 2177 1771 2212 male

271 2226 485 2271 consultum,
509 2232 550 2262 ut
568 2227 735 2262 eiusmodi
756 2229 838 2264 fidei
859 2228 1090 2264 testimonium
1120 2228 1176 2263 edi
1196 2228 1378 2274 disponer*
1492 2240 1495 2244 ’
1515 2228 1660 2260 1'1ursum
1682 2237 1771 2270 ergo

271 2271 524 2308 adscendentes
542 2275 769 2321 praecipitem
788 2288 927 2321 agamus
939 2302 950 2318 ‚
978 2281 1018 2310 ut
1038 2275 1247 2311 adstantium
1269 2278 1362 2308 metu
1375 2298 1386 2316 ‚
1408 2303 1413 2306 ,
1461 2292 1496 2306 e„
1516 2268 1686 2308 eYusmodi
1706 2284 1771 2318 pe-

269 2319 364 2355 nitus
389 2319 590 2365 dissipetur.
638 2322 755 2368 Igitur
782 2323 990 2365 vociferati,
1023 2323 1115 2365 vah,
1148 2322 1240 2364 vah,
1263 2320 1426 2367 inquiunt
1442 2345 1454 2362 ‚
1477 2320 1594 2355 Iustus
1620 2318 1768 2354 erravit.

268 2366 320 2401 Et
338 2365 571 2411 impleverunt
588 2371 680 2415 apud
698 2368 839 2404 Esaiam
861 2370 1027 2415 scriptum
1052 2380 1268 2403 sermonem:
1294 2368 1467 2429 tollamus,
1491 2367 1602 2409 aiunt,
1623 2366 1772 2408 Iustum,

269 2412 352 2459 quia
373 2412 558 2459 improbus
585 2421 621 2450 et
647 2416 815 2451 adversus
842 2416 941 2451 nobis
969 2420 1035 2451 est.
1083 2416 1240 2462 Operum
1270 2414 1346 2450 eius
1371 2414 1526 2465 &pf-guina
1553 2413 1770 2448 devoremus.

268 2459 327 2495 Illi
347 2460 475 2507 templo
496 2473 704 2506 conscenso,
729 2463 859 2497 Iustum
877 2475 921 2498 ex
941 2475 982 2498 eo
1002 2463 1232 2509 praecipitem
1253 2456 1311 2508 εἰς,
1345 2461 1697 2506 αιιῐ,ὀειάειιῐεωᾳιιε
1717 2459 1772 2494 la-

268 2506 411 2553 pidibus
429 2512 678 2544 mactaverunt.
716 2510 756 2544 In
773 2514 903 2545 terram
922 2521 1091 2557 praeceps
1110 2510 1228 2556 lapsus
1244 2509 1390 2544 animam
1406 2507 1587 2544 confestim
1605 2519 1673 2542 non
1689 2506 1774 2541 red-

271 2553 384 2597 didit3
408 2566 515 2602 quare
531 2555 568 2590 in
589 2556 769 2592 adversam
793 2562 926 2603 partem
945 2569 1130 2592 conversus
1152 2557 1277 2603 positis
1293 2556 1331 2591 in
1352 2559 1480 2591 terram
1500 2554 1647 2601 genibus
1667 2553 1770 2588 dixit.

271 2600 382 2647 Rogo»
399 2605 456 2645 te,
481 2603 566 2638 deus
585 2609 708 2650 pater,
731 2604 852 2650 igosce
868 2604 949 2647 illis,
975 2604 1067 2650 quod
1088 2604 1176 2639 enim
1193 2607 1402 2651 perpetrant
1417 2601 1573 2644 facinus,
1595 2601 1778 2647 ignorant.

271 2647 346 2682 Illis
368 2652 484 2684 autem
511 2649 646 2697 lapides
670 2651 830 2686 certatim
855 2652 1094 2694 mittentibus,
1114 2652 1333 2686 sacerdotum
1359 2649 1507 2684 filiorum
1530 2648 1675 2683 Rechab
1697 2647 1772 2682 Ra-

272 2694 385 2730 chaim
401 2696 485 2739 filii,
510 2709 652 2743 quorum
681 2698 776 2733 laudi
798 2698 992 2734 Hieremias
1023 2703 1230 2741 attestatur,
1254 2696 1439 2732 nonnullus
1459 2695 1673 2730 vociferatus
1696 2699 1772 2729 est:

272 2742 456 2788 quiescite,
475 2745 560 2789 quid
578 2757 684 2791 agere
699 2745 892 2780 molimini?
919 2747 1012 2781 Orat
1029 2758 1092 2792 pro
1112 2746 1213 2780 nobis
1231 2745 1364 2780 Iustus.
1420 2742 1518 2778 Alter
1536 2754 1620 2778 vero
1635 2754 1656 2776 e
1669 2741 1774 2776 turba

274 2789 457 2833 exsiliens,
482 2791 650 2828 fullonum
668 2792 845 2828 calcandis
864 2793 1017 2828 vestibus
1041 2793 1169 2828 fustem
1187 2792 1224 2827 in
1246 2791 1333 2826 Iusti
1351 2793 1457 2837 caput
1473 2789 1643 2836 impegit3
1668 2793 1776 2834 atque

274 2835 328 2870 ita
351 2838 556 2884 martyrium
579 2839 689 2875 subiit
714 2843 750 2875 et
774 2841 810 2874 in
839 2840 993 2886 seposito
1013 2840 1132 2887 templi
1154 2840 1231 2874 loco
1250 2838 1407 2885 sepultus
1431 2844 1498 2872 est.
1544 2837 1615 2871 Hic
1635 2834 1776 2870 Iudaeis

275 2882 375 2919 velut
400 2895 444 2920 ac
462 2886 611 2922 Graecis
630 2886 721 2923 omui
743 2887 853 2924 maior
877 2886 1083 2934 exceptione
1110 2886 1214 2923 testis
1241 2891 1317 2929 est,
1339 2885 1453 2921 Iesum
1481 2896 1561 2920 esse
1583 2882 1773 2919 Christum.
