1800 3236
215 138 321 190 464
693 144 947 191 GEORGII
973 142 1264 191 SYNCELLI

110 319 112 321 r
217 260 282 303 ἐπὶ
311 256 415 310 τούς
433 260 661 310 ποιοῦντας
678 257 734 302 τὰ
759 255 859 315 ἔργα
882 257 926 301 ἓν
947 256 1047 316 οἷ’κῳ
1070 258 1229 318 κυριόυ.
1268 257 1337 301 καὶ
1358 255 1457 314 ἵστη
1473 255 1636 314 Ἰησοῦς
1655 258 1724 301 καὶ

61 337 107 374 V.
134 337 201 374 195
225 332 266 377 οἳ
298 330 383 374 υἱοὶ
415 328 546 373 αῧτοῦ
570 330 639 372 καὶ
672 328 713 372 οἳ
742 327 916 385 ἀδελφοὶ
948 326 1079 371 αὐτοῦ
1108 327 1310 386 Καδμιὴλ
1340 330 1409 372 καὶ
1429 328 1469 372 οἱ
1487 328 1570 371 υἱοὶ
1591 327 1723 377 αὐτοῦ

213 403 283 447 καὶ
323 400 363 445 οἳ
401 399 485 443 υἱοὶ
513 397 651 443 Ἰούδα
693 396 800 454 ὅμοῦ
829 401 905 441 τοῦ
936 405 1157 442 νικοποιεῖν
1188 399 1254 442 ἐπὶ
1284 398 1384 450 τοὺς
1414 402 1642 450 ποιοῦντας
1669 398 1724 442 τὰ

210 472 313 533 ,ἔργα
343 472 386 515 ἓν
412 470 511 528 οἴκῳ
532 473 609 512 τοῦ
631 473 765 522 θεοῦ,
805 467 847 511 οἳ
864 467 949 512 υἳοὶ
967 467 1174 512 Ἰωναδὰδ
1195 471 1264 513 καὶ
1289 469 1329 513 οἳ
1346 469 1431 512 υἱοὶ
1452 467 1615 520 αὐτῶν,
1654 469 1724 511 καὶ

213 545 255 589 οἳ
286 541 460 599 ἀδελφοὶ
492 539 630 582 αὐτῶν
650 539 691 582 οἳ
709 540 906 583 Λευῖται.
946 540 1016 582 καὶ
1043 535 1326 594 ἕθεμελίωσαν
1344 544 1419 583 τοῦ
1444 540 1753 595 οἲκοδομῆσαιὸ

212 614 287 659 τὸν
319 609 433 656 οἶκον
461 611 629 668 κυρίου,
670 609 834 666 δηλαδὴ
854 613 914 668 τῷ
939 608 1017 653 ἔτει
1041 613 1100 668 τῷ
1121 607 1157 666 γ’
1179 608 1326 667 Κύρου
1350 610 1632 665 ἐθεμελίωσαν
1650 609 1725 653 τὸν

161 695 165 702 ’
212 683 326 729 οἶκον
347 682 506 740 κυρίου,
545 680 726 739 δευτέρῳ
748 680 793 723 δὲ
811 684 886 736 τῆς
908 678 1153 734 ἀναβάσεως
1176 680 1329 733 αὐτῶν,
1365 678 1487 737 ἡνίκα
1509 681 1578 723 καὶ
1601 679 1726 735 ἕστη-

213 772 319 807 σαν,
361 751 418 803 ὥς
449 767 553 810 φησι
584 750 639 794 τὰ
673 748 894 794 ἀκόλουθα
922 749 1089 802 τούτοις
1115 748 1141 806 ἢ
1172 751 1346 808 δευτέρα
1381 755 1458 794 τοῦ
1477 749 1637 807 ’Έσδρα
1654 751 1725 805 βί-

178 831 209 867 C
221 830 339 882 βλος,
378 823 418 867 οἱ
439 822 558 881 ἱερεῖς
576 821 859 876 ἕστολισμένοι
878 822 920 865 ἐν
940 820 1131 878 σάλπιγξι
1149 823 1217 864 καὶ
1238 822 1276 864 οἳ
1296 822 1379 865 υἱοὶ
1393 820 1530 879 Ἀσὰφ
1553 822 1595 864 ἐν
1617 838 1726 876 κυμ-

214 894 389 952 βάλοις,
427 894 497 937 nai
518 894 667 936 πολλοὶ
690 892 768 936 σὺν
792 892 935 943 αὐτοῖς
957 894 1002 936 ἐκ
1026 897 1111 936 τῶν
1134 891 1274 949 ἱερέων
1294 893 1363 935 καὶ
1390 893 1616 944 Λευιτῶν,
1655 892 1725 933 καὶ
1738 898 1783 933 10

215 966 417 1024 ἄρχοντες
445 967 632 1021 πατριῶν
662 961 951 1021 πρεσβύτεροι,
992 963 1046 1016 οἳ,
1092 964 1234 1021 φησὶν,
1275 961 1384 1006 εἶδον
1411 961 1485 1006 τὸν
1509 959 1621 1005 οἶκον
1651 961 1725 1005 τὸν

215 1041 387 1095 πρῶτον
413 1035 456 1078 ἓν
482 1031 729 1090 θεμελιώσει
762 1033 893 1077 αὐτοῦ
914 1035 983 1077 καὶ
1005 1037 1155 1078 τοῦτον
1186 1033 1262 1076 τὸν
1283 1031 1396 1077 οἷκον
1420 1033 1463 1076 ἓν
1483 1031 1726 1091 ὀφθαλμοῖς

215 1107 386 1160 αὐτῶν,
425 1104 588 1148 ἔκλαιον
620 1105 662 1148 ἓν
688 1108 808 1163 φωνῇ
837 1102 1019 1163 μεγάλῃ,
1064 1106 1133 1147 καὶ
1174 1103 1299 1160 ὄχλος
1327 1104 1371 1147 ἓν
1404 1104 1592 1163 σημασίᾳ
1625 1101 1722 1158 μετ’

217 1173 480 1236 εὐφροσύνης
509 1178 584 1218 τοῦ
614 1173 789 1230 ὖψῶσαι
821 1172 978 1234 φωνήν.
1017 1176 1087 1218 καὶ
1112 1174 1189 1218 οὐκ
1207 1169 1259 1231 ἦν
1284 1171 1306 1218 ὃ
1327 1173 1429 1225 λαὸς
1449 1170 1727 1230 ἐπιγινώσκων

217 1247 362 1306 φωνὴν
375 1246 588 1302 σημασίας
599 1250 676 1302 τῆς
686 1243 947 1304 εὐφροσύνης
969 1243 1051 1288 ἀπὸ
1067 1249 1143 1301 τῆς
1161 1248 1307 1302 φωνῆς
1319 1248 1395 1288 τοῦ
1408 1247 1633 1299 κλαυθμοῦ
1649 1247 1724 1287 τοῦ
1740 1250 1783 1288 15

217 1322 349 1372 λαοῦ,
389 1315 453 1361 ὅτι
487 1314 508 1360 ὃ
540 1315 643 1368 λαὸς
664 1314 893 1374 ἔκραύγασε
915 1320 1035 1374 φωνῇ
1057 1313 1227 1374 μεγάλῃ.
1267 1316 1336 1358 καὶ
1358 1312 1384 1371 ἦ
1407 1314 1526 1372 φωνὴ
1548 1311 1724 1371 ἠκούετο

219 1389 298 1440 ἕως
320 1387 402 1431 ἀπὸ
421 1384 653 1445 μάκροθεν.
691 1388 760 1431 καὶ
784 1386 972 1443 ἤκουσαν
995 1387 1034 1430 οἱ
1056 1387 1282 1441 θλίβοντες
1300 1383 1463 1429 Ἰούδαν
1482 1386 1551 1429 καὶ
1572 1387 1727 1428 Βενια-

218 1460 316 1516 μίν·
354 1459 423 1502 καὶ
450 1457 505 1500 τὰ
537 1458 663 1501 λοιπὰ
694 1459 786 1516 περὶ
817 1461 902 1502 τῶν
932 1457 1227 1516 γεγραμμένων
1258 1461 1318 1516 τῷ
1338 1453 1596 1514 Μιθριδάτῃ
1620 1454 1727 1511 πρὸς

213 1527 503 1589 Ἀρθασασθά
527 1530 595 1571 καὶ
616 1535 704 1579 τοῖς
726 1528 803 1572 σὺν
824 1527 939 1588 αὐτῷ
964 1529 1162 1586 Συριστὶ,
1200 1527 1309 1571 κατὰ
1331 1526 1379 1571 τὸ
1402 1525 1506 1570 αὐτὸ
1532 1523 1727 1583 δηλονότι

181 1600 317 1652 Βὲτος
358 1601 499 1658 τρίτον
541 1597 717 1657 Κύρου,
756 1603 832 1643 τοῦ
871 1596 1123 1643 παύσασθαι
1157 1597 1256 1649 τοὺς
1292 1599 1620 1654 οῗκοδομοῦντας
1652 1595 1784 1640 τὸν20

219 1669 337 1715 ναόν.
370 1670 659 1727 Ἀρθασασθιὶ
691 1670 736 1714 δὲ
755 1669 1111 1728 καὶἈρταξὲρξην
1132 1669 1203 1713 ἕνα
1223 1668 1296 1713 τὸν
1317 1667 1445 1712 αὐτὸν
1464 1665 1726 1723 ὑποληπτέον

220 1744 443 1801 Περσικῶς
465 1738 745 1798 καλούμενον,
784 1743 933 1800 Κῦρον
959 1741 1004 1784 δὲ
1023 1738 1255 1797 Ἑλληνιστὶ
1281 1737 1500 1798 λεγόμενον
1506 1772 1521 1793 ,
1557 1738 1631 1782 τὸν
1658 1738 1728 1781 καὶ

313 1851 351 1890 4.
379 1849 550 1889 Ἠνοιδάδ
577 1853 704 1888 Esdra.
824 1852 857 1889 6,
881 1852 1031 1900 κυρίου]
1055 1853 1127 1890 τοῦ
1150 1852 1249 1889 θεοῦ
1275 1852 1324 1887 G.
1452 1849 1526 1887 ἔτει
1552 1850 1606 1897 τῷ
1625 1848 1658 1896 γ’
1682 1851 1727 1885 Β.

312 1900 425 1949 τρίτῳ
441 1900 514 1937 ἔτει
534 1902 581 1936 G.
678 1903 734 1938 11.
761 1901 847 1938 ἴδον
862 1902 905 1937 Β.
978 1930 983 1937 .
1002 1903 1058 1939 19.
1083 1897 1333 1946 οἷρθασαστάν
1349 1899 1394 1935 Β.
1411 1900 1667 1947 Λρθασαστᾶν
1677 1899 1725 1933 G.

383 1950 444 1986 21.
467 1950 731 1995 Αρθασασθᾶν
747 1951 796 1985 G.
920 1951 981 1987 22.
1008 1950 1210 1995 Περσικοῖς
1229 1949 1275 1984 G.

221 2055 328 2090 supra
348 2045 472 2086 natos,
497 2047 538 2079 ut
557 2043 602 2079 ad
625 2043 890 2086 aemulationem
917 2046 954 2079 et
980 2042 1112 2078 animos
1139 2042 1324 2078 sumendos
1351 2042 1584 2089 provocarent
1606 2040 1727 2075 fabros

222 2102 348 2137 operas
366 2102 447 2126 suas
467 2091 720 2127 commodantes
734 2117 744 2134 ‚
770 2091 814 2126 ad
841 2091 1084 2126 exstruendam
1103 2090 1231 2125 domini
1249 2090 1395 2126 domum.
1442 2089 1491 2124 Et
1513 2087 1612 2123 stetit
1628 2087 1726 2135 Iesus

222 2143 260 2173 et
276 2137 339 2172 filii
360 2137 436 2173 eius
453 2143 490 2173 et
507 2139 635 2174 fratres
655 2139 730 2174 eius
751 2139 910 2174 Cadmiel
931 2143 968 2173 et
985 2138 1049 2172 filii
1077 2138 1150 2172 eius
1173 2144 1210 2173 et
1231 2137 1295 2172 filii
1323 2137 1412 2171 Iuda
1433 2135 1568 2182 pariter
1595 2134 1727 2169 animos

222 2189 462 2232 sumpserunt,
487 2190 526 2220 ut
543 2190 710 2232 urgerent
734 2198 818 2229 eos,
844 2185 903 2232 qui
921 2186 1129 2221 laborabant
1149 2185 1186 2219 in
1212 2185 1311 2219 domo
1337 2183 1476 2218 domiui.
1525 2181 1605 2216 Filii
1623 2182 1728 2216 Iona-

222 2231 316 2274 dab,
340 2231 404 2266 filii
435 2244 576 2275 eorum,
601 2237 637 2268 et
661 2233 791 2268 fratres
819 2245 935 2268 eorum
960 2232 1109 2274 levitae3
1144 2237 1180 2266 et
1208 2231 1431 2266 fundamenta
1456 2229 1574 2264 domui
1599 2228 1728 2263 domini

221 2279 565 2325 super-exstruendae
580 2284 792 2326 posuerunt3
815 2279 925 2324 tertio⁴
939 2279 1107 2314 videlicet
1126 2291 1215 2314 anno
1237 2279 1324 2324 Cyri
1354 2277 1578 2312 fundamenta
1606 2276 1728 2311 domus

220 2325 350 2361 domini
376 2325 558 2370 iecerunt3
582 2328 734 2362 secundo
761 2339 846 2362 vero
865 2331 947 2373 post
969 2327 1118 2361 reditum
1139 2350 1412 2362 ..........
1460 2324 1511 2359 Et
1536 2328 1726 2367 steterunt,

220 2378 330 2420 prout
347 2373 402 2409 his
420 2386 554 2409 annexa
574 2374 724 2409 subdens
748 2374 799 2409 ait
827 2374 1001 2409 secundus
1024 2374 1160 2408 Esdrae
1189 2373 1301 2416 liber,
1334 2372 1534 2408 sacerdotes
1558 2372 1728 2408 habentes

221 2432 342 2456 sacros
361 2420 507 2456 amictus
528 2434 605 2456 cum
624 2421 719 2456 tubis
749 2426 786 2456 et
807 2421 870 2455 filii
889 2421 1007 2467 Asaph
1031 2433 1107 2456 cum
1132 2420 1310 2467 cymbalis.
1358 2419 1516 2455 Aderant
1538 2430 1623 2453 vero
1650 2429 1726 2452 cum

222 2467 275 2504 eis
296 2469 414 2515 plures
436 2480 456 2503 e
476 2468 717 2503 sacerdotibus
740 2473 776 2504 et
802 2468 939 2511 levitis,
970 2474 1006 2504 et
1034 2468 1192 2504 seniores
1219 2467 1412 2515 patriarum
1438 2465 1642 2514 praesides,
1668 2464 1728 2511 qui

221 2515 368 2599 Erimam
385 2515 526 2559 aedem,
551 2528 628 2551 cum
647 2520 776 2558 staret,
800 2515 986 2558 videraut3
1010 2516 1099 2551 hanc
1121 2528 1206 2552 vero
1230 2527 1314 2562 prae
1338 2514 1446 2550 oculis
1470 2513 1666 2554 habebant3
1691 2516 1728 2547 et

249 2563 262 2597 i
282 2562 420 2609 quidem
439 2575 526 2598 voce
550 2574 675 2608 magua
695 2563 884 2605 eiulabant,
907 2569 944 2598 et
964 2564 1110 2610 populus
1131 2576 1175 2598 ex
1193 2564 1340 2598 adverso
1360 2562 1398 2596 in
1415 2560 1571 2596 laetitiae
1591 2560 1728 2605 signum

223 2610 392 2646 clamores
412 2611 613 2653 emittebat;
639 2610 726 2645 adeo
743 2616 785 2645 ut
801 2622 920 2646 vocem
938 2611 1095 2646 laetitiae
1114 2611 1269 2657 signum,
1295 2609 1353 2645 vel
1374 2609 1556 2644 clamorem
1580 2607 1728 2642 eiulatus

223 2662 463 2704 argumentum
486 2657 579 2693 nulla
599 2657 737 2693 ratione
755 2658 907 2704 populus
935 2658 1179 2704 dignoscerem
1214 2669 1283 2694 vox
1312 2660 1426 2692 autem
1452 2654 1599 2690 confusa
1626 2665 1730 2701 quam

222 2705 427 2752 longissime
443 2705 635 2741 audiretur.
682 2705 733 2740 Et
751 2706 950 2748 audieruut,
977 2706 1039 2752 qui
1055 2705 1263 2751 affligebant
1278 2704 1398 2740 Iudam
1415 2707 1453 2738 et
1463 2700 1642 2737 Beniamin
1658 2707 1730 2736 etc.

222 2752 426 2799 Sequuntur
442 2751 567 2788 deinde
585 2764 675 2799 quae
693 2758 855 2799 spectant
880 2753 981 2788 datas
999 2753 1149 2799 Syriace
1173 2765 1195 2788 a
1213 2751 1421 2788 Mithridate
1453 2761 1495 2785 ac
1521 2748 1597 2784 eius
1622 2748 1729 2784 sociis

223 2798 362 2835 litteras
384 2800 429 2836 ad
449 2801 711 2843 Artamsstmm,
735 2799 812 2846 ipso
839 2800 995 2835 nimirum
1027 2812 1118 2836 auno
1144 2799 1231 2846 Cyri
1253 2799 1383 2842 tertio,
1418 2802 1460 2832 ut
1486 2801 1730 2832 construentes

224 2846 391 2892 templum
408 2849 453 2883 ab
480 2860 588 2894 opere
612 2847 833 2883 desisterent.
880 2848 981 2883 Unus
1000 2859 1104 2894 porro
1132 2851 1167 2882 et
1193 2847 1355 2882 idemmet
1370 2849 1583 2880 Artaxerxes
1607 2849 1644 2877 et
1660 2844 1730 2878 Ar-

224 2893 424 2932 thasasthas
447 2895 615 2939 Persice,
639 2896 782 2931 Graece
813 2895 928 2942 Cyrus
958 2895 1208 2942 nuncupandus
1234 2892 1453 2942 captivitatis
1481 2889 1730 2927 relaxationem
