1800 3236
606 171 1093 220 ‘CHRONOGRAPHI
1095 172 1148 218 A.
1536 165 1641 217 125

131 289 523 342 xawxolovffi‘y'aae,
560 289 731 344 πρῶτον
749 286 826 342 μὲν
847 281 1144 341 διαψεύδεται·
1179 286 1234 344 τῇ
1254 281 1334 342 γὰρ
1358 282 1644 346 πλεοναζούσῃ

128 363 216 403 τῶν
246 355 348 411 δύο,
387 360 465 414 τῆς
496 373 541 399 τε
573 356 682 400 κατὰ
716 356 764 400 τὸ
781 353 1006 415 Ἑβραϊκόν
1034 358 1112 412 τῆς
1136 372 1181 399 τε
1205 354 1322 413 παρὰ
1340 356 1639 414 Σαμαρείταις,

130 426 291 473 ἐκδόσει
310 431 396 472 τῶν
419 424 455 470 o'
474 426 687 485 κέχρηται,
718 425 776 478 ὥς
795 442 924 486 φησιν
947 426 991 470 ἓν
1006 429 1068 486 τῷ
1087 422 1243 487 πρώτῳ
1266 422 1377 486 λόγῳ
1390 439 1400 449 ·
1421 424 1559 477 ἄλλως
1578 442 1639 482 τε,
1669 440 1674 443 ’

130 501 168 545 εἷ
199 500 268 543 καὶ
306 494 511 554 ἂληθεύοι
529 495 797 556 χρησάμενος
816 502 869 556 τῇ
892 494 1163 555 ἐλλειπούσῃ,
1201 494 1348 555 πόρρω
1373 500 1644 554 φιλαληθοῦς

98 572 294 614 5σκοποῦ
316 568 514 626 πέπραχε.
553 573 631 625 τῆς
652 586 697 612 τε
717 567 797 626 γὰρ
818 570 911 627 περὶ
938 566 987 611 τὸ
1006 566 1266 626 θεωρητικὸν
1289 566 1441 624 ἀρετῆς
1461 564 1644 624 μεσότης

127 640 250 685 ἐστὶν.
283 636 490 695 ἀλήθεια,
527 639 606 690 τὰς
652 639 854 693 ἐλλείψεις
885 640 954 682 καὶ
988 637 1263 695 προσθέσεις,
1304 636 1362 688 ὥς
1392 639 1540 689 κακίας
1569 639 1678 682 mic

127 712 299 767 ψευδεῖς
327 706 639 768 διαφεύγουσα,
678 714 756 766 τῆς
783 710 827 752 τ’
862 704 916 753 αὖ
947 710 1040 765 περὶ
1072 708 1121 752 τὸ
1150 708 1379 767 πρακτικὸν
1399 708 1543 767 ἀρεταὶ
1563 710 1642 765 μὲν

128 780 175 825 αἱ
202 778 453 837 μεσότητες,
491 781 630 823 κακίαι
660 780 706 823 δὲ
735 778 842 838 πρὸς
872 778 1111 838 ὖφαιρέσεις
1146 773 1503 837 μεμαρτύρηνται.
1565 778 1643 824 οὐκ

127 850 215 910 “ipa
245 850 390 895 λοιπὸν
423 845 468 895 εἶ)
503 852 722 908 πεποίηκεν
740 848 1086 906 ἔξακολουθήσας
1108 848 1353 908 ε’λλειπούσῃ
1376 854 1519 908 γραφῇ
1546 852 1642 908 περὶ

71 928 116 963 10
129 921 228 973 τοὺς
243 919 435 980 χρόνους.
475 920 567 965 ἴσον
583 921 664 979 γὰρ
686 923 721 965 εἴ
742 922 811 964 καὶ
839 922 884 964 ἐκ
906 920 1131 977 διαμέτρου
1153 919 1203 964 τὸ
1226 921 1354 964 κακὸν
1371 925 1424 979 τῇ
1444 938 1486 964 τε
1502 937 1640 979 προσ-

125 990 244 1051 θήκῃ
267 992 516 1050 παρέπεται,
557 993 626 1035 καὶ
647 995 698 1050 τῇ
722 992 899 1047 ἐλλείψει
920 991 970 1035 τὸ
990 992 1163 1047 ψεῦδος.
1203 989 1476 1050 διαμαρτάνει
1498 992 1543 1035 δὲ
1561 995 1638 1036 τοῦ

127 1063 322 1120 ἀληθοῦς
341 1061 419 1106 κᾶν
439 1066 499 1122 τῷ
513 1063 642 1119 λέγειν
662 1063 854 1106 ΙΠωῢσεά
867 1062 976 1106 κατὰ
993 1062 1194 1120 Κέκροπα
1214 1062 1288 1106 τὸν
1300 1064 1431 1121 διφυῆ
1451 1059 1639 1121 πρεσβύ-

124 1151 250 1192 τερον
277 1130 447 1177 πάντων
481 1137 566 1177 τῶν
598 1132 704 1192 παρ’
732 1131 903 1191 Ἕλλησι
927 1137 1043 1177 θεῶν
1061 1134 1130 1176 καὶ
1153 1134 1424 1192 μυστηρίων,
1462 1131 1570 1184 Διός
1591 1150 1637 1177 τε

126 1204 260 1248 αὐτοῦ
279 1202 491 1262 πράξεων,
529 1202 581 1255 ἃς
600 1203 803 1262 νεωτέρας
823 1208 899 1261 τῆς
919 1204 1140 1263 Κέκροπος
1160 1201 1322 1260 ἡλικίας
1340 1203 1447 1263 παρ’
1464 1202 1639 1261 Ἕλλησι

68 1284 115 1321 15
127 1275 285 1334 πέφυκε
304 1272 408 1327 δόξα
420 1288 431 1298 ’
459 1274 534 1319 τὸν
549 1276 638 1320 Δία
652 1272 799 1334 πρώτῃ
815 1279 1023 1333 γυναικῶν
1040 1279 1210 1333 μιγῆναι
1220 1273 1363 1334 Νιόβῃ
1380 1279 1433 1334 τῇ
1448 1272 1611 1331 Ἰνάχου
1625 1289 1636 1299 ·

115 1345 283 1402 Ἴναχος
311 1346 357 1389 δὲ
387 1345 498 1389 κατὰ
529 1345 607 1402 τὴν
644 1346 854 1401 Εὖσεβιόυ
876 1343 1077 1390 σύνθεσιν
1103 1345 1209 1390 ἔτεσι
1235 1343 1272 1390 τ’
1292 1343 1527 1404 προτερεύει
1548 1345 1637 1390 Κέ-

123 1429 304 1475 κροπος·
342 1414 454 1461 οὕτω
477 1417 524 1460 δὲ
547 1416 697 1474 σχεδὸν
723 1418 793 1461 καὶ
814 1416 922 1461 κατὰ
941 1416 1015 1461 τὸν
1029 1414 1293 1476 Ἀφρικανόν.
1334 1416 1442 1461 ἀλλὰ
1462 1417 1532 1460 καὶ
1550 1416 1673 1460 avi-D

122 1487 198 1540 τὸς
230 1481 356 1538 οὗτος
388 1487 593 1543 Εὐσέβιος
632 1489 725 1546 περὶ
757 1487 865 1539 Διὸς
894 1489 965 1531 καὶ
1000 1485 1188 1544 Νιόβης,
1232 1487 1465 1544 Φορωνέως
1490 1504 1535 1530 τε
1564 1488 1636 1531 καὶ

117 1555 298 1614 Ἰνάχου,
337 1557 447 1601 κατὰ
480 1557 528 1602 τὸ
559 1555 596 1602 ν’
623 1557 716 1610 ἔτος
738 1563 813 1602 τοῦ
839 1556 995 1613 Ἰακώβ
1015 1562 1152 1602 ταῦτα
1172 1558 1384 1616 παρέθετο
1409 1558 1452 1601 ἓν
1469 1561 1530 1618 τῷ
1555 1575 1636 1601 καυ

65 1640 115 1677 20
126 1626 214 1674 νόνι
246 1627 392 1672 αὐτοῦ.
442 1628 666 1687 Φορωνεὺς
685 1622 811 1680 οὗτος
833 1626 996 1685 Ἰνάχου
1017 1629 1087 1671 καὶ
1103 1625 1270 1685 Νιόβης
1285 1631 1410 1683 παῖς,
1450 1626 1497 1679 ὃς
1515 1631 1634 1687 πρῶ-

219 1718 255 1754 6.
286 1713 488 1760 προθέσεις
522 1717 571 1755 G.
682 1718 717 1754 9.
750 1717 860 1764 περὶ]
895 1714 1001 1763 παρὰ
1025 1716 1073 1752 G.
1187 1717 1244 1753 10.
1281 1713 1462 1765 προθήκῃ
1490 1716 1538 1751 G.

217 1766 274 1800 11.
306 1763 556 1812 διαμαρτάνει
580 1765 656 1800 Bm.
694 1762 935 1813 διαμαρτάνῃ
962 1765 1010 1800 G.
1125 1764 1180 1800 12.
1211 1765 1284 1801 τοῦ
1300 1776 1366 1800 om.
1388 1765 1437 1799 G.
1541 1762 1631 1812 κᾶν]

216 1811 336 1858 Vulgo
363 1810 449 1849 κᾶν.
554 1813 610 1861 τῷ
634 1810 752 1860 λέγειν
782 1818 824 1849 A.
866 1811 910 1850 τὸ
936 1811 1053 1857 λέγειν
1075 1811 1118 1846 Β.
1170 1811 1366 1847 Articulum
1393 1823 1458 1847 om.
1488 1811 1537 1847 G.

214 1859 344 1906 μωσέα
360 1860 403 1895 Β.
497 1857 565 1897 τὸν
586 1859 765 1907 Κέκροπα
782 1862 831 1898 G.
941 1861 997 1897 15.
1037 1858 1186 1906 λέγουσι
1211 1857 1282 1918 γρὶρ
1309 1859 1373 1896 καὶ
1400 1858 1469 1896 τὸν
1490 1860 1568 1896 Δία
1585 1871 1631 1896 m.

288 1908 411 1956 υιωβῆ
432 1907 476 1943 Β.
575 1910 630 1945 17.
656 1905 774 1955 οὕτω]
813 1903 936 1950 οὕτως
956 1908 1005 1943 G.
1111 1909 1167 1944 18.
1203 1920 1317 1950 ουτος
1342 1903 1462 1951 αὐτὸς
1486 1908 1535 1943 G.

215 1956 355 2004 υιωβῆς
374 1955 432 1991 hic
451 1959 488 1990 et
506 1955 622 2002 paullo
640 1962 722 2003 post
741 1957 783 1992 B.
880 1958 939 1993 20.
970 1952 1168 2001 Φορωνεύς
1186 1953 1224 1992 δ’
1249 1967 1293 1991 m.

118 2025 190 2068 rit,
213 2025 250 2061 in
267 2026 481 2062 mendacium
500 2026 690 2073 impegisse
709 2027 946 2071 convincitur3
972 2026 1274 2074 superexcedente
1288 2024 1460 2072 siquidem
1478 2027 1629 2072 septua-

119 2073 222 2119 ginta
241 2073 476 2120 Interpretum
495 2074 628 2109 calculo
656 2086 739 2110 usus
756 2079 940 2122 utrumque
967 2074 1091 2117 alium,
1116 2085 1192 2108 cum
1221 2072 1280 2120 qui
1305 2085 1412 2120 penes
1430 2073 1627 2115 Hebraeos,

119 2127 194 2155 tum
219 2133 328 2167 penes
344 2122 601 2165 samaritanos,
625 2126 666 2157 ut
692 2128 887 2167 computum
905 2122 1067 2164 abdicat,
1091 2122 1184 2156 idem
1207 2120 1287 2167 ipse
1314 2119 1405 2156 libro
1435 2120 1545 2167 primo
1568 2123 1625 2156 te-

97 2196 106 2204 .
119 2172 246 2203 statur.
281 2171 332 2204 Ac
347 2169 430 2204 licet
448 2181 468 2204 a
483 2169 635 2204 veritate
653 2181 722 2204 non
741 2170 889 2204 alienum
905 2181 944 2204 se
960 2170 1088 2212 iactet3
1113 2167 1330 2203 deficientem
1348 2180 1391 2203 ac
1411 2168 1627 2203 imminutum

120 2219 313 2261 sequutus,
337 2227 359 2250 a
380 2228 486 2263 scopo
509 2220 626 2252 tamen
644 2217 688 2251 ad
710 2228 809 2263 quem
830 2216 906 2251 veri
923 2217 1101 2252 studiosus
1123 2215 1220 2250 dicta
1241 2215 1442 2263 scriptaque
1460 2215 1623 2257 collimat,

120 2263 269 2298 recessit
278 2275 380 2309 quam
396 2263 606 2309 longissime.
651 2263 953 2310 contemplativae
971 2264 1101 2310 quippe
1118 2263 1261 2299 virtutis
1270 2263 1440 2309 perfectio
1456 2261 1625 2298 medium-

119 2321 189 2355 que
205 2310 339 2345 veritas
359 2314 426 2353 est,
452 2311 611 2346 defectus
629 2323 871 2357 excessusque,
888 2311 986 2346 velut
1013 2311 1112 2353 vitia,
1135 2311 1388 2357 mendaciaque
1408 2321 1455 2346 ex
1475 2316 1624 2356 utroque

118 2355 233 2392 latere
246 2357 362 2392 vitare
381 2357 508 2400 solita,
533 2358 625 2393 sicut
641 2359 716 2394 eius
734 2371 824 2404 quae
852 2359 889 2393 in
910 2358 1047 2393 actione
1073 2364 1236 2393 versatur
1260 2358 1544 2405 complementum
1569 2360 1625 2392 est

118 2408 316 2450 temperata
339 2404 583 2447 mediocritas,
614 2406 659 2440 ad
685 2405 844 2441 defectus
871 2411 987 2441 autem
1014 2405 1136 2441 vitium
1160 2405 1213 2440 illi
1241 2405 1424 2440 adversum
1448 2405 1626 2440 declinare

118 2451 366 2498 praedicatur3
391 2452 554 2498 peccavit
572 2452 621 2487 ita
649 2464 693 2487 ue
716 2453 919 2488 diminutam
941 2452 1247 2499 computandorum
1269 2464 1433 2488 annorum
1457 2451 1549 2487 viam
1567 2456 1627 2485 se-

119 2503 261 2544 quutus.
309 2499 388 2533 Uno
408 2511 555 2544 namque
572 2510 626 2533 mo
653 2512 673 2534 o
694 2505 732 2534 et
747 2511 791 2536 ex
812 2512 956 2535 excessu
978 2500 1100 2536 vitium
1125 2501 1320 2547 oppositum
1348 2503 1384 2535 et
1405 2511 1448 2535 ex
1480 2499 1626 2534 defectu

118 2545 334 2580 mendacium
352 2546 588 2592 consequitur.
623 2550 654 2581 A
670 2558 755 2582 vero
775 2559 913 2594 quoque
933 2548 1075 2593 aberrat
1092 2548 1151 2583 ubi
1160 2549 1284 2584 Mosen
1301 2547 1438 2593 gemina
1451 2544 1625 2581 constanti

117 2597 246 2628 natura
260 2593 414 2640 Cecropi
432 2599 547 2628 aetate
566 2605 685 2640 parem
707 2598 815 2641 atque
834 2594 926 2630 omni
952 2596 1167 2630 Graecorum
1199 2595 1336 2629 numine
1364 2594 1421 2629 vel
1456 2592 1626 2639 religione

117 2639 276 2686 ipsisque
291 2653 313 2676 a
327 2640 412 2675 Iove
428 2641 533 2675 rebus
552 2640 676 2686 gestis,
701 2653 790 2688 quas
810 2641 979 2689 Cecropis
999 2647 1155 2689 tempore
1173 2641 1388 2678 recentiores
1406 2641 1629 2675 Graecorum

118 2687 272 2722 affirmat
296 2687 435 2734 opinio,
458 2688 563 2734 longe
580 2688 812 2734 antiquiorem
837 2689 958 2736 ponit3
982 2702 1059 2726 cum
1082 2689 1193 2736 prima
1209 2689 1431 2732 seminarum,
1459 2687 1516 2721 cui
1541 2698 1626 2721 con-

117 2732 256 2769 iunctus
271 2735 379 2771 fuerit
397 2735 551 2781 Iupiter,
574 2735 623 2770 sit
645 2736 784 2778 Niobe,
804 2736 925 2772 Inachi
941 2737 1026 2772 filia.
1072 2738 1121 2772 At
1142 2737 1315 2778 Inachus,
1340 2736 1370 2770 si
1381 2735 1487 2769 fidem
1508 2733 1624 2768 Euse-

115 2779 167 2816 bii
188 2780 306 2816 demus
326 2789 498 2829 comput0‚
517 2782 618 2818 anuis
635 2783 805 2819 trecentis
825 2785 983 2831 Cecrope
995 2785 1094 2831 prior
1120 2788 1188 2828 est,
1206 2784 1243 2818 in
1258 2795 1358 2829 quem
1379 2781 1547 2816 calculum
1566 2780 1621 2815 in-

117 2826 226 2862 clinat
250 2829 360 2864 ferme
387 2829 585 2864 Africanus.
633 2830 785 2878 Ipseque
812 2831 904 2867 idem
920 2832 1098 2868 Eusebius
1127 2843 1217 2878 quae
1246 2831 1290 2865 de
1309 2831 1395 2864 Iove
1436 2832 1472 2863 et
1491 2827 1620 2870 Niobe,

111 2873 299 2911 Phoroneo
319 2881 356 2912 et
378 2877 508 2912 Inacho
527 2878 742 2921 referuntur,
766 2878 864 2914 circa
883 2878 1206 2926 quinquagesimum
1227 2877 1333 2912 Iacob
1351 2875 1478 2911 aetatis
1493 2886 1621 2910 annum

113 2920 151 2958 in
168 2926 364 2970 temporum*
379 2924 514 2961 ratione
531 2936 554 2961 a
573 2937 612 2960 se
630 2925 772 2962 condita
787 2927 959 2973 reposuit.
1007 2927 1214 2962 Phoroneus
1238 2935 1364 2971 porro,
1387 2922 1511 2959 Inachi
1526 2921 1620 2958 Nio-

935 3055 966 3062 *-
