<?xml version="1.0" encoding="UTF-8"?>
<!DOCTYPE html PUBLIC "-//W3C//DTD XHTML 1.0 Transitional//EN"
    "http://www.w3.org/TR/xhtml1/DTD/xhtml1-transitional.dtd">
<html xmlns="http://www.w3.org/1999/xhtml" xml:lang="en" lang="en">
 <head>
  <title>
</title>
<meta http-equiv="Content-Type" content="text/html;charset=utf-8" />
  <meta name='ocr-system' content='tesseract 3.04.00' />
  <meta name='ocr-capabilities' content='ocr_page ocr_carea ocr_par ocr_line ocrx_word'/>
</head>
<body>
  <div class='ocr_page' id='page_1' title='image "./corpusscriptorum20niebuoft_0370.png"; bbox 0 0 1800 3236; ppageno 0'>
   <div class='ocr_carea' id='block_1_1' title="bbox 246 190 1286 250">
    <p class='ocr_par' dir='ltr' id='par_1_1' title="bbox 246 190 1286 250">
     <span class='ocr_line' id='line_1_1' title="bbox 246 190 1286 250; baseline 0.002 -7"><span class='ocrx_word' id='word_1_1' title='bbox 246 190 358 250; x_wconf 54' lang='lat'><strong>356,</strong></span> <span class='ocrx_word' id='word_1_2' title='bbox 715 198 970 246; x_wconf 89' lang='lat' dir='ltr'>GEORGII</span> <span class='ocrx_word' id='word_1_3' title='bbox 997 199 1286 247; x_wconf 80' lang='lat' dir='ltr'>SYNCELLl</span> 
     </span>
    </p>
   </div>
   <div class='ocr_carea' id='block_1_2' title="bbox 214 303 1800 1713">
    <p class='ocr_par' dir='ltr' id='par_1_2' title="bbox 250 303 1766 443">
     <span class='ocr_line' id='line_1_2' title="bbox 359 303 1766 373; baseline 0.003 -18"><span class='ocrx_word' id='word_1_4' title='bbox 359 303 499 363; x_wconf 67' lang='grc' dir='ltr'><em>Οὗτος</em></span> <span class='ocrx_word' id='word_1_5' title='bbox 535 308 659 368; x_wconf 64' lang='grc' dir='ltr'><em>ἔλαβε</em></span> <span class='ocrx_word' id='word_1_6' title='bbox 696 318 875 370; x_wconf 76' lang='grc' dir='ltr'><em>γυναῖκα</em></span> <span class='ocrx_word' id='word_1_7' title='bbox 910 310 1090 368; x_wconf 75' lang='grc' dir='ltr'><em>Ἰεζάβελ</em></span> <span class='ocrx_word' id='word_1_8' title='bbox 1120 313 1338 373; x_wconf 69' lang='grc' dir='ltr'><em>θυγατέρα</em></span> <span class='ocrx_word' id='word_1_9' title='bbox 1362 313 1530 359; x_wconf 72' lang='grc' dir='ltr'><strong>Ἐθαᾶλ</strong></span> <span class='ocrx_word' id='word_1_10' title='bbox 1559 314 1766 370; x_wconf 67' lang='grc' dir='ltr'><em>βασιλέως</em></span> 
     </span>
     <span class='ocr_line' id='line_1_3' title="bbox 250 382 1764 443; baseline 0.003 -17"><span class='ocrx_word' id='word_1_11' title='bbox 250 382 488 436; x_wconf 78' lang='grc' dir='ltr'><em>Σιδωνίων,</em></span> <span class='ocrx_word' id='word_1_12' title='bbox 509 383 567 425; x_wconf 66' lang='grc' dir='ltr'><strong>δι’</strong></span> <span class='ocrx_word' id='word_1_13' title='bbox 590 382 642 439; x_wconf 74' lang='grc' dir='ltr'><em>ἣν</em></span> <span class='ocrx_word' id='word_1_14' title='bbox 664 387 724 442; x_wconf 77' lang='grc' dir='ltr'><strong>τῷ</strong></span> <span class='ocrx_word' id='word_1_15' title='bbox 747 382 870 426; x_wconf 82' lang='grc' dir='ltr'><strong>Βαὰλ</strong></span> <span class='ocrx_word' id='word_1_16' title='bbox 886 385 1119 434; x_wconf 73' lang='grc' dir='ltr'><em>δουλωθεὶς</em></span> <span class='ocrx_word' id='word_1_17' title='bbox 1140 384 1216 439; x_wconf 69' lang='grc' dir='ltr'><strong>τὴν</strong></span> <span class='ocrx_word' id='word_1_18' title='bbox 1239 385 1484 440; x_wconf 70' lang='grc' dir='ltr'><em>θεοσέβειαν</em></span> <span class='ocrx_word' id='word_1_19' title='bbox 1496 387 1764 443; x_wconf 73' lang='grc' dir='ltr'><em>ἔξωρκίσατο.</em></span> 
     </span>
    </p>

    <p class='ocr_par' dir='ltr' id='par_1_3' title="bbox 247 449 1795 793">
     <span class='ocr_line' id='line_1_4' title="bbox 358 449 1766 513; baseline 0.003 -18"><span class='ocrx_word' id='word_1_20' title='bbox 358 449 466 495; x_wconf 90' lang='grc' dir='ltr'><em>Τότε</em></span> <span class='ocrx_word' id='word_1_21' title='bbox 498 455 566 496; x_wconf 85' lang='grc' dir='ltr'><strong>καὶ</strong></span> <span class='ocrx_word' id='word_1_22' title='bbox 591 453 669 509; x_wconf 83' lang='grc' dir='ltr'><strong>τὴν</strong></span> <span class='ocrx_word' id='word_1_23' title='bbox 687 451 843 511; x_wconf 77' lang='grc' dir='ltr'><em>Ἱεριχιὺ</em></span> <span class='ocrx_word' id='word_1_24' title='bbox 864 453 1088 509; x_wconf 75' lang='grc' dir='ltr'><em>ἀνέστησεν</em></span> <span class='ocrx_word' id='word_1_25' title='bbox 1105 454 1225 507; x_wconf 79' lang='grc' dir='ltr'><em>Ἀζὰν</em></span> <span class='ocrx_word' id='word_1_26' title='bbox 1245 452 1267 498; x_wconf 79' lang='grc' dir='ltr'><em>ὃ</em></span> <span class='ocrx_word' id='word_1_27' title='bbox 1290 456 1334 498; x_wconf 74' lang='grc' dir='ltr'><strong>ἐκ</strong></span> <span class='ocrx_word' id='word_1_28' title='bbox 1354 455 1553 513; x_wconf 75' lang='grc' dir='ltr'><strong>Βαιθὴλ,</strong></span> <span class='ocrx_word' id='word_1_29' title='bbox 1594 456 1766 500; x_wconf 76' lang='grc' dir='ltr'><em>ἀποθα-</em></span> 
     </span>
     <span class='ocr_line' id='line_1_5' title="bbox 247 520 1765 585; baseline 0.003 -18"><span class='ocrx_word' id='word_1_30' title='bbox 247 520 396 573; x_wconf 77' lang='grc' dir='ltr'><em>νόντος</em></span> <span class='ocrx_word' id='word_1_31' title='bbox 430 523 545 582; x_wconf 80' lang='grc' dir='ltr'><em>αὐτῷ</em></span> <span class='ocrx_word' id='word_1_32' title='bbox 579 528 654 567; x_wconf 81' lang='grc' dir='ltr'><strong>τοῦ</strong></span> <span class='ocrx_word' id='word_1_33' title='bbox 675 521 947 581; x_wconf 82' lang='grc' dir='ltr'><em>πρωτοτόκου</em></span> <span class='ocrx_word' id='word_1_34' title='bbox 974 523 1068 567; x_wconf 80' lang='grc' dir='ltr'><em>υἱοῦ</em></span> <span class='ocrx_word' id='word_1_35' title='bbox 1090 526 1132 567; x_wconf 73' lang='grc' dir='ltr'><em>ἓν</em></span> <span class='ocrx_word' id='word_1_36' title='bbox 1158 529 1218 585; x_wconf 77' lang='grc' dir='ltr'><strong>τῷ</strong></span> <span class='ocrx_word' id='word_1_37' title='bbox 1252 526 1476 582; x_wconf 76' lang='grc' dir='ltr'><em>θεμελιοῦν</em></span> <span class='ocrx_word' id='word_1_38' title='bbox 1500 526 1632 583; x_wconf 81' lang='grc' dir='ltr'><em>αὐτὴν</em></span> <span class='ocrx_word' id='word_1_39' title='bbox 1650 526 1765 582; x_wconf 70' lang='grc' dir='ltr'><strong>Ἀβι-</strong></span> 
     </span>
     <span class='ocr_line' id='line_1_6' title="bbox 250 588 1795 654; baseline 0 -16"><span class='ocrx_word' id='word_1_40' title='bbox 250 594 336 652; x_wconf 82' lang='grc' dir='ltr'><em>ρών</em></span> <span class='ocrx_word' id='word_1_41' title='bbox 367 594 436 637; x_wconf 85' lang='grc' dir='ltr'><strong>καὶ</strong></span> <span class='ocrx_word' id='word_1_42' title='bbox 458 598 533 637; x_wconf 82' lang='grc' dir='ltr'><strong>τοῦ</strong></span> <span class='ocrx_word' id='word_1_43' title='bbox 546 588 763 651; x_wconf 64' lang='grc' dir='ltr'><em>’νεωτέρου</em></span> <span class='ocrx_word' id='word_1_44' title='bbox 792 593 958 651; x_wconf 71' lang='grc' dir='ltr'><em>Σεγοῦβ</em></span> <span class='ocrx_word' id='word_1_45' title='bbox 973 595 1016 638; x_wconf 71' lang='grc' dir='ltr'><em>ἓν</em></span> <span class='ocrx_word' id='word_1_46' title='bbox 1037 599 1096 654; x_wconf 78' lang='grc' dir='ltr'><strong>τῷ</strong></span> <span class='ocrx_word' id='word_1_47' title='bbox 1119 595 1293 652; x_wconf 78' lang='grc' dir='ltr'><em>ε’φιστᾶν</em></span> <span class='ocrx_word' id='word_1_48' title='bbox 1312 596 1388 647; x_wconf 78' lang='grc' dir='ltr'><strong>τὰς</strong></span> <span class='ocrx_word' id='word_1_49' title='bbox 1409 594 1545 648; x_wconf 82' lang='grc' dir='ltr'><em>πύλας</em></span> <span class='ocrx_word' id='word_1_50' title='bbox 1565 598 1631 640; x_wconf 73' lang='grc' dir='ltr'><strong>ἐπὶ</strong></span> <span class='ocrx_word' id='word_1_51' title='bbox 1653 604 1795 652; x_wconf 83' lang='grc' dir='ltr'><em>συμ-5</em></span> 
     </span>
     <span class='ocr_line' id='line_1_7' title="bbox 249 661 1767 724; baseline 0.003 -16"><span class='ocrx_word' id='word_1_52' title='bbox 249 661 459 723; x_wconf 76' lang='grc' dir='ltr'><strong><em>πληρώσει</em></strong></span> <span class='ocrx_word' id='word_1_53' title='bbox 480 668 557 721; x_wconf 80' lang='grc' dir='ltr'><strong>τῆς</strong></span> <span class='ocrx_word' id='word_1_54' title='bbox 580 666 829 721; x_wconf 74' lang='grc' dir='ltr'><em>οἰκοδομῆς,</em></span> <span class='ocrx_word' id='word_1_55' title='bbox 867 665 975 708; x_wconf 80' lang='grc' dir='ltr'><em>κατὰ</em></span> <span class='ocrx_word' id='word_1_56' title='bbox 997 664 1074 721; x_wconf 82' lang='grc' dir='ltr'><strong>τὴν</strong></span> <span class='ocrx_word' id='word_1_57' title='bbox 1095 666 1380 722; x_wconf 74' lang='grc' dir='ltr'><em>ἒξενεχθεῖσαν</em></span> <span class='ocrx_word' id='word_1_58' title='bbox 1398 667 1468 710; x_wconf 82' lang='grc' dir='ltr'><strong>διὰ</strong></span> <span class='ocrx_word' id='word_1_59' title='bbox 1483 667 1622 724; x_wconf 80' lang='grc' dir='ltr'><em>Ἰησοῦ</em></span> <span class='ocrx_word' id='word_1_60' title='bbox 1643 669 1767 712; x_wconf 74' lang='grc' dir='ltr'><em>θείαν</em></span> 
     </span>
     <span class='ocr_line' id='line_1_8' title="bbox 249 733 370 793; baseline 0 -15"><span class='ocrx_word' id='word_1_61' title='bbox 249 733 370 793; x_wconf 79' lang='grc' dir='ltr'><em>ἀράν.</em></span> 
     </span>
    </p>

    <p class='ocr_par' dir='ltr' id='par_1_4' title="bbox 215 801 1798 1500">
     <span class='ocr_line' id='line_1_9' title="bbox 215 801 1769 866; baseline 0.006 -24"><span class='ocrx_word' id='word_1_62' title='bbox 215 808 246 842; x_wconf 85' lang='lat' dir='ltr'>C</span> <span class='ocrx_word' id='word_1_63' title='bbox 363 801 472 848; x_wconf 83' lang='grc' dir='ltr'><em>Τότε</em></span> <span class='ocrx_word' id='word_1_64' title='bbox 499 805 567 848; x_wconf 82' lang='grc' dir='ltr'><strong>καὶ</strong></span> <span class='ocrx_word' id='word_1_65' title='bbox 596 803 747 856; x_wconf 82' lang='grc' dir='ltr'><strong><em>Ἠλίας</em></strong></span> <span class='ocrx_word' id='word_1_66' title='bbox 789 802 811 849; x_wconf 83' lang='grc' dir='ltr'><strong>ὅ</strong></span> <span class='ocrx_word' id='word_1_67' title='bbox 851 805 1061 862; x_wconf 79' lang='grc' dir='ltr'><em>Θεσβίτης</em></span> <span class='ocrx_word' id='word_1_68' title='bbox 1094 804 1236 850; x_wconf 73' lang='grc' dir='ltr'><em>ἐλθὼν</em></span> <span class='ocrx_word' id='word_1_69' title='bbox 1266 804 1403 866; x_wconf 75' lang='grc' dir='ltr'><em>ᾤκησε</em></span> <span class='ocrx_word' id='word_1_70' title='bbox 1430 806 1538 851; x_wconf 82' lang='grc' dir='ltr'><em>κατὰ</em></span> <span class='ocrx_word' id='word_1_71' title='bbox 1560 807 1769 860; x_wconf 77' lang='grc' dir='ltr'><em>ἀνατολὰς</em></span> 
     </span>
     <span class='ocr_line' id='line_1_10' title="bbox 249 873 1768 938; baseline 0.002 -19"><span class='ocrx_word' id='word_1_72' title='bbox 249 873 396 934; x_wconf 71' lang='grc' dir='ltr'><em>λάθρα</em></span> <span class='ocrx_word' id='word_1_73' title='bbox 421 875 538 933; x_wconf 82' lang='grc' dir='ltr'><em>παρὰ</em></span> <span class='ocrx_word' id='word_1_74' title='bbox 561 875 634 920; x_wconf 86' lang='grc' dir='ltr'><strong>τὸν</strong></span> <span class='ocrx_word' id='word_1_75' title='bbox 652 877 883 934; x_wconf 75' lang='grc' dir='ltr'><em>χείμαρρον</em></span> <span class='ocrx_word' id='word_1_76' title='bbox 899 876 1129 934; x_wconf 70' lang='grc' dir='ltr'><em>λἀρεσθὰ,</em></span> <span class='ocrx_word' id='word_1_77' title='bbox 1160 878 1511 934; x_wconf 72' lang='grc' dir='ltr'><em>προκαταγγείλας</em></span> <span class='ocrx_word' id='word_1_78' title='bbox 1530 883 1589 938; x_wconf 78' lang='grc' dir='ltr'><strong>τῷ</strong></span> <span class='ocrx_word' id='word_1_79' title='bbox 1604 879 1768 935; x_wconf 79' lang='grc' dir='ltr'><em>Ἀχαὰβ</em></span> 
     </span>
     <span class='ocr_line' id='line_1_11' title="bbox 248 944 1797 1007; baseline 0.003 -18"><span class='ocrx_word' id='word_1_80' title='bbox 248 946 326 1003; x_wconf 74' lang='grc' dir='ltr'><strong>τὴν</strong></span> <span class='ocrx_word' id='word_1_81' title='bbox 345 951 484 1002; x_wconf 78' lang='grc' dir='ltr'><em>τριετῆ</em></span> <span class='ocrx_word' id='word_1_82' title='bbox 508 946 758 1006; x_wconf 77' lang='grc' dir='ltr'><em>ἀνομβρίαν,</em></span> <span class='ocrx_word' id='word_1_83' title='bbox 797 945 966 1005; x_wconf 77' lang='grc' dir='ltr'><em>κόραξιν</em></span> <span class='ocrx_word' id='word_1_84' title='bbox 985 944 1241 1006; x_wconf 71' lang='grc' dir='ltr'><em>ἀρτοφόροις</em></span> <span class='ocrx_word' id='word_1_85' title='bbox 1265 949 1334 990; x_wconf 83' lang='grc' dir='ltr'><strong>καὶ</strong></span> <span class='ocrx_word' id='word_1_86' title='bbox 1355 947 1635 1007; x_wconf 80' lang='grc' dir='ltr'><em>σαρκοβόροις</em></span> <span class='ocrx_word' id='word_1_87' title='bbox 1653 947 1797 1006; x_wconf 56' lang='lat' dir='ltr'><strong>{mn-l</strong></span> 
     </span>
     <span class='ocr_line' id='line_1_12' title="bbox 251 1015 1764 1078; baseline 0.002 -18"><span class='ocrx_word' id='word_1_88' title='bbox 251 1015 497 1073; x_wconf 80' lang='grc' dir='ltr'><em>ρετούμενος</em></span> <span class='ocrx_word' id='word_1_89' title='bbox 510 1031 519 1040; x_wconf 93' lang='grc'>·</span> <span class='ocrx_word' id='word_1_90' title='bbox 556 1018 816 1069; x_wconf 76' lang='grc' dir='ltr'><em>ἐκλείποντος</em></span> <span class='ocrx_word' id='word_1_91' title='bbox 836 1019 880 1061; x_wconf 78' lang='grc' dir='ltr'><strong>δὲ</strong></span> <span class='ocrx_word' id='word_1_92' title='bbox 897 1018 1012 1077; x_wconf 76' lang='grc' dir='ltr'><em>αὐτῷ</em></span> <span class='ocrx_word' id='word_1_93' title='bbox 1034 1022 1109 1062; x_wconf 82' lang='grc' dir='ltr'><strong>τοῦ</strong></span> <span class='ocrx_word' id='word_1_94' title='bbox 1125 1017 1232 1061; x_wconf 76' lang='grc' dir='ltr'><em>κατὰ</em></span> <span class='ocrx_word' id='word_1_95' title='bbox 1249 1017 1323 1062; x_wconf 80' lang='grc' dir='ltr'><strong>τὸν</strong></span> <span class='ocrx_word' id='word_1_96' title='bbox 1338 1020 1569 1078; x_wconf 75' lang='grc' dir='ltr'><em>χείμαρρον</em></span> <span class='ocrx_word' id='word_1_97' title='bbox 1590 1018 1764 1074; x_wconf 73' lang='grc' dir='ltr'><em>ὕδατος,</em></span> 
     </span>
     <span class='ocr_line' id='line_1_13' title="bbox 250 1087 1766 1146; baseline 0.001 -13"><span class='ocrx_word' id='word_1_98' title='bbox 250 1090 309 1140; x_wconf 78' lang='grc' dir='ltr'><strong>εἷς</strong></span> <span class='ocrx_word' id='word_1_99' title='bbox 344 1088 558 1146; x_wconf 53' lang='lat' dir='ltr'><strong>Stoma&amp;</strong></span> <span class='ocrx_word' id='word_1_100' title='bbox 588 1092 665 1144; x_wconf 73' lang='grc' dir='ltr'><strong>τῆς</strong></span> <span class='ocrx_word' id='word_1_101' title='bbox 700 1090 904 1140; x_wconf 83' lang='grc' dir='ltr'><em>Σιδωνίας</em></span> <span class='ocrx_word' id='word_1_102' title='bbox 934 1088 1070 1133; x_wconf 77' lang='grc' dir='ltr'><em>ἄπεισι</em></span> <span class='ocrx_word' id='word_1_103' title='bbox 1095 1092 1199 1132; x_wconf 64' lang='grc' dir='ltr'><strong>,9-εοῦ</strong></span> <span class='ocrx_word' id='word_1_104' title='bbox 1219 1087 1466 1146; x_wconf 77' lang='grc' dir='ltr'><em>προστάξει,</em></span> <span class='ocrx_word' id='word_1_105' title='bbox 1504 1092 1707 1143; x_wconf 69' lang='grc' dir='ltr'><em>ξενισθείς</em></span> <span class='ocrx_word' id='word_1_106' title='bbox 1722 1107 1766 1134; x_wconf 86' lang='grc' dir='ltr'><strong>τε</strong></span> 
     </span>
     <span class='ocr_line' id='line_1_14' title="bbox 250 1156 1767 1218; baseline 0.001 -16"><span class='ocrx_word' id='word_1_107' title='bbox 250 1158 369 1217; x_wconf 78' lang='grc' dir='ltr'><em>παρὰ</em></span> <span class='ocrx_word' id='word_1_108' title='bbox 403 1163 479 1215; x_wconf 78' lang='grc' dir='ltr'><strong>τῆς</strong></span> <span class='ocrx_word' id='word_1_109' title='bbox 501 1156 639 1216; x_wconf 81' lang='grc' dir='ltr'><em>χήρας</em></span> <span class='ocrx_word' id='word_1_110' title='bbox 673 1159 804 1204; x_wconf 75' lang='grc' dir='ltr'><em>ἔσθ-ἵει</em></span> <span class='ocrx_word' id='word_1_111' title='bbox 836 1159 913 1215; x_wconf 81' lang='grc' dir='ltr'><strong>τὴν</strong></span> <span class='ocrx_word' id='word_1_112' title='bbox 944 1157 1210 1218; x_wconf 80' lang='grc' dir='ltr'><em>μονοήμερον</em></span> <span class='ocrx_word' id='word_1_113' title='bbox 1240 1159 1372 1217; x_wconf 80' lang='grc' dir='ltr'><em>αὐτῆς</em></span> <span class='ocrx_word' id='word_1_114' title='bbox 1399 1164 1584 1218; x_wconf 77' lang='grc' dir='ltr'><em>βρῶσιν,</em></span> <span class='ocrx_word' id='word_1_115' title='bbox 1625 1158 1700 1204; x_wconf 89' lang='grc' dir='ltr'><strong>τόν</strong></span> <span class='ocrx_word' id='word_1_116' title='bbox 1722 1178 1767 1204; x_wconf 93' lang='grc' dir='ltr'><strong>τε</strong></span> 
     </span>
     <span class='ocr_line' id='line_1_15' title="bbox 250 1227 1768 1290; baseline 0.002 -18"><span class='ocrx_word' id='word_1_117' title='bbox 250 1227 450 1286; x_wconf 81' lang='grc' dir='ltr'><em>καψάκην</em></span> <span class='ocrx_word' id='word_1_118' title='bbox 471 1229 632 1287; x_wconf 79' lang='grc' dir='ltr'><em>εὐλογεΐ</em></span> <span class='ocrx_word' id='word_1_119' title='bbox 650 1229 727 1273; x_wconf 73' lang='grc' dir='ltr'><em>σὺν</em></span> <span class='ocrx_word' id='word_1_120' title='bbox 749 1234 801 1288; x_wconf 83' lang='grc' dir='ltr'><strong>τῇ</strong></span> <span class='ocrx_word' id='word_1_121' title='bbox 825 1228 953 1290; x_wconf 70' lang='grc' dir='ltr'><em>ὑδρίᾳ</em></span> <span class='ocrx_word' id='word_1_122' title='bbox 972 1234 1048 1274; x_wconf 82' lang='grc' dir='ltr'><strong>τοῦ</strong></span> <span class='ocrx_word' id='word_1_123' title='bbox 1070 1230 1210 1274; x_wconf 74' lang='grc' dir='ltr'><em>ἐλαίου</em></span> <span class='ocrx_word' id='word_1_124' title='bbox 1232 1232 1302 1273; x_wconf 84' lang='grc' dir='ltr'><strong>καὶ</strong></span> <span class='ocrx_word' id='word_1_125' title='bbox 1330 1231 1403 1274; x_wconf 84' lang='grc' dir='ltr'><strong>τὸν</strong></span> <span class='ocrx_word' id='word_1_126' title='bbox 1421 1233 1553 1274; x_wconf 83' lang='grc' dir='ltr'><em>παῖδα</em></span> <span class='ocrx_word' id='word_1_127' title='bbox 1575 1229 1768 1275; x_wconf 77' lang='grc' dir='ltr'><em>θανόντα</em></span> 
     </span>
     <span class='ocr_line' id='line_1_16' title="bbox 251 1299 1798 1360; baseline 0.003 -17"><span class='ocrx_word' id='word_1_128' title='bbox 251 1299 481 1356; x_wconf 81' lang='grc' dir='ltr'><em>ἀνίστησιν.</em></span> <span class='ocrx_word' id='word_1_129' title='bbox 521 1300 767 1344; x_wconf 67' lang='grc' dir='ltr'><em>ἐπανελθών</em></span> <span class='ocrx_word' id='word_1_130' title='bbox 799 1301 845 1343; x_wconf 79' lang='grc' dir='ltr'><strong>δὲ</strong></span> <span class='ocrx_word' id='word_1_131' title='bbox 877 1300 982 1358; x_wconf 82' lang='grc' dir='ltr'><em>πρὸς</em></span> <span class='ocrx_word' id='word_1_132' title='bbox 994 1301 1157 1357; x_wconf 74' lang='grc' dir='ltr'><strong>Ἀχαάβ</strong></span> <span class='ocrx_word' id='word_1_133' title='bbox 1174 1300 1282 1356; x_wconf 80' lang='grc' dir='ltr'><em>μετὰ</em></span> <span class='ocrx_word' id='word_1_134' title='bbox 1302 1302 1398 1360; x_wconf 88' lang='grc' dir='ltr'><strong>τριά</strong></span> <span class='ocrx_word' id='word_1_135' title='bbox 1427 1300 1497 1358; x_wconf 65' lang='grc' dir='ltr'><strong>ἔτη</strong></span> <span class='ocrx_word' id='word_1_136' title='bbox 1521 1303 1588 1345; x_wconf 81' lang='grc' dir='ltr'><strong>καὶ</strong></span> <span class='ocrx_word' id='word_1_137' title='bbox 1612 1313 1798 1347; x_wconf 70' lang='lat' dir='ltr'><strong>&lt;tvvm-1</strong></span> 
     </span>
     <span class='ocr_line' id='line_1_17' title="bbox 251 1369 1767 1430; baseline 0.002 -17"><span class='ocrx_word' id='word_1_138' title='bbox 251 1369 385 1427; x_wconf 75' lang='grc' dir='ltr'><em>τήσας</em></span> <span class='ocrx_word' id='word_1_139' title='bbox 419 1369 536 1429; x_wconf 77' lang='grc' dir='ltr'><em>αὐτῷ</em></span> <span class='ocrx_word' id='word_1_140' title='bbox 569 1369 761 1415; x_wconf 74' lang='grc' dir='ltr'><em>θάνατον</em></span> <span class='ocrx_word' id='word_1_141' title='bbox 794 1370 1029 1414; x_wconf 80' lang='grc' dir='ltr'><em>ἀπειλοῦντι</em></span> <span class='ocrx_word' id='word_1_142' title='bbox 1058 1370 1230 1430; x_wconf 83' lang='grc' dir='ltr'><em>πράττει</em></span> <span class='ocrx_word' id='word_1_143' title='bbox 1259 1371 1312 1414; x_wconf 83' lang='grc' dir='ltr'><strong>τὰ</strong></span> <span class='ocrx_word' id='word_1_144' title='bbox 1342 1372 1450 1415; x_wconf 79' lang='grc' dir='ltr'><em>κατὰ</em></span> <span class='ocrx_word' id='word_1_145' title='bbox 1485 1372 1584 1423; x_wconf 75' lang='grc' dir='ltr'><em>τούς</em></span> <span class='ocrx_word' id='word_1_146' title='bbox 1603 1375 1767 1428; x_wconf 82' lang='grc' dir='ltr'><em>ψευδο-</em></span> 
     </span>
     <span class='ocr_line' id='line_1_18' title="bbox 251 1438 1768 1500; baseline 0.001 -15"><span class='ocrx_word' id='word_1_147' title='bbox 251 1438 475 1499; x_wconf 75' lang='grc' dir='ltr'><em>προφήτας</em></span> <span class='ocrx_word' id='word_1_148' title='bbox 496 1442 564 1483; x_wconf 83' lang='grc' dir='ltr'><strong>καὶ</strong></span> <span class='ocrx_word' id='word_1_149' title='bbox 589 1441 688 1492; x_wconf 71' lang='grc' dir='ltr'><strong>’τούς</strong></span> <span class='ocrx_word' id='word_1_150' title='bbox 713 1441 831 1500; x_wconf 80' lang='grc' dir='ltr'><em>ἱερεῖς</em></span> <span class='ocrx_word' id='word_1_151' title='bbox 855 1446 940 1485; x_wconf 82' lang='grc' dir='ltr'><strong>τῶν</strong></span> <span class='ocrx_word' id='word_1_152' title='bbox 963 1440 1145 1486; x_wconf 74' lang='grc' dir='ltr'><em>εἰδώλων</em></span> <span class='ocrx_word' id='word_1_153' title='bbox 1172 1439 1242 1485; x_wconf 75' lang='grc' dir='ltr'><em>(ον’</em></span> <span class='ocrx_word' id='word_1_154' title='bbox 1270 1440 1410 1495; x_wconf 78' lang='grc' dir='ltr'><em>ὄντας,</em></span> <span class='ocrx_word' id='word_1_155' title='bbox 1449 1445 1519 1486; x_wconf 81' lang='grc' dir='ltr'><strong>καὶ</strong></span> <span class='ocrx_word' id='word_1_156' title='bbox 1541 1440 1621 1487; x_wconf 80' lang='grc' dir='ltr'><strong>ὗπό</strong></span> <span class='ocrx_word' id='word_1_157' title='bbox 1641 1441 1768 1497; x_wconf 77' lang='grc' dir='ltr'><em>Ἰεζά-</em></span> 
     </span>
    </p>

    <p class='ocr_par' dir='ltr' id='par_1_5' title="bbox 214 1510 1800 1713">
     <span class='ocr_line' id='line_1_19' title="bbox 214 1510 1769 1572; baseline 0.002 -18"><span class='ocrx_word' id='word_1_158' title='bbox 214 1514 248 1550; x_wconf 87' lang='lat' dir='ltr'>D</span> <span class='ocrx_word' id='word_1_159' title='bbox 256 1515 330 1567; x_wconf 75' lang='grc' dir='ltr'><em>βελ</em></span> <span class='ocrx_word' id='word_1_160' title='bbox 353 1512 726 1569; x_wconf 73' lang='grc' dir='ltr'><em>διατρεφομένους,</em></span> <span class='ocrx_word' id='word_1_161' title='bbox 761 1517 838 1569; x_wconf 77' lang='grc' dir='ltr'><strong>τῆς</strong></span> <span class='ocrx_word' id='word_1_162' title='bbox 858 1512 958 1564; x_wconf 76' lang='grc' dir='ltr'><em>τοὺς</em></span> <span class='ocrx_word' id='word_1_163' title='bbox 975 1514 1120 1564; x_wconf 78' lang='grc' dir='ltr'><em>θείους</em></span> <span class='ocrx_word' id='word_1_164' title='bbox 1140 1510 1365 1570; x_wconf 76' lang='grc' dir='ltr'><em>προφήτας</em></span> <span class='ocrx_word' id='word_1_165' title='bbox 1386 1511 1655 1572; x_wconf 78' lang='grc' dir='ltr'><em>ἀναιρούσης,</em></span> <span class='ocrx_word' id='word_1_166' title='bbox 1695 1513 1769 1564; x_wconf 74' lang='grc' dir='ltr'><strong>οὓς</strong></span> 
     </span>
     <span class='ocr_line' id='line_1_20' title="bbox 245 1581 1768 1642; baseline 0.001 -16"><span class='ocrx_word' id='word_1_167' title='bbox 245 1581 417 1637; x_wconf 68' lang='grc' dir='ltr'><strong>Ἅβδιού</strong></span> <span class='ocrx_word' id='word_1_168' title='bbox 454 1581 668 1636; x_wconf 72' lang='grc' dir='ltr'><em>διέσωζεν,</em></span> <span class='ocrx_word' id='word_1_169' title='bbox 707 1584 765 1634; x_wconf 80' lang='grc' dir='ltr'><strong>εἷς</strong></span> <span class='ocrx_word' id='word_1_170' title='bbox 795 1585 1055 1642; x_wconf 79' lang='grc' dir='ltr'><em>προφητείαν</em></span> <span class='ocrx_word' id='word_1_171' title='bbox 1091 1602 1134 1628; x_wconf 89' lang='grc' dir='ltr'><strong>τε</strong></span> <span class='ocrx_word' id='word_1_172' title='bbox 1171 1581 1355 1641; x_wconf 86' lang='grc' dir='ltr'><em>πρόεισιν</em></span> <span class='ocrx_word' id='word_1_173' title='bbox 1377 1583 1436 1627; x_wconf 66' lang='grc' dir='ltr'><strong>ἔτι</strong></span> <span class='ocrx_word' id='word_1_174' title='bbox 1457 1591 1557 1635; x_wconf 80' lang='grc' dir='ltr'><em>παῖς</em></span> <span class='ocrx_word' id='word_1_175' title='bbox 1575 1583 1658 1638; x_wconf 80' lang='grc' dir='ltr'><em>ὢν,</em></span> <span class='ocrx_word' id='word_1_176' title='bbox 1698 1583 1768 1628; x_wconf 77' lang='grc' dir='ltr'><strong>διὰ</strong></span> 
     </span>
     <span class='ocr_line' id='line_1_21' title="bbox 252 1651 1800 1713; baseline 0.002 -16"><span class='ocrx_word' id='word_1_177' title='bbox 252 1657 378 1697; x_wconf 80' lang='grc' dir='ltr'><em>τοῦτο</em></span> <span class='ocrx_word' id='word_1_178' title='bbox 420 1652 566 1711; x_wconf 85' lang='grc' dir='ltr'><em>καίπερ</em></span> <span class='ocrx_word' id='word_1_179' title='bbox 606 1651 738 1708; x_wconf 87' lang='grc' dir='ltr'><em>μόνος</em></span> <span class='ocrx_word' id='word_1_180' title='bbox 779 1654 824 1698; x_wconf 76' lang='grc' dir='ltr'><em>ἓν</em></span> <span class='ocrx_word' id='word_1_181' title='bbox 857 1652 1095 1713; x_wconf 67' lang='grc' dir='ltr'><em>προφήταις</em></span> <span class='ocrx_word' id='word_1_182' title='bbox 1125 1655 1170 1698; x_wconf 72' lang='grc' dir='ltr'><strong>ἐκ</strong></span> <span class='ocrx_word' id='word_1_183' title='bbox 1201 1651 1418 1712; x_wconf 82' lang='grc' dir='ltr'><em>προγόνων</em></span> <span class='ocrx_word' id='word_1_184' title='bbox 1445 1659 1677 1713; x_wconf 80' lang='grc' dir='ltr'><em>προφητῶν</em></span> <span class='ocrx_word' id='word_1_185' title='bbox 1707 1654 1800 1712; x_wconf 74' lang='grc' dir='ltr'><strong>μὴΞ</strong></span> 
     </span>
    </p>
   </div>
   <div class='ocr_carea' id='block_1_3' title="bbox 343 1762 1769 2148">
    <p class='ocr_par' dir='ltr' id='par_1_6' title="bbox 347 1762 1767 1816">
     <span class='ocr_line' id='line_1_22' title="bbox 347 1762 1767 1816; baseline -0.001 -14"><span class='ocrx_word' id='word_1_186' title='bbox 347 1767 380 1802; x_wconf 89' lang='grc'><strong>1.</strong></span> <span class='ocrx_word' id='word_1_187' title='bbox 406 1762 531 1802; x_wconf 75' lang='grc' dir='ltr'><em>ἐθαὰλ</em></span> <span class='ocrx_word' id='word_1_188' title='bbox 559 1765 602 1799; x_wconf 92' lang='grc' dir='ltr'><strong>Β.</strong></span> <span class='ocrx_word' id='word_1_189' title='bbox 636 1763 790 1802; x_wconf 58' lang='lat' dir='ltr'><strong>Alana).</strong></span> <span class='ocrx_word' id='word_1_190' title='bbox 813 1766 861 1802; x_wconf 85' lang='lat' dir='ltr'><strong>G.</strong></span> <span class='ocrx_word' id='word_1_191' title='bbox 896 1764 1082 1812; x_wconf 75' lang='grc' dir='ltr'><em>Ῑεθεβαοὶλ</em></span> <span class='ocrx_word' id='word_1_192' title='bbox 1105 1779 1149 1802; x_wconf 88' lang='lat' dir='ltr'><strong>m.</strong></span> <span class='ocrx_word' id='word_1_193' title='bbox 1272 1768 1306 1803; x_wconf 73' lang='grc' dir='ltr'><strong>Ξ.</strong></span> <span class='ocrx_word' id='word_1_194' title='bbox 1332 1765 1552 1816; x_wconf 69' lang='grc' dir='ltr'><em>θεοσέβειαν</em></span> <span class='ocrx_word' id='word_1_195' title='bbox 1571 1766 1694 1804; x_wconf 77' lang='grc' dir='ltr'><em>αὐτοῦ</em></span> <span class='ocrx_word' id='word_1_196' title='bbox 1717 1768 1767 1802; x_wconf 87' lang='lat' dir='ltr'><strong>G.</strong></span> 
     </span>
    </p>

    <p class='ocr_par' dir='ltr' id='par_1_7' title="bbox 346 1809 1769 1910">
     <span class='ocr_line' id='line_1_23' title="bbox 346 1809 1766 1864; baseline -0.001 -14"><span class='ocrx_word' id='word_1_197' title='bbox 346 1809 470 1851; x_wconf 76' lang='grc' dir='ltr'><em>αὐτοῦ</em></span> <span class='ocrx_word' id='word_1_198' title='bbox 490 1825 556 1848; x_wconf 88' lang='lat' dir='ltr'><strong>om.</strong></span> <span class='ocrx_word' id='word_1_199' title='bbox 577 1813 621 1847; x_wconf 91' lang='lat' dir='ltr'><strong>B.</strong></span> <span class='ocrx_word' id='word_1_200' title='bbox 718 1811 954 1860; x_wconf 77' lang='grc' dir='ltr'><em>ἐξωρκήσατο</em></span> <span class='ocrx_word' id='word_1_201' title='bbox 975 1816 1017 1849; x_wconf 92' lang='grc' dir='ltr'><strong>Β.</strong></span> <span class='ocrx_word' id='word_1_202' title='bbox 1112 1817 1147 1851; x_wconf 87' lang='grc'><strong>3.</strong></span> <span class='ocrx_word' id='word_1_203' title='bbox 1167 1812 1286 1860; x_wconf 74' lang='grc' dir='ltr'><em>Ἀζάν]</em></span> <span class='ocrx_word' id='word_1_204' title='bbox 1313 1815 1425 1863; x_wconf 80' lang='grc' dir='ltr'><strong>Αχιὴλ</strong></span> <span class='ocrx_word' id='word_1_205' title='bbox 1443 1828 1487 1850; x_wconf 84' lang='grc' dir='ltr'><strong>ιιι.</strong></span> <span class='ocrx_word' id='word_1_206' title='bbox 1584 1814 1705 1864; x_wconf 74' lang='grc' dir='ltr'><em>βεθῆλ</em></span> <span class='ocrx_word' id='word_1_207' title='bbox 1724 1816 1766 1850; x_wconf 87' lang='grc' dir='ltr'><strong>Β.</strong></span> 
     </span>
     <span class='ocr_line' id='line_1_24' title="bbox 417 1857 1769 1910; baseline 0.001 -14"><span class='ocrx_word' id='word_1_208' title='bbox 417 1862 451 1897; x_wconf 87' lang='lat'><strong>4.</strong></span> <span class='ocrx_word' id='word_1_209' title='bbox 476 1857 644 1908; x_wconf 75' lang='grc' dir='ltr'><em>Ἄβιρών]</em></span> <span class='ocrx_word' id='word_1_210' title='bbox 673 1858 836 1910; x_wconf 76' lang='grc' dir='ltr'><em>ἆβειρών</em></span> <span class='ocrx_word' id='word_1_211' title='bbox 855 1863 897 1896; x_wconf 88' lang='grc' dir='ltr'><strong>Β.</strong></span> <span class='ocrx_word' id='word_1_212' title='bbox 923 1861 1065 1910; x_wconf 78' lang='grc' dir='ltr'><em>Αβειροδ</em></span> <span class='ocrx_word' id='word_1_213' title='bbox 1089 1863 1138 1900; x_wconf 86' lang='lat' dir='ltr'><strong>G.</strong></span> <span class='ocrx_word' id='word_1_214' title='bbox 1251 1864 1287 1899; x_wconf 89' lang='lat'><strong>5.</strong></span> <span class='ocrx_word' id='word_1_215' title='bbox 1312 1863 1391 1909; x_wconf 81' lang='grc' dir='ltr'><strong>καὶ]</strong></span> <span class='ocrx_word' id='word_1_216' title='bbox 1419 1862 1459 1899; x_wconf 76' lang='grc' dir='ltr'><strong>δὲ</strong></span> <span class='ocrx_word' id='word_1_217' title='bbox 1479 1862 1528 1898; x_wconf 85' lang='lat' dir='ltr'><strong>G.</strong></span> <span class='ocrx_word' id='word_1_218' title='bbox 1632 1863 1769 1910; x_wconf 79' lang='grc' dir='ltr'><em>σεγοῦβ</em></span> 
     </span>
    </p>

    <p class='ocr_par' dir='ltr' id='par_1_8' title="bbox 343 1907 1766 1957">
     <span class='ocr_line' id='line_1_25' title="bbox 343 1907 1766 1957; baseline 0.003 -15"><span class='ocrx_word' id='word_1_219' title='bbox 343 1907 385 1942; x_wconf 88' lang='grc' dir='ltr'><strong>Β.</strong></span> <span class='ocrx_word' id='word_1_220' title='bbox 413 1910 561 1955; x_wconf 83' lang='grc' dir='ltr'><em>Σεγοῦν</em></span> <span class='ocrx_word' id='word_1_221' title='bbox 586 1908 635 1943; x_wconf 87' lang='lat' dir='ltr'><strong>G.</strong></span> <span class='ocrx_word' id='word_1_222' title='bbox 754 1909 830 1954; x_wconf 79' lang='grc' dir='ltr'><em>ἐπὶ]</em></span> <span class='ocrx_word' id='word_1_223' title='bbox 857 1908 897 1945; x_wconf 74' lang='grc' dir='ltr'><em>ἐν</em></span> <span class='ocrx_word' id='word_1_224' title='bbox 925 1911 971 1957; x_wconf 80' lang='grc' dir='ltr'><em>τῇ</em></span> <span class='ocrx_word' id='word_1_225' title='bbox 996 1910 1045 1947; x_wconf 87' lang='lat' dir='ltr'><strong>G.</strong></span> <span class='ocrx_word' id='word_1_226' title='bbox 1162 1911 1197 1947; x_wconf 85' lang='lat'><strong>6.</strong></span> <span class='ocrx_word' id='word_1_227' title='bbox 1221 1909 1333 1955; x_wconf 77' lang='grc' dir='ltr'><em>κατοὲ]</em></span> <span class='ocrx_word' id='word_1_228' title='bbox 1362 1909 1429 1947; x_wconf 78' lang='grc' dir='ltr'><strong>διὰ</strong></span> <span class='ocrx_word' id='word_1_229' title='bbox 1451 1912 1500 1945; x_wconf 83' lang='lat' dir='ltr'><strong>G.</strong></span> <span class='ocrx_word' id='word_1_230' title='bbox 1626 1912 1659 1947; x_wconf 87' lang='lat'><strong>8.</strong></span> <span class='ocrx_word' id='word_1_231' title='bbox 1685 1910 1766 1954; x_wconf 83' lang='grc' dir='ltr'><strong>καὶ]</strong></span> 
     </span>
    </p>

    <p class='ocr_par' dir='ltr' id='par_1_9' title="bbox 344 1953 1769 2003">
     <span class='ocr_line' id='line_1_26' title="bbox 344 1953 1769 2003; baseline 0.001 -10"><span class='ocrx_word' id='word_1_232' title='bbox 344 1953 366 1993; x_wconf 86' lang='grc' dir='ltr'>ὁ</span> <span class='ocrx_word' id='word_1_233' title='bbox 390 1956 437 1991; x_wconf 90' lang='lat' dir='ltr'><strong>G.</strong></span> <span class='ocrx_word' id='word_1_234' title='bbox 558 1958 594 1993; x_wconf 82' lang='lat'><strong>9.</strong></span> <span class='ocrx_word' id='word_1_235' title='bbox 624 1954 729 2001; x_wconf 76' lang='grc' dir='ltr'><em>παρὰ</em></span> <span class='ocrx_word' id='word_1_236' title='bbox 751 1958 794 1992; x_wconf 90' lang='grc' dir='ltr'><strong>Β.</strong></span> <span class='ocrx_word' id='word_1_237' title='bbox 827 1955 924 2001; x_wconf 78' lang='grc' dir='ltr'><em>πρὸς</em></span> <span class='ocrx_word' id='word_1_238' title='bbox 941 1959 988 1992; x_wconf 81' lang='lat' dir='ltr'><strong>G.</strong></span> <span class='ocrx_word' id='word_1_239' title='bbox 1118 1956 1291 2003; x_wconf 78' lang='grc' dir='ltr'><em>χαρεσθά</em></span> <span class='ocrx_word' id='word_1_240' title='bbox 1311 1959 1354 1992; x_wconf 88' lang='grc' dir='ltr'><strong>Β.</strong></span> <span class='ocrx_word' id='word_1_241' title='bbox 1380 1958 1550 2003; x_wconf 80' lang='grc' dir='ltr'><em>χαρεσθᾶ</em></span> <span class='ocrx_word' id='word_1_242' title='bbox 1567 1958 1610 1993; x_wconf 87' lang='grc' dir='ltr'><strong>Α.</strong></span> <span class='ocrx_word' id='word_1_243' title='bbox 1645 1958 1769 2003; x_wconf 78' lang='grc' dir='ltr'><em>Χοιρέ-</em></span> 
     </span>
    </p>

    <p class='ocr_par' dir='ltr' id='par_1_10' title="bbox 343 2002 1768 2052">
     <span class='ocr_line' id='line_1_27' title="bbox 343 2002 1768 2052; baseline 0.001 -13"><span class='ocrx_word' id='word_1_244' title='bbox 343 2005 427 2039; x_wconf 84' lang='grc' dir='ltr'><strong>σθω</strong></span> <span class='ocrx_word' id='word_1_245' title='bbox 448 2003 497 2038; x_wconf 83' lang='lat' dir='ltr'><strong>G.</strong></span> <span class='ocrx_word' id='word_1_246' title='bbox 523 2002 689 2051; x_wconf 78' lang='grc' dir='ltr'><em>Χορράθ</em></span> <span class='ocrx_word' id='word_1_247' title='bbox 711 2005 802 2050; x_wconf 81' lang='lat' dir='ltr'><strong>Reg.</strong></span> <span class='ocrx_word' id='word_1_248' title='bbox 824 2005 888 2040; x_wconf 84' lang='grc' dir='ltr'><strong>ΠΙ.</strong></span> <span class='ocrx_word' id='word_1_249' title='bbox 914 2006 969 2047; x_wconf 84' lang='grc'><strong>17,</strong></span> <span class='ocrx_word' id='word_1_250' title='bbox 986 2006 1021 2042; x_wconf 86' lang='grc'><strong>3.</strong></span> <span class='ocrx_word' id='word_1_251' title='bbox 1129 2007 1186 2042; x_wconf 78' lang='grc'><strong>12.</strong></span> <span class='ocrx_word' id='word_1_252' title='bbox 1211 2005 1391 2050; x_wconf 58' lang='lat' dir='ltr'><strong>zamma}</strong></span> <span class='ocrx_word' id='word_1_253' title='bbox 1409 2006 1499 2052; x_wconf 73' lang='lat' dir='ltr'><strong>Reg.</strong></span> <span class='ocrx_word' id='word_1_254' title='bbox 1595 2003 1652 2042; x_wconf 82' lang='lat'><strong>14.</strong></span> <span class='ocrx_word' id='word_1_255' title='bbox 1680 2006 1768 2040; x_wconf 91' lang='lat' dir='ltr'><strong>Vul-</strong></span> 
     </span>
    </p>

    <p class='ocr_par' dir='ltr' id='par_1_11' title="bbox 344 2048 1767 2148">
     <span class='ocr_line' id='line_1_28' title="bbox 344 2048 1767 2102; baseline 0.002 -16"><span class='ocrx_word' id='word_1_256' title='bbox 344 2062 391 2097; x_wconf 84' lang='lat' dir='ltr'><strong>go</strong></span> <span class='ocrx_word' id='word_1_257' title='bbox 414 2048 632 2098; x_wconf 79' lang='grc' dir='ltr'><em>καμψᾶκην.</em></span> <span class='ocrx_word' id='word_1_258' title='bbox 670 2052 876 2087; x_wconf 87' lang='lat' dir='ltr'><strong>Correctum</strong></span> <span class='ocrx_word' id='word_1_259' title='bbox 896 2064 939 2087; x_wconf 86' lang='lat' dir='ltr'><strong>ex</strong></span> <span class='ocrx_word' id='word_1_260' title='bbox 958 2052 1047 2099; x_wconf 79' lang='lat' dir='ltr'><strong>Reg.</strong></span> <span class='ocrx_word' id='word_1_261' title='bbox 1156 2053 1213 2090; x_wconf 89' lang='lat'><strong>15.</strong></span> <span class='ocrx_word' id='word_1_262' title='bbox 1238 2052 1307 2089; x_wconf 80' lang='grc' dir='ltr'><strong>τόν</strong></span> <span class='ocrx_word' id='word_1_263' title='bbox 1325 2051 1454 2102; x_wconf 81' lang='grc' dir='ltr'><em>Αχαόιβ</em></span> <span class='ocrx_word' id='word_1_264' title='bbox 1472 2054 1520 2089; x_wconf 80' lang='lat' dir='ltr'><strong>G.</strong></span> <span class='ocrx_word' id='word_1_265' title='bbox 1544 2050 1613 2092; x_wconf 82' lang='grc' dir='ltr'><strong>τὸν</strong></span> <span class='ocrx_word' id='word_1_266' title='bbox 1633 2064 1699 2090; x_wconf 90' lang='lat' dir='ltr'><strong>om.</strong></span> <span class='ocrx_word' id='word_1_267' title='bbox 1722 2054 1767 2089; x_wconf 90' lang='lat' dir='ltr'><strong>B.</strong></span> 
     </span>
     <span class='ocr_line' id='line_1_29' title="bbox 415 2095 1313 2148; baseline -0.001 -12"><span class='ocrx_word' id='word_1_268' title='bbox 415 2099 471 2136; x_wconf 89' lang='lat'><strong>19.</strong></span> <span class='ocrx_word' id='word_1_269' title='bbox 500 2095 642 2146; x_wconf 82' lang='grc' dir='ltr'><em>ἅβδιοῦ</em></span> <span class='ocrx_word' id='word_1_270' title='bbox 661 2098 833 2143; x_wconf 76' lang='grc' dir='ltr'><em>διέσωζεν</em></span> <span class='ocrx_word' id='word_1_271' title='bbox 852 2101 894 2136; x_wconf 88' lang='grc' dir='ltr'><strong>Β.</strong></span> <span class='ocrx_word' id='word_1_272' title='bbox 920 2099 1088 2148; x_wconf 80' lang='grc' dir='ltr'><em>Αβδιοὺδ</em></span> <span class='ocrx_word' id='word_1_273' title='bbox 1109 2099 1242 2145; x_wconf 76' lang='grc' dir='ltr'><em>ἔσωζεν</em></span> <span class='ocrx_word' id='word_1_274' title='bbox 1266 2101 1313 2135; x_wconf 83' lang='lat' dir='ltr'><strong>G.</strong></span> 
     </span>
    </p>
   </div>
   <div class='ocr_carea' id='block_1_4' title="bbox 247 2190 1769 2998">
    <p class='ocr_par' dir='ltr' id='par_1_12' title="bbox 250 2190 1768 2322">
     <span class='ocr_line' id='line_1_30' title="bbox 343 2190 1768 2240; baseline 0.001 -14"><span class='ocrx_word' id='word_1_275' title='bbox 343 2190 413 2226; x_wconf 90' lang='lat' dir='ltr'><strong>Hic</strong></span> <span class='ocrx_word' id='word_1_276' title='bbox 431 2191 572 2228; x_wconf 82' lang='lat' dir='ltr'><strong>lezabel</strong></span> <span class='ocrx_word' id='word_1_277' title='bbox 599 2192 779 2229; x_wconf 82' lang='lat' dir='ltr'><strong>Iethebaal</strong></span> <span class='ocrx_word' id='word_1_278' title='bbox 804 2193 899 2240; x_wconf 84' lang='lat' dir='ltr'><strong>regis</strong></span> <span class='ocrx_word' id='word_1_279' title='bbox 927 2194 1147 2230; x_wconf 83' lang='lat' dir='ltr'>Sidoniorum</span> <span class='ocrx_word' id='word_1_280' title='bbox 1172 2195 1279 2230; x_wconf 88' lang='lat' dir='ltr'><strong>filiam</strong></span> <span class='ocrx_word' id='word_1_281' title='bbox 1306 2207 1448 2231; x_wconf 87' lang='lat' dir='ltr'><strong>uxorem</strong></span> <span class='ocrx_word' id='word_1_282' title='bbox 1480 2193 1640 2240; x_wconf 84' lang='lat' dir='ltr'><strong>accepit,</strong></span> <span class='ocrx_word' id='word_1_283' title='bbox 1666 2193 1768 2229; x_wconf 78' lang='lat' dir='ltr'><strong>cuius</strong></span> 
     </span>
     <span class='ocr_line' id='line_1_31' title="bbox 250 2239 1768 2288; baseline 0.002 -15"><span class='ocrx_word' id='word_1_284' title='bbox 250 2248 355 2273; x_wconf 75' lang='lat' dir='ltr'><strong>suasu</strong></span> <span class='ocrx_word' id='word_1_285' title='bbox 372 2239 459 2273; x_wconf 84' lang='lat' dir='ltr'><strong>Baal</strong></span> <span class='ocrx_word' id='word_1_286' title='bbox 485 2239 572 2274; x_wconf 86' lang='lat' dir='ltr'><strong>idoli</strong></span> <span class='ocrx_word' id='word_1_287' title='bbox 592 2241 761 2288; x_wconf 89' lang='lat' dir='ltr'><strong>obsequio</strong></span> <span class='ocrx_word' id='word_1_288' title='bbox 782 2242 1019 2288; x_wconf 86' lang='lat' dir='ltr'><strong>mancipatus,</strong></span> <span class='ocrx_word' id='word_1_289' title='bbox 1043 2253 1176 2276; x_wconf 85' lang='lat' dir='ltr'><strong>omnem</strong></span> <span class='ocrx_word' id='word_1_290' title='bbox 1203 2242 1315 2277; x_wconf 86' lang='lat' dir='ltr'><strong>animo</strong></span> <span class='ocrx_word' id='word_1_291' title='bbox 1343 2254 1452 2278; x_wconf 85' lang='lat' dir='ltr'><strong>verae</strong></span> <span class='ocrx_word' id='word_1_292' title='bbox 1473 2241 1655 2287; x_wconf 82' lang='lat' dir='ltr'><strong>religionis</strong></span> <span class='ocrx_word' id='word_1_293' title='bbox 1683 2253 1768 2277; x_wconf 85' lang='lat' dir='ltr'><strong>sen-</strong></span> 
     </span>
     <span class='ocr_line' id='line_1_32' title="bbox 251 2285 498 2322; baseline 0.004 -2"><span class='ocrx_word' id='word_1_294' title='bbox 251 2297 325 2320; x_wconf 78' lang='lat' dir='ltr'><strong>sum</strong></span> <span class='ocrx_word' id='word_1_295' title='bbox 348 2298 410 2321; x_wconf 87' lang='lat' dir='ltr'><strong>exs</strong></span> <span class='ocrx_word' id='word_1_296' title='bbox 437 2285 498 2322; x_wconf 89' lang='lat' dir='ltr'><strong>uit.</strong></span> 
     </span>
    </p>

    <p class='ocr_par' dir='ltr' id='par_1_13' title="bbox 249 2297 1769 2475">
     <span class='ocr_line' id='line_1_33' title="bbox 344 2297 1768 2382; baseline 0.002 -15"><span class='ocrx_word' id='word_1_297' title='bbox 344 2332 400 2368; x_wconf 86' lang='lat' dir='ltr'><strong>Ea</strong></span> <span class='ocrx_word' id='word_1_298' title='bbox 413 2297 638 2379; x_wconf 43' lang='lat' dir='ltr'><strong>“tempestate</strong></span> <span class='ocrx_word' id='word_1_299' title='bbox 655 2333 779 2370; x_wconf 85' lang='lat' dir='ltr'><strong>Achiel</strong></span> <span class='ocrx_word' id='word_1_300' title='bbox 802 2334 1021 2370; x_wconf 79' lang='lat' dir='ltr'><strong>Baethelites</strong></span> <span class='ocrx_word' id='word_1_301' title='bbox 1045 2335 1227 2382; x_wconf 80' lang='lat' dir='ltr'><strong>reparavit</strong></span> <span class='ocrx_word' id='word_1_302' title='bbox 1243 2335 1415 2371; x_wconf 86' lang='lat' dir='ltr'><strong>Hiericho</strong></span> <span class='ocrx_word' id='word_1_303' title='bbox 1442 2339 1479 2371; x_wconf 82' lang='lat' dir='ltr'><strong>et</strong></span> <span class='ocrx_word' id='word_1_304' title='bbox 1502 2336 1601 2371; x_wconf 78' lang='lat' dir='ltr'><strong>iuxta</strong></span> <span class='ocrx_word' id='word_1_305' title='bbox 1622 2335 1718 2371; x_wconf 83' lang='lat' dir='ltr'><strong>diras</strong></span> <span class='ocrx_word' id='word_1_306' title='bbox 1746 2347 1768 2371; x_wconf 86' lang='lat' dir='ltr'><strong>a</strong></span> 
     </span>
     <span class='ocr_line' id='line_1_34' title="bbox 249 2377 1769 2428; baseline 0.003 -15"><span class='ocrx_word' id='word_1_307' title='bbox 249 2377 331 2414; x_wconf 85' lang='lat' dir='ltr'><strong>Iesu</strong></span> <span class='ocrx_word' id='word_1_308' title='bbox 357 2385 482 2423; x_wconf 83' lang='lat' dir='ltr'><strong>votas,</strong></span> <span class='ocrx_word' id='word_1_309' title='bbox 517 2381 752 2416; x_wconf 84' lang='lat' dir='ltr'><strong>fundamentis</strong></span> <span class='ocrx_word' id='word_1_310' title='bbox 772 2381 898 2427; x_wconf 81' lang='lat' dir='ltr'><strong>positis</strong></span> <span class='ocrx_word' id='word_1_311' title='bbox 931 2382 1184 2428; x_wconf 85' lang='lat' dir='ltr'><strong>primogenitus</strong></span> <span class='ocrx_word' id='word_1_312' title='bbox 1217 2383 1292 2418; x_wconf 88' lang='lat' dir='ltr'><strong>eius</strong></span> <span class='ocrx_word' id='word_1_313' title='bbox 1317 2383 1451 2418; x_wconf 86' lang='lat' dir='ltr'><strong>Abiron</strong></span> <span class='ocrx_word' id='word_1_314' title='bbox 1475 2388 1588 2418; x_wconf 88' lang='lat' dir='ltr'><strong>morte</strong></span> <span class='ocrx_word' id='word_1_315' title='bbox 1609 2383 1769 2421; x_wconf 77' lang='lat' dir='ltr'><strong>sublatus</strong></span> 
     </span>
     <span class='ocr_line' id='line_1_35' title="bbox 250 2426 1624 2475; baseline 0.004 -14"><span class='ocrx_word' id='word_1_316' title='bbox 250 2430 327 2469; x_wconf 59' lang='grc' dir='ltr'><em>θεῖς</em></span> <span class='ocrx_word' id='word_1_317' title='bbox 353 2426 465 2462; x_wconf 88' lang='lat' dir='ltr'><strong>iunior</strong></span> <span class='ocrx_word' id='word_1_318' title='bbox 488 2439 627 2474; x_wconf 83' lang='lat' dir='ltr'><strong>quoque</strong></span> <span class='ocrx_word' id='word_1_319' title='bbox 648 2428 743 2463; x_wconf 85' lang='lat' dir='ltr'><strong>filius</strong></span> <span class='ocrx_word' id='word_1_320' title='bbox 761 2429 884 2474; x_wconf 86' lang='lat' dir='ltr'><strong>Segub</strong></span> <span class='ocrx_word' id='word_1_321' title='bbox 905 2429 983 2463; x_wconf 85' lang='lat' dir='ltr'><strong>fixis</strong></span> <span class='ocrx_word' id='word_1_322' title='bbox 1003 2430 1114 2475; x_wconf 81' lang='lat' dir='ltr'><strong>portis</strong></span> <span class='ocrx_word' id='word_1_323' title='bbox 1135 2434 1171 2465; x_wconf 85' lang='lat' dir='ltr'><strong>et</strong></span> <span class='ocrx_word' id='word_1_324' title='bbox 1193 2431 1280 2466; x_wconf 89' lang='lat' dir='ltr'><strong>urbe</strong></span> <span class='ocrx_word' id='word_1_325' title='bbox 1298 2430 1459 2466; x_wconf 84' lang='lat' dir='ltr'><strong>absoluta</strong></span> <span class='ocrx_word' id='word_1_326' title='bbox 1478 2430 1624 2466; x_wconf 84' lang='lat' dir='ltr'><strong>interiit.</strong></span> 
     </span>
    </p>

    <p class='ocr_par' dir='ltr' id='par_1_14' title="bbox 247 2473 1768 2998">
     <span class='ocr_line' id='line_1_36' title="bbox 344 2473 1768 2513; baseline 0.003 -5"><span class='ocrx_word' id='word_1_327' title='bbox 344 2473 445 2510; x_wconf 86' lang='lat' dir='ltr'><strong>Elias</strong></span> <span class='ocrx_word' id='word_1_328' title='bbox 463 2474 658 2510; x_wconf 76' lang='lat' dir='ltr'><strong>Thesbites</strong></span> <span class='ocrx_word' id='word_1_329' title='bbox 677 2476 821 2511; x_wconf 89' lang='lat' dir='ltr'><strong>veniens</strong></span> <span class='ocrx_word' id='word_1_330' title='bbox 839 2476 884 2510; x_wconf 88' lang='lat' dir='ltr'><strong>ad</strong></span> <span class='ocrx_word' id='word_1_331' title='bbox 906 2476 1072 2511; x_wconf 82' lang='lat' dir='ltr'><strong>orientem</strong></span> <span class='ocrx_word' id='word_1_332' title='bbox 1093 2478 1260 2513; x_wconf 88' lang='lat' dir='ltr'><strong>torrentis</strong></span> <span class='ocrx_word' id='word_1_333' title='bbox 1283 2478 1462 2513; x_wconf 86' lang='lat' dir='ltr'><strong>Chorrath</strong></span> <span class='ocrx_word' id='word_1_334' title='bbox 1491 2477 1643 2513; x_wconf 84' lang='lat' dir='ltr'><strong>latenter</strong></span> <span class='ocrx_word' id='word_1_335' title='bbox 1664 2477 1768 2512; x_wconf 84' lang='lat' dir='ltr'><strong>habi-</strong></span> 
     </span>
     <span class='ocr_line' id='line_1_37' title="bbox 250 2520 1767 2570; baseline 0.003 -14"><span class='ocrx_word' id='word_1_336' title='bbox 250 2520 343 2556; x_wconf 78' lang='lat' dir='ltr'><strong>tavit</strong></span> <span class='ocrx_word' id='word_1_337' title='bbox 365 2526 402 2558; x_wconf 83' lang='lat' dir='ltr'><strong>et</strong></span> <span class='ocrx_word' id='word_1_338' title='bbox 427 2533 449 2556; x_wconf 84' lang='lat' dir='ltr'><strong>a</strong></span> <span class='ocrx_word' id='word_1_339' title='bbox 474 2522 668 2557; x_wconf 84' lang='lat' dir='ltr'><strong>carnivoris</strong></span> <span class='ocrx_word' id='word_1_340' title='bbox 687 2522 803 2557; x_wconf 89' lang='lat' dir='ltr'><strong>corvis</strong></span> <span class='ocrx_word' id='word_1_341' title='bbox 822 2522 918 2557; x_wconf 90' lang='lat' dir='ltr'><strong>cibos</strong></span> <span class='ocrx_word' id='word_1_342' title='bbox 938 2528 974 2558; x_wconf 80' lang='lat' dir='ltr'><strong>et</strong></span> <span class='ocrx_word' id='word_1_343' title='bbox 995 2524 1164 2570; x_wconf 87' lang='lat' dir='ltr'><strong>obsequia</strong></span> <span class='ocrx_word' id='word_1_344' title='bbox 1186 2525 1427 2561; x_wconf 86' lang='lat' dir='ltr'><strong>deferentibus</strong></span> <span class='ocrx_word' id='word_1_345' title='bbox 1448 2524 1622 2560; x_wconf 84' lang='lat' dir='ltr'><strong>enutritus</strong></span> <span class='ocrx_word' id='word_1_346' title='bbox 1640 2525 1767 2560; x_wconf 82' lang='lat' dir='ltr'><strong>samem</strong></span> 
     </span>
     <span class='ocr_line' id='line_1_38' title="bbox 249 2567 1768 2618; baseline 0.002 -15"><span class='ocrx_word' id='word_1_347' title='bbox 249 2567 504 2615; x_wconf 79' lang='lat' dir='ltr'><strong>impendentem</strong></span> <span class='ocrx_word' id='word_1_348' title='bbox 544 2569 694 2604; x_wconf 85' lang='lat' dir='ltr'><strong>triennio</strong></span> <span class='ocrx_word' id='word_1_349' title='bbox 729 2570 930 2605; x_wconf 76' lang='lat' dir='ltr'><strong>duraturam</strong></span> <span class='ocrx_word' id='word_1_350' title='bbox 961 2571 1103 2606; x_wconf 82' lang='lat' dir='ltr'><strong>Achaab</strong></span> <span class='ocrx_word' id='word_1_351' title='bbox 1141 2572 1218 2617; x_wconf 85' lang='lat' dir='ltr'><strong>regi</strong></span> <span class='ocrx_word' id='word_1_352' title='bbox 1252 2573 1529 2618; x_wconf 78' lang='lat' dir='ltr'><strong>praenunciavit.</strong></span> <span class='ocrx_word' id='word_1_353' title='bbox 1587 2573 1768 2607; x_wconf 85' lang='lat' dir='ltr'><strong>Torrente</strong></span> 
     </span>
     <span class='ocr_line' id='line_1_39' title="bbox 249 2615 1768 2665; baseline 0.002 -15"><span class='ocrx_word' id='word_1_354' title='bbox 249 2615 425 2651; x_wconf 77' lang='lat' dir='ltr'><strong>exsiccato</strong></span> <span class='ocrx_word' id='word_1_355' title='bbox 455 2620 492 2651; x_wconf 84' lang='lat' dir='ltr'><strong>et</strong></span> <span class='ocrx_word' id='word_1_356' title='bbox 519 2628 631 2663; x_wconf 85' lang='lat' dir='ltr'><strong>aquae</strong></span> <span class='ocrx_word' id='word_1_357' title='bbox 659 2617 806 2663; x_wconf 87' lang='lat' dir='ltr'><strong>penuria</strong></span> <span class='ocrx_word' id='word_1_358' title='bbox 826 2618 1011 2660; x_wconf 85' lang='lat' dir='ltr'><strong>laborans,</strong></span> <span class='ocrx_word' id='word_1_359' title='bbox 1038 2618 1096 2653; x_wconf 90' lang='lat' dir='ltr'><strong>dei</strong></span> <span class='ocrx_word' id='word_1_360' title='bbox 1121 2618 1218 2654; x_wconf 80' lang='lat' dir='ltr'><strong>iussu</strong></span> <span class='ocrx_word' id='word_1_361' title='bbox 1247 2621 1436 2665; x_wconf 74' lang='lat' dir='ltr'><strong>Sareptam</strong></span> <span class='ocrx_word' id='word_1_362' title='bbox 1457 2619 1626 2654; x_wconf 81' lang='lat' dir='ltr'><strong>Sidonum</strong></span> <span class='ocrx_word' id='word_1_363' title='bbox 1662 2618 1768 2665; x_wconf 83' lang='lat' dir='ltr'><strong>oppi-</strong></span> 
     </span>
     <span class='ocr_line' id='line_1_40' title="bbox 250 2663 1766 2712; baseline 0.002 -15"><span class='ocrx_word' id='word_1_364' title='bbox 250 2663 331 2698; x_wconf 90' lang='lat' dir='ltr'><strong>dum</strong></span> <span class='ocrx_word' id='word_1_365' title='bbox 361 2663 597 2709; x_wconf 82' lang='lat' dir='ltr'><strong>proficiscitur</strong></span> <span class='ocrx_word' id='word_1_366' title='bbox 618 2668 654 2698; x_wconf 88' lang='lat' dir='ltr'><strong>et</strong></span> <span class='ocrx_word' id='word_1_367' title='bbox 674 2676 695 2698; x_wconf 84' lang='lat' dir='ltr'><strong>a</strong></span> <span class='ocrx_word' id='word_1_368' title='bbox 714 2664 820 2699; x_wconf 84' lang='lat' dir='ltr'><strong>vidua</strong></span> <span class='ocrx_word' id='word_1_369' title='bbox 851 2665 1002 2711; x_wconf 84' lang='lat' dir='ltr'><strong>hospitio</strong></span> <span class='ocrx_word' id='word_1_370' title='bbox 1024 2673 1211 2712; x_wconf 84' lang='lat' dir='ltr'><strong>exceptus,</strong></span> <span class='ocrx_word' id='word_1_371' title='bbox 1245 2667 1422 2702; x_wconf 85' lang='lat' dir='ltr'><strong>residuum</strong></span> <span class='ocrx_word' id='word_1_372' title='bbox 1449 2666 1525 2702; x_wconf 81' lang='lat' dir='ltr'><strong>eius</strong></span> <span class='ocrx_word' id='word_1_373' title='bbox 1551 2666 1664 2701; x_wconf 86' lang='lat' dir='ltr'><strong>cibum</strong></span> <span class='ocrx_word' id='word_1_374' title='bbox 1693 2666 1766 2701; x_wconf 88' lang='lat' dir='ltr'><strong>diei</strong></span> 
     </span>
     <span class='ocr_line' id='line_1_41' title="bbox 252 2710 1766 2761; baseline 0.003 -17"><span class='ocrx_word' id='word_1_375' title='bbox 252 2711 316 2745; x_wconf 90' lang='lat' dir='ltr'><strong>soli</strong></span> <span class='ocrx_word' id='word_1_376' title='bbox 337 2710 571 2746; x_wconf 68' lang='lat' dir='ltr'><strong>sufficientem</strong></span> <span class='ocrx_word' id='word_1_377' title='bbox 590 2711 740 2746; x_wconf 80' lang='lat' dir='ltr'><strong>comedit</strong></span> <span class='ocrx_word' id='word_1_378' title='bbox 754 2736 763 2752; x_wconf 91' lang='lat'>,</span> <span class='ocrx_word' id='word_1_379' title='bbox 789 2720 825 2746; x_wconf 88' lang='lat' dir='ltr'><strong>et</strong></span> <span class='ocrx_word' id='word_1_380' title='bbox 846 2711 986 2757; x_wconf 68' lang='lat' dir='ltr'><strong>lecytho</strong></span> <span class='ocrx_word' id='word_1_381' title='bbox 1004 2714 1141 2759; x_wconf 86' lang='lat' dir='ltr'><strong>oleique</strong></span> <span class='ocrx_word' id='word_1_382' title='bbox 1161 2714 1306 2761; x_wconf 79' lang='lat' dir='ltr'><strong>hydriae</strong></span> <span class='ocrx_word' id='word_1_383' title='bbox 1327 2715 1416 2750; x_wconf 87' lang='lat' dir='ltr'><strong>bene</strong></span> <span class='ocrx_word' id='word_1_384' title='bbox 1441 2719 1607 2759; x_wconf 84' lang='lat' dir='ltr'><strong>precatus</strong></span> <span class='ocrx_word' id='word_1_385' title='bbox 1620 2739 1630 2755; x_wconf 93' lang='lat'><strong>‚</strong></span> <span class='ocrx_word' id='word_1_386' title='bbox 1654 2713 1766 2748; x_wconf 88' lang='lat' dir='ltr'><strong>filium</strong></span> 
     </span>
     <span class='ocr_line' id='line_1_42' title="bbox 249 2757 1764 2806; baseline 0.003 -15"><span class='ocrx_word' id='word_1_387' title='bbox 249 2757 380 2792; x_wconf 84' lang='lat' dir='ltr'><strong>viduae</strong></span> <span class='ocrx_word' id='word_1_388' title='bbox 408 2770 429 2793; x_wconf 86' lang='lat' dir='ltr'><strong>a</strong></span> <span class='ocrx_word' id='word_1_389' title='bbox 450 2758 593 2793; x_wconf 84' lang='lat' dir='ltr'><strong>mortuis</strong></span> <span class='ocrx_word' id='word_1_390' title='bbox 620 2757 815 2795; x_wconf 87' lang='lat' dir='ltr'><strong>revocavit.</strong></span> <span class='ocrx_word' id='word_1_391' title='bbox 865 2759 997 2806; x_wconf 78' lang='lat' dir='ltr'><strong>Elapso</strong></span> <span class='ocrx_word' id='word_1_392' title='bbox 1023 2761 1157 2795; x_wconf 84' lang='lat' dir='ltr'><strong>demum</strong></span> <span class='ocrx_word' id='word_1_393' title='bbox 1185 2761 1336 2796; x_wconf 86' lang='lat' dir='ltr'><strong>triennio</strong></span> <span class='ocrx_word' id='word_1_394' title='bbox 1363 2772 1527 2796; x_wconf 84' lang='lat' dir='ltr'><strong>reversus</strong></span> <span class='ocrx_word' id='word_1_395' title='bbox 1555 2761 1601 2795; x_wconf 89' lang='lat' dir='ltr'><strong>ad</strong></span> <span class='ocrx_word' id='word_1_396' title='bbox 1619 2761 1764 2795; x_wconf 81' lang='lat' dir='ltr'><strong>Achaab</strong></span> 
     </span>
     <span class='ocr_line' id='line_1_43' title="bbox 251 2805 1765 2854; baseline 0.003 -16"><span class='ocrx_word' id='word_1_397' title='bbox 251 2808 289 2839; x_wconf 82' lang='lat' dir='ltr'><strong>et</strong></span> <span class='ocrx_word' id='word_1_398' title='bbox 316 2805 421 2840; x_wconf 82' lang='lat' dir='ltr'><strong>letum</strong></span> <span class='ocrx_word' id='word_1_399' title='bbox 452 2805 626 2840; x_wconf 78' lang='lat' dir='ltr'><strong>minitanti</strong></span> <span class='ocrx_word' id='word_1_400' title='bbox 652 2806 767 2841; x_wconf 80' lang='lat' dir='ltr'><strong>factus</strong></span> <span class='ocrx_word' id='word_1_401' title='bbox 787 2805 948 2850; x_wconf 83' lang='lat' dir='ltr'><strong>obviam,</strong></span> <span class='ocrx_word' id='word_1_402' title='bbox 974 2807 1185 2854; x_wconf 84' lang='lat' dir='ltr'><strong>deceptores</strong></span> <span class='ocrx_word' id='word_1_403' title='bbox 1215 2814 1251 2843; x_wconf 87' lang='lat' dir='ltr'><strong>et</strong></span> <span class='ocrx_word' id='word_1_404' title='bbox 1272 2808 1379 2843; x_wconf 84' lang='lat' dir='ltr'><strong>falsos</strong></span> <span class='ocrx_word' id='word_1_405' title='bbox 1402 2813 1502 2842; x_wconf 83' lang='lat' dir='ltr'><strong>vates</strong></span> <span class='ocrx_word' id='word_1_406' title='bbox 1526 2807 1765 2853; x_wconf 83' lang='lat' dir='ltr'><strong>idolorumque</strong></span> 
     </span>
     <span class='ocr_line' id='line_1_44' title="bbox 251 2852 1764 2902; baseline 0.002 -17"><span class='ocrx_word' id='word_1_407' title='bbox 251 2852 470 2887; x_wconf 81' lang='lat' dir='ltr'><strong>sacrificulos</strong></span> <span class='ocrx_word' id='word_1_408' title='bbox 481 2864 620 2888; x_wconf 85' lang='lat' dir='ltr'><strong>numero</strong></span> <span class='ocrx_word' id='word_1_409' title='bbox 632 2854 702 2890; x_wconf 89' lang='lat'><strong>850</strong></span> <span class='ocrx_word' id='word_1_410' title='bbox 719 2853 885 2888; x_wconf 83' lang='lat' dir='ltr'><strong>delendos</strong></span> <span class='ocrx_word' id='word_1_411' title='bbox 899 2854 1121 2899; x_wconf 80' lang='lat' dir='ltr'><strong>aggreditur.</strong></span> <span class='ocrx_word' id='word_1_412' title='bbox 1157 2855 1295 2890; x_wconf 83' lang='lat' dir='ltr'><strong>Iezabel</strong></span> <span class='ocrx_word' id='word_1_413' title='bbox 1309 2855 1437 2891; x_wconf 84' lang='lat' dir='ltr'><strong>divinis</strong></span> <span class='ocrx_word' id='word_1_414' title='bbox 1454 2855 1636 2902; x_wconf 81' lang='lat' dir='ltr'><strong>prophetis</strong></span> <span class='ocrx_word' id='word_1_415' title='bbox 1651 2855 1764 2889; x_wconf 87' lang='lat' dir='ltr'><strong>omni-</strong></span> 
     </span>
     <span class='ocr_line' id='line_1_45' title="bbox 249 2898 1763 2948; baseline 0.002 -16"><span class='ocrx_word' id='word_1_416' title='bbox 249 2898 314 2932; x_wconf 86' lang='lat' dir='ltr'><strong>bus</strong></span> <span class='ocrx_word' id='word_1_417' title='bbox 339 2899 512 2942; x_wconf 84' lang='lat' dir='ltr'><strong>mactatis,</strong></span> <span class='ocrx_word' id='word_1_418' title='bbox 537 2900 668 2935; x_wconf 81' lang='lat' dir='ltr'><strong>victum</strong></span> <span class='ocrx_word' id='word_1_419' title='bbox 688 2900 861 2936; x_wconf 79' lang='lat' dir='ltr'><strong>falsidicis</strong></span> <span class='ocrx_word' id='word_1_420' title='bbox 881 2901 954 2935; x_wconf 86' lang='lat' dir='ltr'><strong>suis</strong></span> <span class='ocrx_word' id='word_1_421' title='bbox 967 2902 1264 2938; x_wconf 81' lang='lat' dir='ltr'><strong>subministrabat.</strong></span> <span class='ocrx_word' id='word_1_422' title='bbox 1310 2903 1421 2937; x_wconf 88' lang='lat' dir='ltr'><strong>Porro</strong></span> <span class='ocrx_word' id='word_1_423' title='bbox 1433 2904 1682 2948; x_wconf 81' lang='lat' dir='ltr'><strong>prophetarum</strong></span> <span class='ocrx_word' id='word_1_424' title='bbox 1703 2913 1763 2935; x_wconf 88' lang='lat' dir='ltr'><strong>re-</strong></span> 
     </span>
     <span class='ocr_line' id='line_1_46' title="bbox 247 2944 1759 2998; baseline 0.002 -19"><span class='ocrx_word' id='word_1_425' title='bbox 247 2944 361 2992; x_wconf 83' lang='lat' dir='ltr'><strong>liquos</strong></span> <span class='ocrx_word' id='word_1_426' title='bbox 377 2951 542 2984; x_wconf 76' lang='lat' dir='ltr'><strong>servarat</strong></span> <span class='ocrx_word' id='word_1_427' title='bbox 557 2947 698 2985; x_wconf 86' lang='lat' dir='ltr'><strong>Abdiud</strong></span> <span class='ocrx_word' id='word_1_428' title='bbox 714 2959 737 2984; x_wconf 84' lang='lat' dir='ltr'><strong>a</strong></span> <span class='ocrx_word' id='word_1_429' title='bbox 756 2959 864 2996; x_wconf 79' lang='lat' dir='ltr'><strong>puero</strong></span> <span class='ocrx_word' id='word_1_430' title='bbox 878 2948 1088 2997; x_wconf 78' lang='lat' dir='ltr'><strong>prophetiae</strong></span> <span class='ocrx_word' id='word_1_431' title='bbox 1101 2949 1230 2986; x_wconf 80' lang='lat' dir='ltr'><strong>lumine</strong></span> <span class='ocrx_word' id='word_1_432' title='bbox 1248 2950 1420 2992; x_wconf 85' lang='lat' dir='ltr'><strong>donatus;</strong></span> <span class='ocrx_word' id='word_1_433' title='bbox 1444 2961 1535 2998; x_wconf 81' lang='lat' dir='ltr'><strong>quae</strong></span> <span class='ocrx_word' id='word_1_434' title='bbox 1551 2960 1659 2987; x_wconf 82' lang='lat' dir='ltr'><strong>causa</strong></span> <span class='ocrx_word' id='word_1_435' title='bbox 1676 2947 1759 2990; x_wconf 79' lang='lat' dir='ltr'><strong>suit,</strong></span> 
     </span>
    </p>
   </div>
  </div>
 </body>
</html>
