1754 3236
181 188 255 239 16
619 187 878 237 GEORGII
907 185 1192 233 SYNCELLI

185 305 241 351 τὰ
270 303 345 349 τὸν
374 302 491 349 ἕκτον
523 303 658 348 αἲῶνα
689 304 900 358 μεσοῦντα
933 295 1259 358 σταυρώσαντος
1296 295 1371 341 τὸν
1397 299 1597 356 σωτῆρα,
1637 287 1689 340 οὗ

187 377 259 421 καὶ
276 375 601 424 πολλαπλασίως
620 370 646 431 ἧ
669 370 854 431 ἁμαρτία
881 368 991 428 καὶῆ
1017 370 1235 426 ἐκδίκησις.
1274 367 1384 412 ἀλλὰ
1406 369 1478 412 καὶ
1504 364 1527 412 ὅ
1547 364 1691 427 κύριος

186 444 499 504 ἕβδομηκοστὸς
520 444 699 500 ἕβδομος
718 442 800 487 ἀπὸ
824 441 960 498 Ἀδὰμ
988 443 1298 499 γενεαλογεΐται.

150 523 184 559 D
300 521 374 578 Τῷ
403 514 615 574 ἑκατοστῷ
656 514 905 573 ἐνενηκοστῷ
947 511 1051 572 ἕκτῳ
1090 509 1169 554 ἔτει
1199 506 1405 568 ἐγεννήθη
1435 509 1497 572 τῷ
1521 503 1635 554 Κα”ι’ν
1663 505 1687 551 ὅ

180 584 325 644 Ἔνιῦχ.
376 580 499 637 οὗτος
518 589 683 644 πρῶτος
704 583 884 642 ἄροτρον
908 576 1036 639 εὗρεν.
1695 584 1720 621 5

294 661 368 717 Τῷ
388 654 596 715 ἑκατοστῷ
618 656 869 715 ἐνενηκοστῷ
889 650 1058 712 ἑβδόμῳ
1086 649 1165 696 ἴτει
1183 648 1295 696 Κάΐν
1316 649 1448 696 ἔκτισε
1476 645 1599 694 πόλιν
1621 647 1690 691 ἐπὶ

75 740 118 776 V.
142 740 166 778 8
189 731 250 790 τῷ
265 725 436 784 ὀνόματι
447 730 522 770 τοῦ
534 726 627 769 υἱοῦ
641 725 771 769 αὐτοῦ
785 722 917 781 Ἑνώχ
931 738 940 748 ·
953 724 1077 779 Ἅβελ
1091 723 1137 767 δὲ
1157 719 1423 779 δικαιοσύνης
1436 719 1686 785 ἐφρόντιζεν.

186 797 209 844 ὃ
231 797 343 844 Κάϊν
359 797 465 854 μετὰ
486 797 564 855 τὴν
581 797 808 853 καταδίκην
831 794 972 854 ἅρπαξ
991 796 1060 838 καὶ
1083 793 1334 851 πλεονέκτης
1363 796 1528 849 μᾶλλον
1557 790 1690 849 ἐγένε-

183 887 233 915 το
252 869 399 928 μέτρια
422 869 491 912 καὶ
517 865 710 923 στάθμια
728 868 796 910 καὶ
816 864 940 925 ὅρους
956 870 1033 923 γῆς
1050 869 1220 924 πρῶτος
1243 861 1481 920 ἐπινοήσας.
1517 862 1617 913 τούς
1641 862 1689 906 δὲ

185 940 359 991 οἵκείους
389 940 446 990 εἷς
473 935 519 982 ίἐν
548 937 791 995 συναγαγών
822 938 865 980 ἐν
899 937 1097 992 πολέμοις
1139 935 1418 992 ἀσχολεῖσθαι
1455 934 1686 978 ἐδίδασκεν.
1700 937 1748 974 10

185 1004 309 1062 οὗτος
324 1009 553 1067 χθαμαλὸς
579 1004 630 1066 ἦν
655 1008 734 1052 ἀπὸ
757 1011 833 1065 τῆς
852 1005 1041 1066 κατάρας
1063 1011 1139 1051 τοῦ
1163 1010 1270 1051 θεοῦ
1299 1007 1369 1050 καὶ
1397 1002 1550 1056 πάντες
1582 1004 1623 1048 οἱ
1645 1004 1690 1057 ἐξ

185 1081 316 1125 αὐτοῦ
333 1077 588 1139 γεννώμενοι.
638 1078 731 1140 ῷκει
754 1079 800 1122 δὲ
824 1078 901 1135 τὴν
918 1083 995 1136 γῆν
1016 1076 1108 1135 ἣτις
1127 1078 1215 1122 ἐστὶ
1244 1077 1484 1136 τρέμουσα,
1513 1075 1689 1133 χαμηλὴ

51 1158 94 1195 Ρ.
120 1160 165 1197 10
189 1147 296 1196 οὖσα
307 1185 321 1206 ,
360 1149 656 1209 κεχωρισμένος
671 1147 873 1206 ὑπάρχων
894 1150 938 1192 ἐκ
957 1154 1034 1193 τοῦ
1054 1149 1178 1206 Σὴθ,
1218 1148 1327 1193 κατὰ
1350 1145 1582 1206 πρόσταξιν
1610 1150 1688 1191 τοῦ

177 1220 326 1279 Ἀδάμ.
375 1222 414 1265 οἳ
445 1223 489 1265 ἐκ
512 1225 587 1265 τοῦ
618 1220 719 1277 Σὴθ
743 1221 827 1264 υἱοὶ
856 1224 961 1264 θεοῦ
1001 1218 1213 1278 λεγόμενοι
1253 1221 1323 1264 καὶ
1363 1216 1578 1278 ε’γρήγοροι
1609 1217 1688 1275 τὴν

139 1294 143 1300 Χ
184 1291 452 1351 ὑψηλοτέραν
464 1296 540 1351 γῆν
560 1291 772 1348 τῆςἘδὲμ
789 1293 966 1349 πλησίον
984 1295 1061 1335 τοῦ
1084 1292 1343 1350 παραδείσου
1367 1287 1597 1350 κατῴκουν.
1702 1291 1746 1330 15

291 1367 365 1424 Τῳ
386 1361 449 1407 σλ’
471 1362 549 1407 ἔτει
562 1362 718 1419 Ἀδὰμ,
757 1363 800 1407 ἒν
821 1356 856 1425 ᾧ
883 1360 906 1408 ὃ
935 1362 1037 1421 Σὴθ
1056 1360 1257 1422 ἐγεννήθη
1265 1396 1279 1418 ,
1320 1359 1382 1422 ρξ’
1412 1360 1504 1413 ἔτος
1527 1358 1689 1420 ῦπῆρχε

116 1470 118 1473 .
176 1437 259 1479 ’τοῦ
289 1431 414 1479 Κάΐν.

285 1508 360 1565 Τῷ
384 1505 430 1549 δὲ
450 1502 541 1550 σλδ’
559 1503 638 1550 ἔτει
656 1504 841 1564 ἐγέννησε
867 1504 1112 1564 θυγατέρα,
1150 1503 1205 1562 ἣν
1237 1502 1455 1561 ὠνόμασεν
1469 1500 1686 1563 Ἀζουράν.

283 1579 359 1636 Τῷ
381 1573 476 1634 σμγ’
504 1575 582 1621 ξ’τει
601 1580 677 1620 τοῦ
697 1576 834 1633 Ἀδὰμ
862 1577 1209 1635 ἄπεγαλακτίσθη
1232 1574 1254 1620 ὃ
1273 1574 1388 1634 Σήθ.

285 1650 360 1706 Τῷ
382 1645 445 1691 σο’
467 1645 544 1691 ἔτει
563 1651 639 1691 τοῦ
657 1647 792 1704 Ἀδὰμ
815 1646 837 1692 ὅ
860 1648 963 1705 Σὴθ
995 1645 1194 1706 ἁρπαγεὶς
1221 1645 1305 1691 ὖπό
1336 1645 1519 1705 ἀγγέλων
1553 1640 1747 1702 {ami-20

172 1719 241 1773 ’θη
261 1716 315 1761 τὰ
335 1719 427 1776 περὶ
449 1721 525 1775 τῆς
554 1716 836 1778 παραβάσεως
861 1720 1069 1776 μέλλοντα
1108 1717 1284 1763 ἔσεσθαι
1315 1722 1403 1763 τῶν
1435 1713 1686 1776 ε’γρηγόρων,

275 1817 309 1853 1.
333 1810 380 1854 οὗ
402 1816 466 1855 καὶ
488 1818 530 1853 A.
571 1811 618 1855 οὗ
643 1818 690 1853 G.
783 1819 819 1856 3.
853 1814 930 1856 ἀπὸ
957 1819 999 1855 Α.
1039 1816 1115 1857 ἀπὸ
1138 1819 1211 1856 τοῦ
1234 1819 1283 1855 G.
1389 1817 1426 1855 4.
1460 1814 1553 1865 ἕκτῳ
1567 1815 1688 1851 addidi

274 1875 319 1898 ex
343 1866 387 1900 A.
489 1867 545 1903 12.
577 1863 804 1912 γεννώμενοι
829 1867 870 1902 Α.
908 1865 1105 1915 γενόμενοι
1139 1868 1187 1903 G.
1292 1867 1351 1903 13.
1383 1863 1500 1912 Σὴθ]
1545 1864 1625 1910 σῆθ
1657 1865 1687 1899 Α

275 1916 489 1949 constanter.
582 1912 680 1950 κατὰ
709 1916 751 1951 Α.
786 1912 884 1952 κατὰ
921 1914 990 1962 τήν
1016 1916 1065 1952 G.
1168 1912 1227 1952 14.
1263 1913 1346 1951 υἱοὶ
1377 1914 1419 1949 Α.
1458 1910 1688 1959 γεννώμενοι

276 1957 357 1995 υἱοὶ
381 1961 428 1994 G·-
519 1962 578 1999 21.
600 1960 780 2008 μέλλοντα
803 1963 845 1998 Α.
865 1961 1075 2009 μελλόντων
1092 1962 1144 1999 G.

183 2043 286 2076 sexto
300 2041 439 2076 saeculo
459 2041 637 2087 deicidae,
662 2056 703 2081 ac
722 2046 930 2082 salvatorem
960 2057 1065 2083 cruce
1091 2043 1311 2089 damnantis,
1337 2042 1457 2087 cuius,
1489 2045 1532 2078 ut
1557 2041 1687 2078 crimen

178 2086 235 2122 ‘ita
260 2088 419 2124 vindicta
447 2090 647 2137 multiplex,
680 2093 831 2128 Lamech
858 2094 1012 2141 speciem
1040 2093 1193 2129 exhibet.
1249 2091 1322 2127 Sed
1360 2095 1397 2127 et
1423 2089 1502 2138 ipse
1527 2091 1687 2126 dominus

184 2136 460 2182 septuagesimus
486 2139 651 2185 septimus
671 2141 715 2176 ab
733 2141 865 2176 Adamo
885 2141 1124 2187 generationis
1143 2140 1235 2176 serie
1251 2139 1450 2175 deducitur.

240 2224 243 2230 Σ
278 2183 376 2217 Anno
403 2185 588 2221 centesimo
610 2188 832 2234 nonagesimo
850 2188 941 2225 Cain
967 2189 1060 2225 filius
1082 2188 1209 2224 Enoch
1225 2191 1328 2223 natus
1345 2190 1412 2223 est.
1459 2185 1531 2222 Hic
1553 2185 1687 2233 primus

183 2231 337 2265 aratrum
355 2230 544 2268 adinvenit.
1639 2271 1643 2278 .

278 2277 378 2312 Anno
408 2279 595 2316 centesimo
619 2283 839 2329 nonagesimo
863 2283 1013 2331 septimo
1033 2282 1125 2319 Cain
1149 2281 1306 2318 condidit
1331 2281 1450 2316 urbem
1479 2280 1525 2316 de
1546 2279 1611 2315 filii
1631 2280 1688 2315 sui

184 2323 311 2361 Enoch
323 2324 481 2369 nomine3
504 2328 591 2363 Abel
603 2341 687 2364 vero
707 2330 864 2366 iustitiae
880 2332 1037 2367 intentus
1056 2334 1134 2366 erat
1153 2330 1280 2366 studio.
1329 2329 1420 2365 Cain
1438 2327 1581 2364 crimine
1598 2327 1689 2363 mul-

184 2375 301 2407 ctatus
316 2372 427 2418 magis
445 2385 485 2408 ac
500 2375 608 2421 magis
623 2376 767 2422 rapinae
780 2382 816 2413 et
829 2378 1000 2413 avaritiae
1009 2378 1098 2413 vitio
1114 2377 1378 2424 implicabatur:
1396 2375 1580 2418 mensuris,
1597 2388 1688 2422 pon-

185 2418 347 2460 deribus,
372 2424 409 2454 et
425 2432 584 2466 agrorum
601 2423 958 2461 disterminationibus
977 2426 1209 2471 excogitatis,
1234 2424 1405 2470 sanguine
1435 2429 1474 2459 et
1500 2424 1689 2459 familiari-

182 2467 262 2503 tate
282 2465 350 2500 sibi
367 2467 556 2503 coniunctis
583 2470 750 2507 bellorum
778 2472 1060 2508 exercitamentis
1088 2485 1218 2508 vacare
1244 2472 1427 2507 suadebat.
1474 2471 1565 2514 Hic,
1588 2470 1689 2506 velut

183 2512 303 2547 cuncti
331 2524 375 2547 ex
394 2525 436 2548 eo
460 2516 555 2559 nati,
579 2518 728 2553 terrenis
756 2519 896 2555 deditus
921 2521 979 2555 dei
998 2519 1182 2556 maledicto
1203 2519 1390 2556 subiacuit.
1449 2519 1598 2554 Terram
1624 2530 1688 2553 au-

184 2563 277 2602 tem,
301 2571 411 2606 quae,
437 2573 500 2596 ceu
531 2563 719 2609 depressa,
744 2567 893 2602 tremula
921 2580 1063 2614 quoque
1088 2567 1180 2611 fuit,
1203 2579 1225 2602 a
1241 2567 1348 2610 Seth,
1373 2578 1417 2602 ex
1437 2566 1562 2601 Adami
1592 2577 1690 2600 man-

183 2605 287 2661 dato,
317 2606 450 2642 divisus
468 2609 688 2646 inhabitavit.
736 2613 824 2648 Seth
845 2615 955 2661 stirpe
977 2615 1176 2662 procreati,
1204 2614 1269 2649 filii
1298 2614 1356 2650 dei
1377 2614 1486 2658 dicti,
1519 2618 1557 2649 et
1584 2625 1689 2660 egre-

182 2664 283 2699 gon,
308 2654 505 2701 superiores
521 2661 634 2694 terras
651 2660 695 2694 ad
715 2661 870 2705 paradisi
888 2663 979 2697 latus
1004 2666 1277 2708 occupaverunt.

276 2701 375 2736 Anno
394 2702 629 2740 ducentesimo
657 2706 833 2743 tricesimo
851 2710 997 2752 Adami,
1025 2721 1094 2756 quo
1115 2711 1204 2745 Seth
1229 2713 1334 2745 natus
1365 2712 1439 2753 est,
1463 2707 1688 2744 centesimum

181 2750 219 2783 et
237 2749 492 2795 sexagesimum
510 2751 598 2786 Cain
618 2754 799 2799 attigerat.

275 2797 372 2831 Anno
384 2809 468 2832 vero
481 2798 717 2835 ducentesimo
735 2801 908 2837 tricesimo
918 2807 1043 2850 quarto
1056 2803 1163 2839 filiam
1173 2805 1325 2840 Azuram
1337 2803 1475 2839 nomine
1485 2802 1688 2851 progenuit.

273 2843 396 2878 Adami
414 2844 651 2882 ducentesimo
671 2850 934 2894 quadragesimo
950 2850 1056 2886 tertio
1074 2852 1164 2886 Seth
1184 2852 1378 2887 ablactatus
1396 2855 1461 2887 est.

275 2890 398 2926 Adami
427 2891 662 2930 ducentesimo
689 2896 945 2942 septuagesimo
973 2898 1061 2933 Seth
1099 2900 1144 2935 ab
1176 2899 1312 2946 angelis
1337 2904 1463 2946 raptus
1492 2898 1689 2934 futurorum

182 2947 428 2984 egregororum
457 2940 605 2986 crimen,
640 2953 749 2990 aquas
788 2955 926 2992 quoque
965 2944 1097 2982 diluvio
1137 2946 1389 2990 inundaturas,
1430 2946 1689 2994 salvatorisque
