1800 3236
240 190 345 243 712
581 171 587 179 '
716 192 968 239 GEoRGn
994 192 1282 240 SYNCELm

240 309 283 355 οἳ
312 305 488 367 πατέρες
516 321 609 352 σου.
657 308 795 350 ταῦτα
818 306 887 351 καὶ
913 305 956 349 ἐν
985 309 1039 364 τῇ
1071 305 1193 365 τρίτῃ
1217 306 1310 365 περὶ
1338 305 1636 363 βαπτίσματος
1655 306 1746 351 ἐπι-

242 384 372 439 στολῇ
403 378 456 437 ἢν
486 377 700 436 Διονυσίῳ
727 375 999 436 πρεσβυτέρῳ
1028 374 1192 434 Ῥώμης
1225 377 1451 422 ἐπιστέλλει
1483 382 1545 439 τῷ
1571 380 1640 422 καὶ
1672 378 1747 422 τὸν

239 449 403 511 θρόνον
418 449 525 507 μετὰ
545 447 684 509 βραχὺ
699 446 980 509 διαδεξαμένη)
995 445 1117 507 ἀνδρὶ
1139 448 1263 512 λογιίιο
1285 449 1355 494 καὶ
1373 452 1616 511 θαυμαστῷ
1638 453 1746 493 ταῦ-

237 521 293 568 τά
314 538 442 582 φησιν
455 534 465 550 ·

201 657 235 699 D
299 645 371 695 Ἐκ
401 647 483 705 τῆς
510 645 762 692 Διονυσίου
789 642 1118 703 Ἀλεξανδρείας
1144 642 1391 691 ἐπισκόπου
1419 640 1629 702 τετάρτης
1654 640 1774 690 ἔπι-5

355 719 516 774 στολῆς
544 716 648 773 περὶ
676 716 981 774 βαπτίσματος
1017 714 1264 776 γραφείσης
1292 716 1523 776 Διονυσίῳ
1551 717 1745 773 πρεσβυ-

352 787 469 847 τέρῳ
495 784 687 844 Ῥώμης.

342 878 602 934 Ναυατιανῷ
621 874 698 931 μὲν
716 872 797 934 γὰρ
818 870 996 934 εὗλόγως
1017 871 1355 932 ἄπεχθανόμεθα
1382 869 1638 930 διακόψαντι
1666 871 1746 929 τὴν

237 946 482 1004 ἐκκλησίαν,
530 945 605 989 καί
629 962 748 996 τινας
775 949 861 990 τῶν
898 946 1093 1005 ἀδελφῶν
1124 947 1181 997 εἷς
1212 945 1406 1003 ἀσεβείας
1437 946 1507 989 καὶ
1543 947 1745 1002 βλασφηο

236 1018 338 1073 μίας
361 1014 602 1071 ἓκλύσαντι,
639 1017 708 1060 καὶ
739 1017 831 1074 περὶ
863 1020 969 1062 θεοῦ
1009 1018 1284 1062 διδασκαλίαν
1325 1012 1613 1072 ἀνοσιωτάτην
1655 1015 1745 1058 ἐπι-
1758 1027 1800 1063 10

237 1086 460 1142 κλύσαντι,
499 1088 568 1131 καὶ
598 1090 658 1147 τῷ
689 1086 763 1131 τὸν
789 1084 933 1146 κύριον
963 1085 1085 1145 ἡμῶν
1102 1086 1268 1145 Ἰησοῦν
1300 1086 1491 1146 Χριστὸν
1515 1085 1572 1138 ὥς
1593 1085 1745 1142 ἀνηλεῆ

236 1162 596 1217 συκοφαντοῦντι·
635 1158 700 1200 ἐπὶ
732 1162 835 1201 πᾶσι
864 1158 911 1201 δὲ
940 1156 1107 1210 τούτοις
1138 1159 1207 1202 καὶ
1231 1158 1281 1202 τὸ
1305 1157 1484 1216 λουτρὸν
1517 1157 1746 1201 ἀθετοῦντι

237 1229 287 1273 τὸ
311 1227 429 1287 ἅγιον
450 1230 520 1273 καὶ
539 1226 617 1284 τήν
635 1245 680 1272 τε
701 1227 784 1285 πρὸ
808 1228 941 1272 αὐτοῦ
964 1230 1103 1272 πίστιν
1123 1230 1191 1272 καὶ
1212 1227 1438 1286 ὁμολογίαν
1452 1227 1743 1286 ἅνατρέποντι,

85 1304 126 1342 Ρ.
147 1305 218 1344 380
241 1297 290 1343 τό
315 1317 359 1343 τε
385 1303 549 1355 πνεῦμα
568 1296 684 1356 ἅγιον
706 1299 749 1350 ἐξ
771 1297 911 1342 αὐτῶν
922 1332 936 1354 ,
974 1298 1001 1356 ἢ
1027 1300 1097 1343 καὶ
1117 1300 1224 1343 τίσιν
1250 1300 1411 1344 ἐλπίσιν
1432 1302 1508 1343 τοῦ
1537 1305 1747 1356 παραμεῖ-

238 1388 329 1424 ναι,
366 1368 393 1426 «ἢ
419 1371 487 1413 καὶ
516 1369 761 1413 ἐπανελθεῖν
784 1369 891 1427 πρὸς
917 1369 1096 1424 αὐτοὺς,
1133 1374 1347 1422 παντελῶς
1369 1367 1661 1429 φυγαδεύοντι.
1757 1378 1800 1417 15

342 1441 432 1485 Καὶ
459 1437 487 1497 ἦ
520 1439 687 1497 πέμπτη
720 1440 766 1483 δὲ
797 1439 914 1501 αὐτῷ
945 1440 1052 1500 πρὸς
1072 1440 1146 1485 τὸν
1163 1439 1379 1497 Ῥωμαίων
1409 1441 1632 1484 ἐπίσκοπον
1652 1435 1747 1489 Ed-

237 1527 341 1556 στον
366 1510 619 1568 ἐγέγραπτο,
656 1511 700 1555 ἐν
724 1504 753 1570 ᾗ
783 1511 919 1555 πολλὰ
938 1511 1046 1555 κατὰ
1077 1515 1164 1556 τῶν
1196 1512 1414 1571 αἱρετικῶν
1446 1511 1572 1556 εἶπών
1603 1514 1747 1555 τοιοῦ-

236 1579 311 1626 τόν
332 1599 373 1626 τι
395 1580 494 1625 κατ’
519 1581 649 1626 αὐτὸν
667 1581 834 1639 γεγονὸς
856 1580 1067 1626 ἐκτίθεται
1088 1582 1218 1640 λέγων
1231 1598 1242 1610 ·
1265 1584 1334 1627 καὶ
1353 1582 1433 1642 γὰρ
1452 1581 1598 1636 ὅντως,
1621 1581 1746 1625 ἀδελ-

237 1653 315 1712 φὲ,
353 1653 422 1696 καὶ
441 1656 688 1709 συμβουλῆς
710 1652 856 1709 δέομαι
885 1654 954 1696 καὶ
974 1657 1127 1710 γνῶσιν
1147 1654 1253 1698 αι’τῶ
1274 1653 1391 1712 παρὰ
1413 1657 1516 1708 σοῦ’,
1550 1650 1745 1697 τοιούτου

236 1721 351 1774 τινός
379 1740 452 1778 μοι
469 1721 784 1781 προσελθόντος
804 1721 1074 1781 πράγματος,
1109 1723 1257 1775 δεδιὼς
1272 1725 1333 1781 μὴ
1355 1722 1740 1783 παρασφάλλωμεν.
1754 1733 1800 1772 20

236 1797 323 1839 τῶν
350 1793 431 1853 γὰρ
463 1793 754 1853 συναγομένων
786 1793 980 1855 ἀδελφῶν
1005 1794 1153 1848 πιστὸς
1180 1793 1447 1852 νομιζόμενος
1471 1793 1647 1854 ἀρχαῖος
1675 1795 1746 1838 καὶ

333 1920 392 1956 10.
416 1918 481 1956 καὶ
507 1906 593 1964 περὶ
619 1937 666 1944 -
693 1905 941 1958 διδασκαλίαν
966 1931 1010 1956 ex
1036 1919 1193 1958 Eusebio
1220 1919 1301 1966 VII,
1331 1920 1368 1956 8.
1415 1918 1533 1965 Vulgo
1562 1918 1629 1956 καὶ
1659 1918 1745 1962 ταῖς

329 1965 415 2013 περὶ
447 1987 495 1992 —-
529 1968 797 2011 διδασκαλίαις.
923 1965 1184 2016 ἀνοσιωτάτην
1214 1969 1267 2005 ,Α.
1301 1966 1567 2008 ἀνοσιωτάτως
1599 1969 1648 2003 G.

330 2015 388 2051 11.
413 2010 555 2063 οἶνηλεῆ
572 2014 760 2053 Eusebius.
800 2016 915 2064 Vulgo
935 2014 1086 2054 ἁνελεεῖ.
1195 2016 1253 2053 13.
1277 2013 1350 2063 τήν
1367 2016 1421 2062 τε]
1447 2012 1562 2062 τήνδε
1587 2015 1635 2050 G.

236 2118 334 2154 ribus
359 2118 433 2154 tuis
464 2119 596 2167 positos
618 2121 823 2157 transferes.
880 2121 1043 2169 Epistola
1061 2133 1145 2158 vero
1163 2120 1209 2158 de
1222 2121 1397 2168 baptismo
1416 2121 1526 2157 tertia
1543 2119 1588 2156 ad
1606 2119 1744 2168 Diony-

237 2166 326 2200 sium
346 2166 476 2202 Romae
501 2169 764 2215 presbyterum,
788 2168 900 2204 virum
923 2170 1120 2205 eruditione
1143 2174 1181 2204 et
1206 2169 1340 2205 virtute
1360 2169 1585 2215 conspicuum
1603 2168 1744 2215 pontifi-

236 2212 326 2248 ciam
343 2213 459 2249 sedem
478 2215 696 2260 postmodum
714 2216 814 2252 brevi
836 2216 1001 2266 adeptum
1013 2246 1023 2263 ,
1047 2218 1135 2253 haec
1154 2216 1299 2253 totidem
1317 2216 1435 2251 verbis
1456 2215 1593 2251 scribit.

236 2296 303 2338 Ex
327 2297 512 2352 Dionysii
535 2299 803 2340 Alexandriae
827 2300 1007 2355 episcopi
1028 2299 1200 2354 epistola
1223 2306 1369 2354 quarta
1391 2299 1441 2339 de
1466 2299 1668 2354 baptismo
1689 2299 1743 2340 acl

621 2358 864 2412 Dionysium
885 2360 1036 2398 Romae
1054 2358 1350 2412 presbyterum.
1655 2365 1657 2367 '

332 2421 532 2459 Novatiano
549 2426 647 2458 certe
662 2423 737 2458 iure
758 2437 1025 2469 succensemus,
1058 2425 1121 2471 qui
1143 2425 1292 2461 discidit
1320 2425 1502 2461 ecclesiam
1527 2427 1564 2461 et
1593 2425 1741 2461 fratrum

238 2470 422 2506 nonnullos
443 2470 691 2506 scelestissima
708 2471 752 2506 de
769 2473 835 2507 deo
858 2473 1023 2519 opinione
1037 2472 1187 2507 imbutos
1215 2473 1253 2508 in
1275 2472 1415 2519 impiam
1434 2473 1741 2519 blasphemumque

237 2517 445 2553 sententiam
460 2517 620 2560 induxit,
646 2517 706 2564 qui
730 2518 900 2554 dominum
916 2522 1071 2555 nostrum
1096 2519 1218 2561 Iesumv
1232 2520 1413 2555 Christum
1435 2520 1533 2556 velut
1553 2520 1743 2555 inclemen-

238 2569 308 2599 tem
336 2565 565 2601 calumniatur
593 2567 630 2599 et
658 2576 794 2600 sacrum
822 2566 965 2612 insuper
991 2567 1167 2602 lavacrum
1193 2567 1332 2612 irritat,
1366 2567 1427 2614 qui
1454 2567 1558 2603 fidem
1587 2566 1742 2612 fideique

237 2611 487 2658 professionem
514 2611 648 2658 aliquot
674 2611 742 2647 iam
768 2617 862 2650 retro
890 2614 1040 2649 saeculis
1066 2614 1278 2661 superiorem
1306 2614 1458 2658 evertit,
1492 2613 1555 2660 qui
1583 2619 1742 2649 sanctum

237 2658 389 2704 denique
411 2659 572 2707 spiritum
592 2658 755 2694 fiduciam
782 2659 869 2699 licet
885 2661 961 2695 eius
980 2662 1018 2696 in
1039 2673 1118 2696 sese
1137 2662 1359 2708 praesentiae
1382 2673 1426 2696 ac
1444 2673 1562 2696 morae
1588 2664 1626 2696 et
1645 2660 1742 2696 eius-

238 2705 316 2741 dem
335 2706 373 2740 in
390 2719 428 2741 se
448 2718 628 2755 regressus
644 2706 844 2753 concipiant
861 2719 956 2753 spem
967 2733 978 2751 ‚
1002 2708 1105 2754 longe
1120 2712 1234 2744 tamen
1253 2707 1398 2755 depellit
1416 2711 1452 2743 et
1476 2709 1590 2754 fugat.

332 2753 496 2799 Epistola
512 2753 588 2790 eius
609 2753 730 2799 quinta
749 2754 794 2788 ad
810 2754 959 2801 Xystum
982 2756 1171 2791 Romanum
1191 2756 1383 2791 antistitem
1408 2754 1542 2802 scripta
1563 2757 1641 2798 est,
1669 2765 1741 2801 qua

238 2798 355 2834 multis
384 2800 552 2836 adversus
581 2800 778 2836 haereticos
803 2802 1017 2845 enunciatis,
1048 2815 1121 2839 rem
1150 2814 1213 2838 suo
1237 2807 1393 2849 tempore
1418 2808 1552 2848 gestam
1578 2802 1617 2837 in
1646 2801 1739 2836 hunc

240 2845 374 2882 modum
398 2852 531 2884 narrat.
578 2848 695 2891 Vere,
719 2848 851 2891 frater,
875 2849 1020 2884 consilio
1049 2854 1110 2885 tuo
1135 2861 1222 2896 opus
1250 2849 1335 2885 mihi
1359 2851 1433 2892 est,
1458 2849 1622 2884 iudicium
1641 2852 1738 2884 tuum

240 2899 387 2940 expeto,
411 2900 448 2930 et
472 2895 562 2931 tanti
586 2895 747 2930 momenti
765 2895 809 2932 ad
827 2907 880 2931 me
897 2896 1013 2931 delato
1033 2898 1195 2943 negotio,
1217 2908 1344 2932 vereor
1360 2909 1404 2932 ne
1425 2897 1585 2931 fraudem
1610 2895 1738 2941 patiar.

240 2940 295 2976 Ad
316 2942 461 2978 fratrum
476 2942 566 2980 enim
589 2942 758 2979 ecclesiae
782 2942 996 2980 adlectorum
1020 2956 1130 2981 senex
1145 2944 1287 2993 quidam
1307 2943 1488 2992 pertinere
1508 2942 1739 2986 existimatus,
