1800 3236
217 155 322 203 700
690 162 944 213 GEORGII
973 160 1261 209 SYNCELLI

213 273 300 333 χρὴ
318 272 446 332 λέγειν
464 274 542 319 τὸν.
561 278 757 320 τοιοῦτον
775 273 1002 333 εἰληφέναι.
1043 273 1094 319 οὗ
1112 274 1199 333 μὴν
1216 274 1316 320 οὐδὲ
1334 279 1419 321 τῶν
1442 280 1600 322 λοιπῶν
1621 274 1739 336 ἔτυχε

218 345 437 405 διαφυγὼν
462 345 539 403 τὴν
567 343 695 390 νόσον
718 340 777 390 ὧν
793 346 879 404 χρὴ
895 344 1236 402 μεταλαμβάνειν
1255 347 1364 391 κατὰ
1399 347 1473 393 τὸν
1491 352 1568 406 τῆς
1590 349 1738 405 ἔκκλη-

219 418 315 468 σίας
336 413 494 460 κανόνα
506 450 520 470 ,
559 421 637 460 τοῦ
666 434 709 460 τε
730 420 1051 474 σφραγισθῆναι
1070 414 1151 460 ὑπὸ
1173 421 1251 460 τοῦ
1273 415 1515 463 ἐπισκόπου.
1573 417 1737 464 τούτων

181 487 270 531 Βδὲ
287 487 348 544 μὴ
371 486 510 542 τυχὼν
532 491 623 538 πῶς
647 485 699 531 ἂν
721 491 798 530 τοῦ
820 484 940 543 ἆγίου
958 484 1197 542 πνεύματος
1215 486 1332 544 ἔτυχε
1345 509 1361 545 ,-
1398 491 1468 533 καὶ
1490 484 1620 540 αὖθις
1647 491 1738 534 ἔπι-

219 558 359 617 φέρει·
398 557 447 601 οὗ
480 556 553 600 διὰ
580 558 738 601 δειλίαν
767 559 838 601 καὶ
867 558 1096 615 φιλοζωΐαν
1125 558 1168 602 ἐν
1198 562 1259 618 τῷ
1288 563 1420 620 καιρῷ
1452 564 1530 617 τῆς
1557 557 1768 612 διώξεως5

219 625 505 687 πρεσβύτερον
526 625 629 671 εἶναι
648 626 801 672 ἑαυτὸν
818 625 1110 685 ἀρνησάμενος
1119 648 1135 684 ,·
1172 626 1418 685 ἀξιούμενος
1449 630 1529 689 γὰρ
1562 632 1631 675 καὶ
1655 649 1740 674 πα-

219 696 536 758 ρακαλούμενος
563 696 647 742 ὑπὸ
678 703 764 743 τῶν
794 696 1002 742 διακόνων
1036 699 1222 750 ἐξελθεῖν
1254 703 1332 743 τοῦ
1367 702 1579 755 οῗκίσκου,
1627 701 1671 745 ἐν
1705 695 1741 762 ᾧ

218 771 442 828 καθεῖρξεν
473 767 649 824 ἑαυτὸν,
686 771 756 814 καὶ
789 773 1012 826 βοηθῆσαι
1046 775 1135 820 τοῖς
1167 769 1369 829 ἀδελφοῖς
1401 769 1482 815 ὅσα
1515 771 1642 828 θέμις
1670 773 1742 815 καὶ

215 839 299 885 ὅσα
319 839 502 884 δυνατὸν
523 841 797 901 πρεσβυτέρῳ
831 837 1142 885 κινδυνεύουσιν
1166 839 1368 899 ἀδελφοῖς
1397 843 1468 886 καὶ
1500 842 1741 901 ἐπικουρίας

216 911 429 968 δεομένοις
447 915 626 968 βοηθεῖν
640 945 654 966 ,
692 916 898 956 τοσοῦτον
922 911 1075 968 ἀπέσχε
1093 915 1170 955 τοῦ
1190 915 1479 970 πειθαρχῆσαι
1507 914 1577 957 καὶ
1597 931 1740 971 παρα·
1753 920 1800 957 10

217 986 394 1026 καλοῦσι
412 989 503 1034 τοῖς
527 980 760 1038 διακόνοις,
801 980 859 1034 ὥς
881 984 949 1025 καὶ
977 983 1290 1038 χαλεπαίνοντα
1320 982 1487 1027 ἀπιέναι
1508 985 1578 1027 καὶ
1600 983 1740 1027 ἀπαλ-

217 1051 466 1097 λάττεσθαι.
503 1054 564 1110 μὴ
589 1053 670 1112 γὰρ
695 1052 755 1098 ἔτι
772 1051 1011 1110 βούλεσθαι
1035 1050 1321 1111 πρεσβύτερος
1345 1052 1441 1112 ἔφη.
1494 1052 1640 1112 ἑτέρας
1658 1054 1739 1113 γὰρ

218 1125 476 1184 φιλοσοφίας
497 1122 599 1168 εἶναι
621 1122 815 1182 ἐραστής.
865 1122 944 1167 εἶτ’
970 1124 1154 1182 ἐπιφέρει
1172 1124 1271 1180 μετ’
1295 1123 1460 1182 ὀλίγον·
1478 1165 1480 1167 ,
1497 1125 1741 1169 καταλιπών

62 1204 105 1238 P.
124 1204 195 1241 373
219 1195 299 1254 γὰρ
331 1193 352 1240 ὅ
387 1195 583 1253 λαμπρὸς
614 1190 741 1247 οὗτος
762 1194 840 1252 τὴν
868 1195 1091 1252 ἐκκλησίαν
1116 1199 1193 1238 τοῦ
1220 1199 1327 1239 θεοῦ
1337 1229 1351 1250 ,
1390 1189 1482 1254 ἕνῇ
1512 1193 1740 1247 πιστεύσας

66 1275 108 1310 V.
124 1277 196 1314 297
220 1264 468 1324 κατηξιώθη
489 1270 565 1310 τοῦ
586 1266 887 1326 πρεσβυτερίου
909 1265 1019 1310 κατὰ
1031 1263 1158 1324 χάριν
1187 1270 1265 1310 τοῦ
1292 1263 1520 1310 ἐπισκόπου
1542 1270 1618 1311 τοῦ
1647 1268 1738 1310 ἔπι-
1753 1278 1798 1314 15

221 1338 374 1388 θέντος
393 1337 510 1398 αὐτῷ
531 1345 675 1397 χεῖρας
697 1340 754 1389 εἷς
779 1339 1082 1396 πρεσβυτερίου
1107 1340 1290 1396 κλῆρον,
1329 1334 1388 1388 ὥς
1407 1335 1742 1393 διακωλυόμενος

221 1407 305 1453 ὖπό
326 1408 485 1460 παντὸς
505 1413 582 1452 τοῦ
604 1406 777 1467 κλήρου,
800 1408 908 1452 ἀλλὰ
927 1410 996 1452 καὶ
1020 1413 1177 1453 λαῖκῶν
1197 1411 1390 1452 πολλῶν·
1416 1409 1502 1452 ἐπεὶ
1510 1409 1571 1465 μὴ
1583 1409 1676 1461 ἐξὸν
1687 1405 1741 1466 ἦν

223 1480 272 1524 τὸ
295 1480 358 1523 ε’πὶ
380 1481 497 1538 κλίνῃ
511 1479 582 1523 διὰ
603 1477 729 1524 νόσον
752 1480 1050 1538 περιχυθέντα,
1075 1478 1216 1537 ὥσπερ
1239 1480 1309 1523 καὶ
1331 1473 1469 1534 οὗτος,
1494 1482 1551 1530 εἲς
1584 1478 1741 1539 κλῆρόν

224 1569 320 1595 τινα
342 1550 555 1609 γενέσθαι,
576 1550 727 1608 ἠξίωσε
739 1555 1070 1609 συγχωρηθῆναι
1085 1550 1215 1594 αὐτὸν
1234 1554 1386 1594 τοῦτον
1405 1549 1539 1607 μόνον
1547 1568 1742 1609 χειροτο-

223 1627 364 1679 νῆσαι.
393 1619 562 1673 τούτοις
572 1625 854 1680 προστίθησιν
866 1620 888 1666 ὁ
902 1619 1139 1680 Κορνήλιος
1150 1621 1198 1665 τὸ
1212 1619 1489 1666 ἀτοπώτατον
1501 1620 1740 1679 τῆςΝαυά-
1751 1636 1800 1671 20

225 1711 302 1737 του
313 1693 586 1749 ἀνευλαβείας
597 1691 771 1752 φάσκων
786 1707 798 1718 ·
816 1690 995 1750 ποιήσας
1004 1693 1083 1751 γὰρ
1096 1692 1173 1743 τὰς
1192 1692 1441 1751 προσφορὰς
1452 1694 1522 1736 καὶ
1534 1694 1742 1749 διανέμων

226 1762 389 1826 ἑκάστῳ
412 1764 459 1808 τὸ
483 1764 611 1823 μέρος
632 1766 701 1809 καὶ
722 1764 933 1816 ἐπιδιδοὺς
961 1762 1100 1825 τούτῳ
1130 1761 1296 1820 ὀμνύειν
1326 1763 1420 1809 ἀντὶ
1452 1767 1529 1808 τοῦ
1562 1763 1743 1822 εὐλογεῖν

319 1881 356 1917 3.
381 1879 450 1914 τοῦ
468 1878 511 1913 Ρ.
536 1875 629 1920 τούς
645 1878 694 1913 G.
812 1875 974 1922 τούτων]
1000 1876 1142 1915 τούτου
1161 1877 1210 1914 G.
1329 1879 1363 1915 6.
1396 1874 1536 1915 ἑαυτὸν
1562 1874 1662 1914 εἶναι
1691 1877 1740 1914 G.

395 1925 728 1983 12.,πρεσβύτερος
746 1923 845 1964 εἶναι
863 1925 937 1975 ἔφη
956 1926 1003 1962 G.
1111 1928 1170 1963 21.
1196 1924 1393 1973 διανείμας
1414 1927 1462 1964 G.
1566 1927 1624 1963 22.
1648 1923 1740 1962 τού-

320 1975 390 2023 τῳ]
416 1977 521 2024 αυτῷ
541 1976 589 2012 G.

228 2083 308 2106 men
328 2082 407 2107 eum
427 2071 628 2119 suscepisse
645 2071 826 2107 fatendum
852 2072 920 2107 est.
967 2068 1094 2105 Morbo
1112 2071 1228 2105 tamen
1246 2069 1417 2106 liberatus
1437 2068 1526 2105 nihil
1545 2068 1741 2104 huiusmodi

228 2119 379 2165 adeptus
401 2124 475 2163 est,
500 2120 593 2166 quod
613 2120 714 2154 iuxta
733 2131 885 2155 canones
901 2117 1071 2153 ecclesiae
1088 2129 1152 2152 nos
1178 2119 1360 2164 suscipere
1380 2118 1502 2160 decet3
1528 2122 1568 2152 ut
1589 2117 1634 2152 ab
1661 2116 1741 2162 epi-

228 2176 337 2211 scopo
359 2166 518 2202 nimirum
540 2168 796 2213 consignemur.
847 2165 961 2200 Huius
981 2170 1095 2200 autem
1114 2166 1198 2201 doni
1215 2178 1364 2212 expers,
1389 2164 1562 2212 quomodo
1584 2170 1741 2199 sanctum

227 2213 342 2259 ipsum
363 2213 524 2259 spiritum
547 2215 711 2261 consequi
731 2213 939 2261 potuisset?
965 2213 1101 2248 Rursus
1127 2212 1317 2259 subiungit.
1377 2214 1434 2248 An
1457 2223 1523 2246 non
1547 2216 1660 2254 metu,
1686 2211 1744 2246 vi-

229 2266 359 2306 taeque
378 2273 495 2296 amore
519 2262 802 2308 persequutionis
822 2261 991 2306 temporis
1009 2261 1255 2307 presbyterum
1272 2273 1311 2294 se
1328 2272 1406 2295 esse
1425 2259 1644 2304 denegavit?
1668 2260 1743 2294 Ro-

230 2312 338 2353 gatus
360 2308 533 2354 siquidem
555 2314 593 2344 et
615 2321 636 2343 a
657 2309 815 2344 diaconis
838 2313 1005 2344 exoratus
1018 2335 1028 2350 ‚
1053 2313 1091 2342 ut
1112 2308 1253 2352 tugurio
1273 2319 1341 2353 quo
1360 2319 1399 2342 se
1420 2305 1641 2342 concluserat
1659 2318 1744 2353 pro-

234 2355 329 2390 diret
356 2361 393 2390 et
422 2361 588 2402 quantum
619 2357 675 2390 fas
703 2362 798 2390 esset
829 2360 1058 2402 potestasque
1086 2355 1294 2400 presbytero
1311 2354 1435 2396 fieret,
1460 2353 1742 2400 periclitantibus

233 2401 404 2438 fratribus
423 2403 654 2449 subsidioque
673 2403 912 2449 indigentibus
928 2413 1028 2448 opem
1046 2402 1178 2444 ferret3
1204 2406 1339 2436 tantum
1358 2402 1485 2444 abfuit,
1515 2406 1555 2436 ut
1573 2401 1744 2436 diacono-

231 2462 308 2485 rum
329 2451 495 2496 precibus
518 2461 645 2485 morem
673 2455 837 2496 gereret,
862 2454 903 2484 ut
933 2449 1037 2483 etiam
1062 2460 1131 2483 non
1151 2449 1227 2483 sine
1246 2449 1423 2484 stomacho
1445 2449 1490 2483 ab
1511 2449 1562 2483 eis
1582 2449 1743 2484 discede-

231 2502 311 2540 πεί-,ς
337 2509 402 2532 nec
423 2510 462 2532 se
482 2497 629 2544 amplius
651 2498 896 2543 presbyterum
922 2508 1001 2530 esse
1021 2496 1115 2531 velle
1143 2496 1390 2542 profiteretur,
1415 2500 1538 2543 utpote
1557 2495 1744 2531 sanctioris

232 2546 394 2590 agendae
423 2546 521 2580 vitae
544 2545 694 2580 rationis
725 2544 891 2590 cupidine
915 2547 1080 2578 tractum.
1138 2544 1227 2578 Post
1256 2556 1368 2591 pauca
1397 2544 1527 2579 deinde
1545 2543 1743 2589 subiungit.

230 2592 432 2638 Der-eliquit
462 2595 559 2628 certe
589 2597 750 2627 strenuus
770 2592 831 2627 ille
857 2590 956 2625 miles
982 2590 1166 2627 ecclesiam
1193 2591 1271 2634 dei,
1296 2592 1333 2627 in
1355 2603 1447 2638 qua,
1471 2594 1637 2637 suscepta
1657 2590 1742 2633 fide,

232 2651 297 2686 per
319 2640 468 2685 gratiam
495 2639 653 2686 episcopi
683 2639 720 2674 in
749 2638 961 2685 presbyterii
984 2643 1112 2674 sortem
1131 2651 1253 2674 manus
1272 2639 1325 2674 illi
1353 2638 1565 2686 imponentis
1595 2638 1744 2684 presby-

231 2687 300 2721 teri
324 2687 532 2732 dignitatem
557 2687 702 2722 sortitus
724 2692 798 2729 est;
823 2686 1011 2733 episcopus
1030 2698 1118 2721 vero
1144 2698 1190 2722 ne
1212 2687 1279 2722 hoc
1304 2688 1462 2728 faceret,
1486 2690 1558 2720 tum
1583 2686 1628 2720 ab
1651 2685 1743 2721 omni

230 2734 327 2770 clero
356 2738 428 2769 tum
458 2745 480 2770 a
505 2734 664 2781 plurimis
690 2734 797 2769 etiam
824 2745 845 2768 e
872 2733 974 2779 plebe
1001 2734 1157 2776 vetitus,
1181 2746 1257 2769 cum
1277 2746 1346 2769 non
1363 2734 1488 2769 liceret
1504 2744 1596 2779 aqua
1616 2733 1743 2768 leviter

229 2781 267 2815 in
292 2782 383 2816 lecto
405 2782 611 2824 lustratum,
637 2785 743 2828 prout
763 2781 796 2816 ei
823 2780 1047 2826 contigerat,
1080 2781 1116 2815 in
1141 2781 1269 2816 domini
1298 2781 1427 2817 clerum
1457 2780 1637 2826 cooptari3
1674 2780 1742 2815 hoc

230 2828 300 2863 sibi
321 2829 479 2875 permitti
506 2828 669 2874 rogavit,
694 2832 735 2864 ut
763 2828 844 2864 huic
873 2828 938 2862 soli
965 2839 1090 2862 munus
1113 2829 1270 2864 ordinum
1293 2830 1454 2864 conferre
1474 2827 1610 2862 liceret.
1657 2826 1743 2862 Istis

229 2876 392 2922 adiungit
421 2877 607 2911 Cornelius
633 2880 834 2912 cunctorum
861 2875 1001 2911 Novati
1027 2875 1164 2911 fucinus
1193 2875 1447 2922 impiissimum,
1471 2875 1604 2909 dicens.
1652 2874 1743 2909 Per-

230 2928 311 2959 acto
332 2923 498 2960 sacrificii
516 2923 690 2961 offerendi
707 2924 800 2968 ritu,
826 2923 1082 2959 distributurus
1098 2924 1286 2972 unicuique
1306 2929 1442 2972 partem
1461 2923 1637 2965 Novatus,
1655 2921 1742 2957 iam—
