1800 3236
586 173 1112 223 CHRONOGRAPHIA.
1493 176 1595 225 627

97 287 142 340 ἔξ
160 288 298 332 ἐθνῶν
325 286 407 332 ὕπ’
437 285 571 332 αὗτοῦ
591 291 884 344 βαπτισθῆναι
906 285 928 332 ὅ
949 287 1146 345 εὐνοῦχος
1164 289 1362 345 Αἰθίοψ,
1400 291 1528 345 αὐτός
1548 311 1592 339 τε
1614 299 1657 336 V.
1677 298 1750 339 264

98 361 243 414 Σίμων
277 356 451 414 ὀνόματι
479 355 599 417 μόνῳ
626 357 701 401 τὸν
722 358 1058 417 Χριστιανισμόν
1075 357 1259 413 ὑποδὺς,
1299 358 1525 406 ἀνάστασιν
1549 365 1596 408 δὲ

96 429 157 486 μὴ
190 427 429 486 ὁμολογῶν,
464 428 574 485 μηδὲ
603 426 677 471 τὸν
705 426 865 484 κόσμον
890 426 994 472 εἶναι
1019 433 1097 472 τοῦ
1126 433 1256 483 θεοῦ,
1288 428 1429 475 πᾶσάν
1452 449 1496 476 τε
1520 435 1596 476 ,αἲ-

95 500 347 557 σχρουργίαν
369 496 659 556 εἰσηγούμενος
680 505 769 549 τοῖς
790 497 943 543 ἑαυτοῦ
955 503 1188 556 μαθηταῖς.
1596 503 1630 539 D

65 631 91 668 5
553 616 824 660 KOEMOY
852 616 988 658 ETH
1015 613 1140 677 ἐφμῖ

477 701 570 754 Τῆς
603 698 727 748 θειάς
762 694 1012 755 σαρκώσεως
1046 696 1117 755 ἔτη
1150 694 1211 754 μ’.

199 789 366 849 Πέτρος
395 787 416 835 ὃ
450 797 682 850 κορυφαῖος
715 790 792 847 τὴν
824 791 868 834 ἓν
889 790 1115 851 Ἀντιοχείᾳ
1138 787 1307 848 πρώτην
1335 787 1598 847 θεμελιώσας

94 859 316 917 ἐκκλησίαν
335 863 393 912 εἰς
405 858 568 918 Ῥώμην
591 860 726 904 ἄπεισι
748 858 965 918 κηρύττων
992 860 1041 904 τὸ
1072 860 1316 917 εὐαγγέλιον.
1355 859 1377 905 ὅ
1399 860 1445 905 δ’
1467 861 1598 914 αὐτὸς

93 931 200 986 μετὰ
229 935 306 988 τῆς
325 931 368 975 ἓν
380 930 607 991 Ἀντιοχείᾳ
630 931 849 986 ἐκκλησίας
871 931 938 974 καὶ
957 934 1034 987 τῆς
1058 930 1101 973 ἓν
1121 927 1260 989 Ῥώμῃ
1281 935 1448 990 πρῶτος
1469 932 1597 991 προέ-

35 1005 82 1040 10
95 1017 173 1058 στη
196 1002 274 1052 ἕως
295 998 540 1052 τελειώσεως
561 1000 705 1044 αὐτοῦ.

194 1072 363 1130 ,Πέτρος
396 1070 473 1127 τὴν
505 1068 676 1128 πρώτην
704 1068 938 1126 καθολικὴν
959 1067 1181 1125 ἐπιστολὴν
1205 1067 1288 1112 ἀπὸ
1304 1066 1469 1126 Ῥώμης
1490 1068 1594 1114 ἀπέ-

91 1145 245 1185 στειλεν
258 1174 272 1196 ,
312 1139 370 1192 ὥς
399 1140 627 1194 Εὐσέβιος,
667 1137 868 1195 ἑπόμενον
900 1138 1005 1195 ἔχων
1032 1140 1099 1182 καὶ
1125 1136 1310 1196 Μάρκον
1330 1139 1404 1184 τὸν
1427 1139 1595 1199 εὐαγγε-

14 1224 17 1227 ’
90 1210 260 1268 λιστὴν,
297 1209 391 1255 τότε
419 1209 640 1266 Ῥωμαιόις
669 1207 865 1266 αἰτήσασι
892 1207 1156 1259 συντάξαντα
1176 1208 1224 1253 τὸ
1244 1208 1474 1267 εὐαγγέλιον
1482 1244 1497 1264 ,
1535 1209 1592 1261 ὥς
1619 1214 1657 1250 Ρ.
1680 1215 1752 1253 332

89 1280 272 1346 Κλήμης
301 1281 344 1325 ἓν
375 1278 410 1332 ς’
431 1278 860 1325 τῶν“Υποτυπώσεων
880 1281 948 1322 καὶ
980 1280 1157 1329 Παπίας
1177 1276 1199 1323 ὅ
1217 1276 1484 1336 Ἱεραπόλεως
1503 1281 1592 1323 ἕπί-

33 1357 78 1393 15
90 1369 260 1405 σκοπος,
301 1345 351 1396 οὗ
378 1352 446 1394 καὶ
466 1351 673 1407 με’μνηται
698 1350 741 1393 ἓν
763 1349 872 1408 αὐτῇ
892 1347 1095 1407 Μάρκου,
1134 1350 1203 1392 καὶ
1223 1352 1300 1405 τῆς
1317 1347 1477 1401 πόλεως
1495 1353 1590 1394 Βα-

87 1425 279 1478 βυλῶνος
293 1435 304 1446 ·
340 1420 460 1465 ἄλλοι
482 1422 527 1465 δὲ
547 1420 629 1465 ἀπὸ
643 1418 813 1476 Ἰόππης
837 1421 942 1477 φασὶ
963 1417 1213 1477 γεγράφθαι.

192 1489 373 1535 Παύλου
394 1493 462 1535 καὶ
480 1493 589 1536 Σίλα
613 1487 815 1540 ἐπάνοδος
828 1490 870 1533 ἓν
892 1489 1040 1547 Δέρβῃ
1060 1485 1363 1546 καὶΛύστροις
1381 1488 1452 1532 καὶ
1473 1490 1593 1548 Φρυ-

87 1562 156 1622 γίᾳ
179 1562 368 1622 Ἰσαυρίᾳ
388 1579 433 1605 τε
452 1563 519 1606 καὶ
538 1561 706 1621 Κιλικίᾳ
731 1561 798 1603 καὶ
818 1563 860 1603 Γ
857 1560 1007 1619 αλατίᾳ
1030 1559 1098 1602 καὶ
1123 1556 1310 1616 Τρωάδι.

191 1630 371 1676 Παύλου
405 1634 476 1676 καὶ
504 1629 694 1690 Μάρκου
717 1630 760 1674 ἓν
785 1631 1009 1680 Φιλίπποις
1025 1630 1095 1672 καὶ
1118 1627 1404 1688 Θεσσαλονίκῃ
1421 1629 1490 1672 καὶ
1507 1630 1591 1672 Βε-

29 1707 78 1742 20
90 1703 183 1761 ροίῃ
204 1700 386 1760 πράξεις.
1120 1689 1124 1692 ⁴

180 1803 217 1839 5.
242 1799 325 1843 ἔτος
342 1801 386 1840 Β.
481 1801 516 1837 6.
543 1797 625 1840 ἔτος
645 1797 717 1833 ΑΒ.
819 1798 854 1834 7.
878 1794 950 1842 τὴν
970 1794 1012 1835 ἐν
1025 1794 1070 1833 Ἀ.
1093 1793 1264 1842 πρώτην]
1287 1792 1443 1843 πρώτην
1460 1791 1503 1832 ἐν
1516 1797 1590 1831 Αν-

180 1851 325 1896 τιοχείᾳ
342 1850 391 1884 G.
498 1847 553 1884 13.
578 1845 677 1890 τότε]
703 1841 790 1881 τότε
806 1845 870 1881 καὶ
894 1846 942 1882 Gr.
1057 1843 1242 1889 συντάξας
1265 1843 1313 1878 G.
1420 1841 1476 1880 16.
1511 1840 1589 1880 οἶπὸ

180 1907 252 1932 om.
269 1897 319 1932 G.
429 1891 568 1940 ἰόππης
589 1894 633 1928 Β.
660 1890 810 1938 lainam·
838 1893 918 1928 AG.
1032 1891 1124 1939 φασὶ
1147 1903 1213 1929 om.
1234 1891 1284 1926 G.
1398 1891 1455 1927 19.
1478 1887 1520 1927 ἐν
1543 1890 1587 1926 Β.

181 1942 223 1979 αὶ
243 1943 284 1994 ἐν
305 1944 355 1980 G.
458 1943 588 1991 βεροίῃ
607 1941 650 1976 Β.
676 1939 837 1988 Βερῤοίῃ
854 1940 902 1974 G.

60 2042 62 2044 ’
88 2038 270 2086 opposuit;
295 2049 364 2084 qua
382 2036 486 2072 etiam
504 2037 712 2082 tempestate
742 2031 920 2068 eunuchus
942 2030 1110 2078 Aethiops
1131 2029 1263 2077 primus
1283 2041 1305 2065 e
1330 2028 1494 2076 gentihus
1522 2029 1588 2064 ba-

87 2086 213 2133 ptismo
231 2085 360 2120 dicitur
377 2084 559 2126 initiatus;
582 2083 701 2117 Simon
722 2093 805 2116 vero
826 2079 1061 2115 Christianam
1083 2077 1286 2125 religionem
1304 2089 1365 2112 ore
1382 2081 1484 2119 tenus
1503 2087 1587 2123 pro-

87 2133 214 2176 fessus,
237 2132 370 2168 reiecta
387 2143 476 2178 quae
495 2131 538 2166 de
556 2129 812 2165 resurrectione
830 2132 885 2162 est
902 2126 984 2168 fide,
1002 2126 1060 2160 vel
1077 2138 1168 2172 quae
1185 2124 1343 2160 mundum
1363 2135 1385 2159 a
1401 2123 1469 2160 deo
1486 2134 1586 2160 crea·

86 2185 158 2216 tum
177 2180 384 2229 praedicat,
407 2178 649 2226 spurcitiarum
669 2175 769 2211 nefas
789 2185 887 2210 omne
908 2172 1090 2220 discipulis
1106 2172 1178 2208 suis
1199 2171 1374 2220 exposuit.

565 2259 715 2299 ANNI
744 2256 947 2297 MUNDI
981 2256 1106 2301 5540.

507 2328 669 2365 vaxmss
700 2326 984 2362 lucum-nom
1019 2334 1078 2359 AN.
1102 2322 1162 2360 40.

178 2388 308 2424 Petrus
326 2388 560 2435 apostolorum
575 2386 795 2433 coryphaeus
812 2383 957 2419 fundata
965 2380 1171 2418 Antiochiae
1188 2377 1298 2427 prima
1308 2376 1458 2414 ecclesia
1474 2386 1581 2411 evan-

85 2435 213 2482 gelium
234 2435 499 2482 praedicaturus
520 2436 659 2470 Romam
683 2433 860 2480 profectus
882 2433 948 2466 est.
996 2430 1092 2464 Idem
1103 2428 1278 2464 Romanae
1293 2425 1395 2461 simul
1409 2427 1446 2460 et
1454 2422 1578 2458 Antio-

85 2484 216 2518 chenae
236 2483 407 2519 ecclesiae
426 2483 471 2517 ad
490 2483 621 2517 obitum
648 2492 758 2526 usque
775 2479 906 2525 primns
925 2475 1089 2523 praefuit.

179 2530 328 2571 Petrus,
356 2529 477 2564 Marco
499 2527 715 2574 evangelista
743 2525 1060 2572 peregrinationum
1086 2520 1211 2558 comite
1236 2529 1351 2555 secum
1382 2516 1507 2558 ducto,
1536 2516 1577 2550 ut

85 2576 257 2612 Eusebius
278 2577 379 2612 testis
398 2579 471 2618 est,
496 2575 676 2621 epistolam
695 2572 898 2609 catholicam
919 2571 1061 2618 primam
1081 2570 1191 2605 Roma
1216 2566 1371 2612 scripsit.

178 2624 320 2659 Marcus
339 2636 360 2658 a
378 2623 543 2657 Romanis
561 2627 704 2667 rogatus
722 2619 934 2665 evangelium
954 2616 1183 2663 conscripsit,
1208 2615 1259 2650 ait
1276 2613 1434 2646 Clemens
1452 2607 1578 2654 Hypo-

151 2682 256 2706 oseon
274 2672 298 2707 6
319 2678 355 2706 et
370 2681 446 2705 cum
464 2681 505 2704 eo
523 2669 654 2715 Papias
669 2667 901 2713 Hierapoleos
919 2666 1127 2713 episcopus3
1152 2660 1263 2698 Marci
1282 2659 1449 2702 urbisque
1458 2654 1579 2709 Baby:-

85 2718 175 2753 lonis
199 2718 236 2752 in
266 2718 386 2753 eadem
415 2716 564 2763 epistola
592 2715 722 2751 Petrus
750 2714 828 2761 agit
849 2712 1067 2755 memoriam3
1089 2711 1199 2757 Ioppe
1226 2707 1309 2742 licet
1330 2704 1494 2750 scriptam
1514 2697 1578 2737 ahi

84 2764 393 2800 comminiscantur.

178 2811 280 2846 Pauli
296 2816 332 2846 et
350 2810 459 2857 Sylae
473 2808 635 2851 Derben,
658 2807 826 2856 Lystros,
848 2804 1062 2853 Phrygiam,
1087 2800 1269 2843 Isauriam,
1291 2795 1472 2838 Ciliciam,
1496 2793 1574 2830 Ga·

83 2857 200 2894 latiam
219 2862 256 2892 et
277 2859 453 2893 Troadem
476 2856 621 2892 reditus.

178 2905 268 2940 Acta
284 2904 388 2940 Pauli
411 2908 448 2940 et
466 2902 581 2940 Marci
596 2900 792 2950 Philippis,
815 2899 1092 2937 Thessalonicae
1110 2898 1147 2932 et
1161 2892 1371 2930 Berrhoeae.
