1800 3236
247 193 350 245 684
710 190 968 245 GEORGII
999 197 1290 247 SYNCELLI

309 300 625 371 Ἀλεξανδρείας
639 311 1093 372 τεσσαρεσκαιδέκατος
1111 312 1335 363 ἐπίσκοπος
1355 308 1583 366 Διονύσιος
1601 310 1673 372 ἐτη
1693 311 1758 368 ιζ’.

313 382 615 444 Ἱεροσολύμων
668 382 919 444 τριακοστὸς
978 383 1162 441 ἕβδομος
1211 383 1436 436 ἐπίσκοπος
1486 383 1759 443 Μαζαβάνης

386 454 459 513 ἔτη
487 452 567 499 κα’.

351 538 507 583 Δεκίου
539 536 751 581 Φίλιππον
784 532 1006 588 ἀνελόντος
1044 533 1135 592 ἅμα
1165 542 1255 588 τοῖς
1284 537 1403 581 παισὶ
1439 539 1511 582 καὶ
1538 536 1614 582 τόν
1651 538 1760 582 κατὰ

246 612 520 668 Χριστιανῶν
539 607 722 665 διωγμὸν
742 605 982 664 ἐξάψαντος
1000 607 1040 652 οἳ
1070 611 1154 651 τῶν
1176 605 1390 664 ἐπισήμων
1418 609 1645 666 ἐκκλησιῶν
1679 613 1786 667 τῆς5

248 679 494 736 οἰκουμένης
504 713 518 733 ,
557 676 614 730 ὥς
634 677 950 738 προεσήμανται
962 712 976 733 ,
1015 675 1205 737 ἷεράρχαι
1226 682 1285 738 τῷ
1305 677 1409 738 ὖπέρ
1431 682 1626 738 Χριστοῦ
1645 672 1760 739 μαρ-

245 752 378 811 τυρίῳ
398 749 778 808 κατεστέφθησαν,
819 747 1039 806 Φαβιανός
1066 748 1144 805 μὲν
1176 753 1253 807 τῆς
1279 747 1498 805 Ῥωμαίων
1525 748 1760 809 ἁγιωτάτης

246 822 489 879 ἐκκλησίας,
510 823 717 877 Βαβυλᾶς
737 821 782 864 δέ
804 825 879 878 τῆς
891 820 1150 877 Ἀντιοχέων,
1183 822 1253 864 καὶ
1278 817 1616 879 ὃἹεροσολύμων
1637 820 1760 879 ἱερώ-

207 903 379 944 Βτατος
402 892 677 951 Ἀλέξανδρος
702 893 768 943 δὶς
789 891 1015 950 παραστὰς
1042 898 1306 948 τυραννικοῖς
1331 889 1496 949 βήμασι
1519 893 1587 935 καὶ
1617 896 1758 936 τελευ-

201 1007 203 1009 ,
241 962 377 1020 τήσας
399 963 443 1008 ἐν
472 967 526 1022 τῇ
559 967 728 1023 φρουρᾷ
745 962 854 1019 μετὰ
878 963 1302 1021 πεπαρρησιασμένην
1329 964 1398 1006 καὶ
1429 960 1627 1015 ἀξιόθεον
1650 961 1751 1019 ὄμο-
1770 971 1800 1007 1(

242 1037 401 1093 λογίαν.
441 1035 506 1079 ἐπὶ
527 1032 692 1085 τούτοις
711 1035 780 1077 καὶ
791 1033 1038 1093 Κυπριανός
1058 1031 1080 1077 ὅ
1098 1034 1227 1090 μέγας
1239 1033 1523 1091 Καρθαγένης
1534 1035 1758 1086 ἐπίσκοπος

242 1107 451 1157 πλείστοις
483 1105 609 1163 ἱεροῖς
639 1102 777 1163 λόγοις
805 1106 874 1148 καὶ
902 1102 1207 1161 ἐπιστάλμασιν
1230 1102 1471 1160 ὖπαλείψας
1498 1104 1681 1156 πολλοὺς
1713 1106 1757 1149 ἐν

242 1180 303 1237 τῷ
335 1176 450 1237 αὐτῷ
480 1175 589 1220 κατὰ
616 1175 770 1220 Δέκιον
801 1177 969 1236 διωγμῷ
993 1177 1061 1219 καὶ
1084 1173 1308 1234 μάρτυρας
1335 1172 1575 1233 προθύμως
1607 1177 1756 1227 πείσας

244 1247 441 1306 γενέσθαι
470 1251 531 1307 τῷ
563 1243 668 1306 ὗπέρ
691 1250 768 1290 τοῦ
796 1248 942 1304 κυρίου
971 1247 1194 1306 μαρτυρίῳ
1227 1250 1482 1300 τελειοῦται,
1523 1246 1660 1291 πολλὰ
1694 1252 1754 1306 τῷ

245 1316 463 1378 ἅρχεκάκῳ
492 1315 691 1375 δράκοντι
718 1316 1051 1371 ἀντιπαλαίσας,
1092 1314 1150 1368 ὥς
1175 1313 1203 1373 ἡ
1235 1316 1334 1360 κατ’
1372 1316 1503 1361 αὗτόν
1531 1318 1752 1376 συγγραφὴ
1769 1326 1800 1363 Ῑὲ

243 1392 389 1446 δηλοῖ,
428 1392 505 1445 τῆς
533 1388 642 1432 κατὰ
663 1387 894 1433 Ἰουστίναν
917 1388 995 1446 τὴν
1020 1386 1141 1446 ἁγίαν
1163 1384 1503 1447 καλλιπάρθενον
1525 1387 1754 1444 δαιμονιώ-

243 1462 344 1512 δους
372 1463 619 1519 προσβολῆς
640 1461 830 1516 δηλοῦσα
862 1459 911 1503 τὸ
944 1460 1124 1520 ἀδρανὲς
1159 1460 1229 1503 καὶ
1255 1463 1333 1516 τῆς
1357 1458 1490 1503 αὐτοῦ
1513 1459 1619 1517 πρὸς
1647 1459 1753 1504 θεὸν

242 1535 491 1590 προφανοῦς
512 1529 816 1588 ἐξαγορεύσεως
838 1530 888 1575 τὸ
921 1529 1214 1591 ἀνυπόκριτον.
1265 1534 1433 1574 πολλῶν
1454 1530 1500 1574 δέ
1523 1532 1592 1574 καὶ
1613 1529 1752 1574 ἄλλων

81 1614 122 1649 Ρ.
148 1611 220 1651 364
243 1602 550 1646 τελειωθέντων
567 1599 671 1659 ὖπέρ
691 1605 885 1660 Χριστοῦ
906 1602 949 1645 ἐν
971 1600 1030 1663 τῷ
1049 1602 1165 1662 αὐτῷ
1188 1602 1372 1662 διωγμῷ,
1404 1595 1461 1645 ὧν
1484 1601 1538 1645 τὰ
1563 1599 1752 1657 ὀνόματα

238 1671 368 1730 μόνος
389 1671 411 1717 ὃ
439 1674 731 1731 μαρτυρηθεὶς
753 1671 830 1716 ὑπ’
863 1672 1005 1717 αὐτῶν
1035 1671 1180 1732 κύριος
1203 1670 1338 1726 οἶδεν,
1372 1670 1585 1730 Ὠριγένης
1610 1672 1751 1728 αὐχῶν
1762 1679 1800 1714 2(

240 1745 307 1788 ἐπὶ
337 1742 475 1802 λόγοις
505 1744 821 1803 σεσοφισμένοις
850 1745 919 1787 καὶ
947 1742 1109 1800 μύθοις
1126 1742 1379 1799 Ἑλληνικοῖς
1400 1742 1639 1802 ἀπελείφθη
1672 1747 1751 1786 τοῦ

86 1828 129 1862 V.
149 1827 221 1864 290
244 1812 493 1874 τηλικούτου
525 1813 763 1875 στεφάνου,
803 1814 926 1859 οὐδὲν
957 1815 1026 1859 διὰ
1055 1816 1180 1867 θείας
1194 1812 1511 1873 χρηστότητος,
1551 1813 1660 1858 ἀλλὰ
1683 1813 1747 1858 δι’

334 1941 372 1979 7.
388 1937 588 2035 ἕραβιριιές
608 1939 650 1977 P.
678 1938 893 1991 Φλαβιανός
912 1939 961 1977 G.
1094 1941 1155 1979 21.
1190 1939 1416 1987 Ελληνικοῖς
1433 1936 1579 1987 μύθοις
1603 1937 1654 1973 G.

331 2002 403 2026 του
444 2001 491 2025 κα
571 2014 581 2024 .

289 2094 525 2132 Alexandriae
544 2095 729 2144 episcopus
749 2093 794 2134 14
811 2095 1004 2144 Dionysius
1024 2095 1123 2133 annis
1147 2096 1205 2134 17.

290 2142 609 2191 Hierosolymorum
626 2145 815 2192 episcopus
834 2146 881 2183 37
905 2145 1121 2181 Mazabanes
1145 2144 1246 2180 annis
1265 2143 1325 2181 21.

337 2201 502 2249 Philippo
521 2215 590 2238 una
607 2216 684 2239 cum
703 2204 822 2240 liberis
842 2216 864 2239 a
881 2204 992 2240 Decio
1014 2204 1173 2247 sublato,
1197 2201 1356 2240 accensis
1381 2200 1551 2238 adversus
1571 2198 1746 2235 Christia-

245 2259 308 2283 nos
329 2251 582 2294 persecutionis
602 2251 771 2295 flammis,
794 2252 1082 2287 nobilissimarum
1101 2251 1197 2287 orbis
1222 2250 1449 2286 ecclesiarum
1477 2247 1683 2294 pontificeS,
1707 2250 1746 2282 ut

245 2295 408 2342 superius
427 2296 668 2341 indicavimus,
699 2311 763 2346 pro
783 2299 927 2335 Christo
945 2298 1105 2345 martyrii
1123 2300 1244 2334 laurea
1263 2296 1419 2331 decorati
1437 2299 1540 2338 sunt;
1566 2295 1746 2330 Fabianus

244 2343 483 2379 sanctissimae
509 2344 685 2381 Romanae
711 2347 902 2392 ecclesiae,
936 2347 1092 2392 Babylas
1118 2345 1379 2386 Anfiocheuae,
1404 2342 1747 2389 Hierosolymitanae

245 2390 444 2426 Alexander
464 2396 689 2438 tyrannorum
704 2394 937 2429 tribunalibus
959 2394 1112 2429 secundo
1132 2392 1287 2434 adstans,
1301 2396 1337 2426 et
1354 2391 1468 2426 libera
1486 2390 1622 2436 deoque
1637 2389 1747 2436 digna.

245 2438 465 2475 confessione
495 2441 687 2485 praestita,
718 2440 754 2475 in
777 2453 921 2476 carcere
947 2439 1053 2475 vitam
1083 2439 1213 2475 finivit.
1259 2438 1313 2474 Ad
1336 2439 1399 2473 hos
1423 2438 1572 2474 accessit
1591 2437 1745 2483 Cypria-

242 2497 311 2520 nus
331 2497 475 2532 magnus
495 2486 722 2532 Carthaginis
740 2489 938 2535 episcopus,
962 2487 1020 2534 qui
1037 2487 1156 2534 plures
1176 2486 1287 2521 sacris
1307 2485 1429 2525 verbis
1448 2485 1745 2533 epistolarumque

242 2533 468 2569 hortamentis
487 2533 587 2581 quasi
607 2536 652 2569 ad
671 2535 881 2578 palaestram
899 2539 1033 2577 unctos,
1058 2533 1332 2580 martyriumque
1350 2532 1468 2569 subire
1486 2543 1676 2579 persuasos
1697 2532 1743 2566 ad

242 2580 420 2616 Christum
437 2581 502 2616 sub
520 2582 639 2616 eadem
658 2581 763 2617 Decii
786 2582 972 2629 tyrannide
991 2581 1237 2628 praemittens»,
1261 2582 1338 2627 ipse
1365 2592 1441 2616 cum
1463 2580 1615 2615 dracone
1634 2579 1743 2614 malo-

240 2640 316 2664 rum
347 2628 493 2664 omnium
518 2634 663 2669 auctore
685 2641 803 2675 pugna
829 2630 937 2672 inita,
967 2629 1133 2676 martyrio
1160 2634 1367 2672 coronatur,
1398 2632 1504 2675 prout
1532 2631 1613 2662 acta
1634 2627 1679 2661 de
1700 2638 1742 2661 eo

242 2677 440 2723 conscripta
459 2680 657 2719 testantur,
687 2677 722 2711 in
747 2677 873 2722 quibus
900 2676 1023 2711 irritus
1053 2677 1256 2711 daemonum
1283 2676 1452 2711 adversus
1473 2674 1639 2710 Iustinam
1658 2686 1742 2708 san-

242 2729 331 2757 ctam
351 2736 393 2758 ac
411 2724 596 2759 formosam
625 2723 773 2771 puellam
800 2724 950 2770 impetus
976 2730 1013 2759 et
1030 2724 1201 2771 Cypriani
1218 2722 1447 2759 confessionis
1466 2722 1613 2757 omnium
1631 2720 1743 2757 oculis

242 2771 426 2816 expositae
452 2770 637 2807 sinceritas
654 2770 911 2807 manifestatur.
960 2771 1025 2806 His
1051 2778 1165 2806 autem
1186 2778 1222 2806 et
1243 2782 1344 2817 quam
1362 2770 1519 2817 plurimis
1536 2769 1626 2813 aliis,
1653 2781 1741 2816 quo-

242 2830 316 2853 rum
343 2818 374 2852 is
392 2819 488 2854 solus
505 2819 601 2854 cuius
622 2819 720 2854 fuere
739 2823 870 2862 testes,
894 2817 1053 2853 dominus
1080 2818 1218 2854 nomina
1237 2817 1355 2861 novit,
1378 2818 1414 2852 in
1433 2817 1552 2853 eadem
1572 2828 1741 2863 persecu-

241 2865 335 2900 tione
355 2865 454 2901 vario
482 2865 544 2901 leti
571 2877 702 2913 genere
727 2865 919 2913 perfectis,
943 2866 1119 2912 Origenes
1144 2866 1337 2900 orationum
1356 2876 1493 2901 suarum
1513 2865 1631 2899 fucata
1658 2864 1742 2898 sub-

241 2912 370 2948 tilitate
390 2918 426 2949 et
452 2914 754 2950 Graecanicarum
770 2914 964 2949 fabularum
983 2913 1131 2960 gloriola
1152 2913 1278 2956 elatus,
1304 2925 1371 2948 non
1391 2913 1479 2947 adeo
1497 2910 1638 2946 divinae
1657 2922 1741 2956 gra-—

241 2960 335 3006 tiae,
357 2972 461 3009 quam
479 2960 644 3010 propriae
665 2960 853 3009 superbiae
874 2960 1011 3009 sibique
1028 2960 1094 2997 soli
1111 2959 1276 2997 credulae
1295 2959 1505 2998 temeritatis
1526 2956 1739 3001 infirmitate,
