1800 3236
579 190 1112 239 CHRONOGRAPHIA.
1505 186 1608 236 363

103 325 188 352 ται.
201 307 253 351 οἱ
273 306 325 351 δὲ·
337 304 399 363 μὴ
419 301 668 362 βουλόμενοι
687 303 762 349 τὸν
782 300 917 349 τόπον
935 299 1189 365 κατῴκισαν,
1213 300 1291 347 οὔκ
1313 297 1608 366 ἔχοντεςζὸπως

102 379 171 421 ἐπὶ
189 377 244 421 τὰ
264 377 445 435 σφέτερα
461 372 683 419 πλεύσωσι.
1133 389 1137 393 ·

207 447 329 506 Πρὸς
361 443 526 496 τούτοις
550 447 620 489 καὶ
637 445 830 496 Καλλιάς
859 442 883 489 ὅ
904 443 982 495 τὰς
996 440 1166 502 πράξεις
1176 440 1482 501 Ἀγαθοκλέους
1501 440 1608 501 γρᾶ-
1624 454 1669 491 Ρ.
1693 455 1764 493 193

105 535 205 576 φωνι
229 514 404 575 γυναῖκά
432 533 526 559 τινα
550 513 712 572 Ῥώμην
745 513 934 572 τοῦνομά
965 532 1071 573 φησι
1105 512 1295 574 Τρῳάδα
1323 512 1375 557 τὸ
1397 513 1514 570 γένος
1531 514 1609 558 σὺν

73 594 193 639 5τοῖς
222 588 392 646 Τρωσὶν
420 586 635 630 ἐλθοῦσαν
661 590 723 647 τῷ
761 590 992 644 τηνικαῦτα
1029 582 1505 643 βασιλεύοντιΛατίνῳ
1531 588 1609 641 τῆς

96 658 277 708 Ἰταλίας
310 654 534 714 γήμασθαι
570 658 640 700 καὶ
672 664 803 701 τεκεῖν
843 657 959 716 αὐτῷ
994 657 1152 707 παῖδας
1177 661 1310 714 τρεῖς,
1348 652 1510 709 Ῥῶμον
1537 656 1609 699 καὶ

95 725 310 783 Ῥωμύλον
334 728 404 770 καὶ
437 726 696 784 Τηλέγονον,
735 726 783 772 ὃν
818 729 983 784 οἰκῆσαι
1004 727 1048 770 ἐν
1069 726 1214 777 ἄλλοις
1226 725 1400 784 χωρίοις
1419 724 1577 782 ἐλέγετο
1595 739 1605 749 ·

96 796 258 854 Ῥῶμον
276 798 323 842 δὲ
341 798 410 840 καὶ
425 794 639 853 Ῥωμύλον
657 800 814 849 παῖδας
822 798 1021 842 Λατίνου
1041 798 1110 841 καὶ
1125 794 1289 853 Ῥώμης
1306 800 1385 852 τῆς
1404 793 1612 856 Τρῳάδος

101 865 180 925 τὴν
208 865 329 912 πόλιν
349 868 488 911 κτίσαι
513 869 582 911 καὶ
607 865 772 925 Ῥώμην
789 868 963 912 καλέσαι
984 872 1045 927 τῷ
1065 863 1251 927 μητρῴῳ
1272 864 1472 921 ὀνόματι,
1510 864 1613 918 τούς

44 947 91 984 10
101 955 146 982 τε
169 937 252 982 ἀπὸ
274 939 473 983 Λατίνου
491 939 738 993 Λατίνους,
774 938 876 990 τοὺς
907 939 976 982 καὶ
987 938 1250 997 Ἀβορίγινας
1265 934 1471 996 πρότερον
1490 941 1609 996 λεγο-

98 1008 274 1065 μένους,
307 1006 539 1063 Ῥωμαίους
556 1013 907 1067 προσαγορεῦσαι.

201 1077 344 1129 Πάλιν
365 1077 651 1136 Ξεναγόραςὸ
671 1079 930 1138 ξυγγραφεὺς
940 1076 1116 1135 Ῥῶμον,
1153 1077 1315 1122 Ἀντίαν
1335 1079 1406 1121 καὶ
1420 1076 1607 1136 Ἀρὸίαν,

97 1154 210 1207 τρεῖς
227 1148 345 1199 υἱοὺς
358 1148 595 1200 Ὀδυσσέως
613 1151 684 1193 καὶ
700 1151 863 1209 Κίρκης
879 1150 982 1208 λέγει
1001 1148 1119 1204 εἶναι,
1154 1148 1203 1194 οἳ
1216 1149 1287 1193 καὶ
1306 1155 1419 1208 τρεῖς
1432 1150 1600 1193 κτίσαν·
1614 1156 1645 1192 Β

96 1236 166 1271 τες
185 1217 428 1275 ἐπωνύμους
452 1217 591 1271 πόλεις
608 1219 779 1280 ᾤκισαν.

42 1299 87 1334 15
199 1287 249 1333 ‘0
280 1290 331 1333 δέ
352 1306 398 1347 γε
419 1291 659 1342 Χαλκιδεὺς
676 1287 902 1341 Διονύσιος
922 1289 997 1334 τὸν
1019 1287 1207 1346 οἰκιστὴν
1224 1293 1301 1346 τῆς
1320 1286 1478 1341 πόλεως
1500 1287 1604 1333 Ῥῶ-

96 1377 180 1415 μον
198 1359 306 1404 κατιὶ
333 1360 411 1417 μὲν
438 1360 556 1412 τινὰς
567 1362 814 1416 Ἀσκανίου,
852 1359 963 1405 κατὰ
979 1360 1025 1405 δὲ
1046 1359 1202 1411 ἄλλους
1215 1359 1493 1417 Ἠμαθίωνος
1513 1359 1606 1404 υἱὸν

95 1430 333 1489 ἀποφαίνει.

201 1503 290 1545 Καὶ
318 1499 449 1559 ἕτεροι
479 1498 563 1545 ὕπὸ
590 1498 754 1557 Ῥώμου
777 1505 854 1545 τοῦ
870 1499 1036 1544 Ἰταλοῦ
1062 1501 1133 1543 καὶ
1153 1495 1328 1556 Λεῦκης
1348 1503 1426 1557 τῆς
1442 1499 1604 1558 μητρὸς

98 1566 228 1615 αὐτοῦ
261 1589 390 1629 φασιν
419 1572 612 1615 ἐκτίσθαι
643 1572 722 1629 τὴν
755 1570 875 1616 πόλιν
893 1567 1101 1628 Ἑλλήνων
1120 1575 1373 1629 συγγραφεῖς
1393 1572 1463 1615 καὶ
1482 1570 1604 1614 ἄλλοι

28 1649 87 1684 -20
98 1640 238 1692 ἄλλως
257 1639 565 1700 διαφερόμενοι.

200 1712 329 1757 Κατὰ
372 1713 419 1756 δὲ
461 1712 561 1763 τοῦς
590 1710 807 1767 Ῥωμαίων
842 1708 1131 1770 λογογράφους
1161 1707 1339 1768 ὕστερον
1365 1706 1599 1767 γεγονότας,

193 1791 228 1825 1.
243 1785 246 1789 ’
261 1788 462 1834 Legebatur
483 1785 716 1836 κατῴκησαν.
843 1791 878 1826 2.
904 1787 965 1826 ἐπὶ
983 1789 1028 1823 Β.
1052 1788 1107 1829 εἰς
1126 1787 1176 1822 G.
1282 1785 1320 1822 3³
1351 1786 1424 1823 τοῦ
1449 1788 1603 1833 Αγαθο-

189 1833 320 1878 κλέους
337 1837 383 1871 G.
479 1835 515 1873 4.
541 1836 655 1880 Vulgo
681 1835 863 1882 Τρωϊάδα
880 1840 919 1872 et
934 1836 1032 1872 infra
1055 1831 1265 1880 Τρωϊάδος.
1359 1835 1384 1870 7
1401 1836 1438 1868 et
1452 1836 1486 1870 8.
1512 1834 1603 1868 Vul-

190 1895 237 1929 go
252 1879 478 1930 Ῥωμύλλον.
514 1882 707 1930 ῥώμυλλον
724 1884 756 1919 Β
771 1884 830 1919 hic
851 1889 887 1919 et
909 1884 1005 1918 infra
1033 1884 1245 1918 constanter.
1349 1881 1385 1917 7.
1412 1879 1604 1928 τιλέγονον

190 1930 282 1976 (sic)
301 1933 345 1969 B.
380 1932 494 1977 Vulgo
523 1931 726 1979 Τηλεγόνα.
829 1933 864 1967 8.
897 1931 1072 1967 λατείνου
1096 1930 1138 1965 R
1182 1926 1296 1974 Vulgo
1321 1929 1507 1966 Λατίνων.

187 1980 226 2014 9.
250 1978 340 2022 τούς
350 1991 394 2015 m.
419 1983 500 2022 τοῖς
519 1980 567 2014 G.
665 1982 722 2015 10.
747 1976 839 2025 ἀπὸ]
862 1978 977 2024 Vulgo
994 1974 1086 2017 ὑπό.
1176 1975 1409 2012 scribebatur
1424 1975 1600 2024 Ἀβοριεί-

186 2038 305 2071 γινας.
401 2029 458 2064 12.
483 2028 622 2072 Ρῶμον
636 2026 700 2062 καὶ
720 2027 769 2062 G.
855 2024 1000 2062 vo’mu'om
1013 2026 1056 2061 B.
1078 2024 1221 2072 Αρτίαν
1236 2023 1284 2060 G.
1380 2025 1437 2061 13.
1462 2022 1502 2060 οἳ
1519 2023 1598 2070 καὶ]

187 2073 226 2109 οἱ
243 2073 284 2110 δὲ
306 2074 356 2110 G.
477 2074 533 2109 14.
560 2072 715 2122 ᾤκισαν]
741 2073 859 2119 Vulgo
879 2070 1041 2121 ᾤκησαν.
1166 2072 1223 2108 15.
1246 2070 1434 2114 Χαλκιεύς
1454 2072 1503 2108 G.

185 2123 245 2157 21.
271 2115 472 2167 γεγονότας
489 2122 534 2157 Β.
557 2121 749 2169 γεγονότες
763 2122 806 2156 Α.
829 2120 1026 2168 γεγόνασιν
1047 2121 1099 2156 G.

92 2202 156 2226 ves
170 2190 424 2232 incenderunt;
449 2203 559 2238 quare
576 2192 647 2228 viri
668 2192 773 2227 etiam
790 2191 894 2228 inviti
905 2217 917 2234 ,
941 2191 1131 2239 desperato
1148 2189 1195 2226 ad
1212 2189 1377 2238 proprias
1395 2188 1516 2226 domos
1539 2200 1598 2226 re·-

92 2237 193 2281 dita,
217 2239 334 2274 sedem
350 2239 438 2274 locis
457 2239 494 2273 in
512 2239 584 2274 illis
604 2240 765 2275 fixerunt.

187 2285 241 2320 Ad
260 2287 347 2321 haec
368 2285 502 2320 Callias
519 2297 637 2322 rerum
657 2288 701 2322 ab
716 2286 909 2332 Agathocle
924 2289 1103 2331 gestarum
1115 2284 1276 2332 'scriptor
1285 2284 1462 2320 mulierem
1474 2295 1595 2330 quam-

93 2331 186 2378 piam
208 2332 343 2367 nomine
360 2333 520 2375 Romam,
545 2346 677 2380 genere
696 2333 872 2367 Troadem
885 2359 896 2376 ‚
920 2345 997 2368 cum
1016 2332 1184 2368 Troianis
1206 2332 1286 2367 aliis
1310 2332 1503 2378 profectam
1522 2332 1596 2366 lta-

92 2379 163 2413 liae
192 2383 278 2413 tunc
306 2379 384 2425 regi
414 2380 540 2415 Latino
560 2380 722 2426 coniugio
751 2381 919 2422 locatam,
943 2380 1038 2414 filios
1059 2384 1135 2414 tres
1160 2380 1326 2422 Remum,
1350 2379 1530 2413 Romulum
1558 2382 1596 2412 et

91 2426 331 2471 Telegonem‚
355 2431 455 2472 quem
485 2428 555 2462 alia
585 2429 664 2463 ioca
689 2427 876 2462 incoluisse
902 2427 1043 2469 ferunt,
1076 2427 1261 2473 peperisse
1287 2431 1427 2468 narrat3
1450 2426 1594 2460 Romum

94 2484 180 2507 vero
201 2478 238 2507 et
262 2473 442 2508 Romulum
471 2474 598 2509 Latino
628 2475 808 2520 Romaque
840 2474 967 2509 Latina
995 2482 1198 2520 procreatos
1227 2473 1348 2509 urbem
1381 2472 1593 2515 condidisse,

92 2523 319 2565 maternoque
335 2521 466 2556 Romae
486 2522 622 2556 nomine
638 2521 770 2563 indito,
796 2521 944 2556 Latinos
960 2521 1039 2567 regi
1053 2521 1181 2556 Latino
1196 2520 1367 2563 subditos,
1386 2519 1595 2565 Aborigines

92 2566 190 2613 prius
211 2567 350 2609 dictos,
376 2579 598 2614 nuncupasse
619 2569 806 2603 Romanos.

188 2614 396 2659 Xenagoras
414 2614 559 2660 insuper
574 2615 772 2649 Historicus
793 2615 935 2662 Ulyssis
953 2618 991 2650 et
1006 2614 1129 2650 Circes
1146 2614 1237 2650 filios
1252 2617 1325 2649 tres
1343 2614 1499 2654 Romum,
1524 2612 1592 2647 Ar-

94 2660 178 2696 tiam
199 2666 237 2695 et
258 2661 408 2695 Ardeam
425 2663 532 2707 pouit‘
547 2662 682 2698 urbium
701 2662 852 2698 eiusdem
869 2661 1016 2698 nominis
1035 2662 1139 2697 trium
1155 2662 1353 2696 conditores
1370 2666 1407 2695 et
1423 2659 1568 2693 incolas.

187 2707 378 2754 Dionysius
407 2708 623 2743 Chaiciensis
649 2710 792 2745 Romum
819 2709 918 2744 urbis
944 2709 1090 2744 incolam
1116 2710 1281 2755 primum,
1316 2719 1360 2742 ex
1379 2705 1593 2753 quorundam

94 2753 208 2789 relatu
222 2755 382 2797 Ascanii,
408 2756 594 2790 secundum
614 2755 702 2791 alios
718 2756 963 2792 Hemathionis
981 2756 1087 2791 filium
1105 2756 1278 2791 declarat.

189 2801 339 2842 Quidam
355 2803 506 2848 denique
522 2815 543 2838 a
560 2804 680 2846 Romo,
691 2808 801 2849 >patre
818 2804 921 2845 Italo,
940 2808 977 2838 et
991 2809 1105 2838 matre
1120 2804 1238 2837 Leuca
1258 2805 1352 2842 nato,
1372 2800 1491 2854 urqu
1503 2798 1591 2854 ‘olim

93 2853 328 2882 constructam
348 2850 521 2894 produnt3
547 2854 585 2884 et
603 2851 671 2885 hoc
686 2855 792 2896 pacto
809 2852 929 2888 varios
946 2851 1165 2887 Graecorum
1191 2854 1354 2884 auctores
1374 2847 1483 2882 variis
1501 2850 1593 2881 mter

93 2906 132 2930 se
147 2894 259 2930 modis
275 2895 497 2942 discrepasse
516 2898 756 2943 comperimus.
1437 2897 1443 2906 Ι

186 2941 328 2977 Romani
351 2944 568 2989 postmodum
580 2944 792 2992 scriptores,
815 2944 933 2992 (apud
953 2956 1014 2981 eos
1034 2942 1161 2980 etenim
1178 2941 1290 2980 nullus
1306 2941 1484 2977 vetusffate
1501 2951 1594 2976 com-
