1800 3236
506 191 1040 239 CHRONOGRAPHIA.
1415 188 1518 238 467

36 304 445 365 Δαρείουλελέχθαι
477 303 594 362 παρὰ
626 307 702 348 τοῦ
730 301 923 361 ἇγγέλου.“
953 300 1053 346 ἄνευ
1083 302 1175 361 γὰρ’
1186 299 1324 360 πάσης
1346 301 1521 364 ὑφαιρε-

35 381 154 433 τικῆς
170 375 198 433 ἢ
217 378 500 434 προσθετικῆς
514 375 695 425 ἐπινοίας
713 371 784 431 πγ’
802 372 874 430 ἔτη
893 374 995 416 εἶσὶν
1014 372 1099 417 ἀπὸ
1117 377 1194 417 τοῦ
1211 371 1274 416 ιθ’
1290 372 1409 425 ε’τους
1423 378 1521 419 Na-

33 444 381 505 βουχοδονὸσωρ,
416 445 460 489 ἓν
484 438 520 505 ᾧ
550 445 746 494 Σεδεκίας
771 440 1089 502 ᾖχμαλῶτευται
1115 443 1193 487 σῦν
1219 446 1279 502 τῷ
1297 447 1387 503 λαῷ
1407 442 1519 501 καὶῆ

35 515 156 567 πόλις
178 514 449 574 Ἰερουσαλὴμ
470 514 548 560 σῧν
577 518 637 574 τῷ
667 517 757 573 λαῷ
775 511 1084 571 ἓμπέπρησται·
1124 512 1208 557 ἀπὸ
1233 513 1281 556 δὲ
1303 517 1380 570 τῆς
1398 515 1522 565 θείας

5 583 288 645 δᾶποφᾶσεως
319 589 396 643 τῆς
414 586 457 629 ἓν
474 589 536 644 τῷ
558 583 596 628 δ’
617 584 695 628 ἔτει
713 583 897 638 Ἰωακεὶμ
917 583 1195 640 ἐξενεχθείσης
1215 582 1323 627 κατὰ
1341 587 1428 627 τῶν
1444 602 1523 627 κα-

34 654 282 701 τοικούντων
302 654 572 713 Ἰερουσαλὴμ
583 688 597 709 ,
635 651 792 698 ὁπόθεν
824 654 892 697 καὶ
921 651 943 697 ὃ
971 652 1354 710 ἕβδομηκονταετὴς
1366 651 1521 712 χρόνος
1544 660 1585 696 Ρ.
1603 659 1673 697 246

34 726 268 783 ἀναγκαίως
302 725 544 784 ἀριθμεῖται
553 758 568 779 ,
606 723 677 780 ε’τη
711 725 813 767 εῗσὶν
844 720 908 781 ργ’
942 723 1019 774 ἕως
1048 728 1126 766 τοῦ
1165 723 1297 767 αὐτοῦ
1329 724 1523 782 δευτέρου

33 795 154 848 ἔτους
176 797 376 854 Δαρείου.
414 794 478 839 ὅτι
509 795 555 838 δὲ
589 794 638 838 οὗ
665 793 772 837 κατὰ
790 792 1115 851 προσδιορισμὸν
1137 792 1336 851 ἀκριβοῦς
1349 791 1522 852 χρόνου,

34 866 140 910 ἀλλὰ
171 866 278 910 κατὰ
304 865 557 924 παρέκτασιν
579 864 737 922 εἴρηται
753 867 877 907 τοῦτο
897 863 1006 921 πρὸς
1025 867 1101 906 τοῦ
1121 862 1291 920 ἀγγέλου
1311 865 1525 922 προφανὲς

0 938 102 979 Οκαὶ
137 937 182 979 ἐκ
210 940 295 980 τῶν
324 935 432 992 μετὰ
451 936 546 992 τριά
579 934 650 990 ἴτη
673 934 716 976 ἓν
739 937 799 992 τῷ
818 930 1003 992 τετάρτῳ
1025 931 1103 976 ἴτει
1120 938 1198 989 τῆς
1212 934 1428 988 βασιλείας
1446 937 1523 978 τοῦ

32 1006 166 1050 αὐτοῦ
204 1003 390 1063 ’Δαρείου
425 1005 532 1061 πρὸς
551 1004 770 1060 Ζαχαρίαν
796 1003 839 1045 ἐκ
866 1006 974 1046 θεοῦ
991 1003 1218 1059 λεγομένων
1246 1007 1300 1061 τῇ
1322 1000 1360 1046 δ’
1379 1008 1456 1046 τοῦ
1474 1000 1523 1046 θ’

29 1076 162 1133 μηνὸς
179 1079 374 1135 Χασελεῢ
391 1074 499 1132 πρὸς
517 1073 623 1125 ’.ἕξιν
641 1071 775 1123 οὕτως
787 1085 798 1096 ·
819 1071 974 1129 ἐγένετο
992 1070 1115 1129 λόγος
1133 1073 1276 1130 κυρίου
1299 1076 1384 1115 τῶν
1393 1070 1524 1116 δυνά-

29 1164 141 1201 μεων
161 1143 268 1203 πρός
283 1162 336 1201 με
356 1144 499 1202 λέγων,
519 1143 633 1190 sinor
652 1142 759 1200 πρὸς
777 1139 915 1186 πάντα
934 1142 1007 1186 τὸν
1026 1142 1130 1186 λαὸν
1150 1147 1227 1199 τῆς
1243 1146 1319 1199 γῆς
1332 1144 1400 1185 καὶ
1418 1142 1524 1200 πρὸς

29 1217 130 1267 τούς
159 1216 278 1274 ἱερεῖς
306 1215 457 1273 λέγων,
500 1214 571 1258 ἐὰν
598 1210 876 1280 (nordana,
913 1210 941 1268 ἢ
969 1206 1180 1275 1[κόψησθε
1211 1212 1255 1255 ἐν
1295 1219 1389 1262 ταῖς
1416 1212 1523 1267 πέμ-

0 1293 170 1340 5πταις,
207 1285 235 1343 ἢ
254 1287 298 1329 ἓν
324 1292 418 1337 ταῖς
437 1281 652 1340 ἑβδόμαις,
690 1284 759 1326 καὶ
779 1281 872 1326 ἴδοῦ
893 1279 930 1326 ο’
948 1281 1019 1338 ἔτη
1041 1282 1102 1339 μὴ
1119 1283 1311 1338 νηστείαν
1326 1280 1557 1337 ε’νηστεύ-Ιὶ

30 1357 137 1400 σατέ
150 1374 251 1412 μοις
289 1353 394 1416 δρᾷς
418 1359 508 1406 πῶς
527 1354 576 1398 οὗ
596 1352 704 1397 κατὰ
723 1352 796 1396 τὸν
816 1351 968 1410 ἀκριβῆ
987 1351 1315 1410 προσδιορισμόν
1337 1351 1435 1395 οῦδὲ
1455 1352 1522 1394 ε’ν-

29 1431 176 1470 ταῦθα
194 1424 216 1470 ὅ
239 1430 323 1470 τῶν
344 1423 635 1481 ἑβδομήκοντα
658 1424 763 1466 ε’τῶν
779 1421 965 1479 ἀριθμὸς
985 1421 1082 1465 οὐδὲ
1103 1422 1147 1464 ἓν
1163 1425 1223 1481 τῷ
1243 1421 1422 1480 δευτέρῳ
1442 1420 1522 1464 ἕτει

28 1498 214 1552 Δαρείου
245 1498 545 1553 παρείληπται,
584 1493 690 1536 ἀλλὰ
721 1491 794 1535 τὸν
823 1492 888 1534 ε’πὶ
915 1488 1085 1549 πρώτου
1104 1490 1223 1542 ἔτους
1241 1488 1390 1549 Κύρου
1412 1494 1522 1547 πλη-

31 1568 224 1624 ρωθέντα
252 1565 360 1609 κατὰ
388 1565 466 1622 τὴν
481 1563 675 1622 Ἱερεμίου
706 1558 938 1619 πρόρρησιν
957 1563 1089 1615 δηλοῖ.
1126 1565 1216 1611 πῶς
1236 1560 1316 1618 γὰρ
1339 1560 1519 1604 δυνατὸν

0 1638 99 1681 οκαὶ
125 1640 184 1696 τῷ
212 1635 390 1695 δευτέρῳ
418 1634 497 1679 ἔτει
526 1634 710 1691 Δαρείου
738 1633 806 1674 καὶ
833 1634 893 1690 τῷ
919 1627 1104 1690 τετάρτῳ
1126 1630 1178 1674 τὰ
1198 1629 1307 1673 αὖτά
1335 1627 1521 1687 ἑβδομή-

29 1723 155 1750 κοντα
178 1705 247 1762 ε’τη
269 1709 627 1762 καταριθμεῖσθαι
636 1736 651 1756 ,
688 1699 745 1752 ὥς
762 1717 844 1744 τισι
861 1697 1122 1754 νενόμισται,
1161 1699 1402 1754 ἀπταίστως
1410 1719 1429 1756 ,-

64 1778 247 1833 Δαρεῖος
263 1773 506 1819 ’Υστάσπου
524 1776 704 1831 Περσῶν
723 1769 761 1814 δ’
779 1772 1041 1825 ἐβασίλευσεν
1060 1769 1131 1826 ἕτη
1152 1767 1229 1821 λς’.

121 1863 157 1898 2.
180 1862 255 1908 κγ’]
279 1860 341 1904 Boe'
363 1874 410 1898 m.
532 1861 568 1896 7.
593 1856 665 1906 oy']
689 1856 736 1905 ρι’
758 1869 802 1893 m·
929 1856 1052 1894 αὖτοῦ
1075 1869 1140 1892 om.
1160 1857 1210 1893 G.
1266 1851 1273 1857 ¹
1325 1857 1361 1893 9.
1385 1854 1519 1899 τοῦτο]

122 1908 264 1946 τούτου
296 1910 340 1944 Α.
485 1908 542 1943 11.
566 1904 599 1942 δ’
621 1907 664 1941 Β.
688 1905 845 1953 τετάρτῃ
874 1904 917 1939 Α.
951 1902 1103 1947 τετράδι
1122 1904 1170 1942 G.
1299 1904 1356 1939 12.
1382 1899 1519 1946 οὕτως]

121 1957 275 1991 Zachar.
291 1953 456 2002 cap.VII.
550 1953 606 1989 14.
630 1950 808 1999 κόψησθε
826 1953 869 1987 Β.
894 1951 1061 1997 κόψεσθε
1076 1952 1124 1988 G.
1218 1952 1274 1988 16.
1300 1949 1395 1998 ὁρᾷς
1409 1950 1452 1986 Β.
1476 1948 1519 1985 δὲ

122 2001 217 2050 ὁρᾷς
238 2004 286 2038 G.
392 2003 448 2037 18.
473 1999 722 2047 πληρωθέντα
739 2002 782 2036 Β.
805 2000 1055 2046 πληρωθῆναι
1075 1999 1123 2035 G.

29 2073 170 2110 Etenim
189 2073 322 2120 absque
338 2070 565 2107 additamenti
581 2070 639 2105 vel
658 2069 900 2105 subtractionis
921 2072 999 2104 arte
1018 2067 1076 2104 vel
1094 2066 1324 2109 necessitate,
1347 2078 1370 2102 a
1393 2064 1521 2101 Nabu-

30 2121 247 2156 chodonosor
262 2131 352 2154 anno
372 2122 416 2162 12
427 2146 437 2163 ‚
461 2130 530 2164 quo
546 2119 707 2164 captivus
726 2122 823 2152 actus
841 2122 895 2151 est
911 2115 1079 2151 Sedecias
1095 2126 1177 2159 cum&
1192 2113 1321 2161 populo
1337 2117 1374 2148 et
1393 2113 1519 2148 civitas

29 2167 249 2204 Hierusalem
264 2178 307 2201 ac
328 2165 404 2201 eius
424 2166 523 2212 plebs
547 2164 708 2200 incendio
730 2169 870 2198 vastata
890 2169 965 2206 est,
988 2162 1069 2198 anni
1082 2163 1127 2199 91
1147 2167 1338 2208 putantur;
1362 2172 1384 2194 a
1400 2159 1521 2194 divina.

30 2227 114 2250 vero
146 2213 319 2250 sententia
349 2213 516 2248 adversus
548 2211 679 2247 incolas
708 2210 925 2245 Hierusalem
958 2215 1081 2256 quarto
1098 2209 1227 2244 Ioacim
1256 2219 1345 2242 anno
1369 2206 1519 2253 prolata,

29 2262 121 2297 unde
140 2272 304 2296 annorum
322 2260 550 2306 septuaginta
567 2259 718 2294 stadium
735 2269 876 2293 necesse
894 2259 948 2292 est
962 2268 1024 2292 nos
1046 2255 1182 2298 metiri,
1204 2254 1251 2290 ad
1277 2265 1400 2289 annum
1417 2251 1519 2288 Darii

29 2309 217 2344 secundum
231 2319 339 2342 anuos
357 2310 425 2345 110
448 2316 631 2341 numerare
648 2315 846 2351 possumus;
869 2303 963 2350 quod
982 2303 1140 2349 equidem
1164 2313 1233 2336 nou
1260 2313 1325 2347 per
1350 2299 1519 2345 temporis

29 2363 190 2391 exactam
210 2354 518 2402 praescriptionem
530 2378 542 2396 ,
565 2353 626 2388 sed
644 2364 710 2399 per
735 2349 969 2386 extensionem
986 2350 1240 2396 comprobatum
1257 2349 1455 2388 habeamus,
1478 2350 1519 2381 ut

29 2410 203 2438 ostensum
222 2405 299 2446 est,
323 2400 439 2447 angeli
461 2411 671 2442 sermonem,
694 2403 766 2434 tum
782 2398 884 2432 etiam
910 2409 976 2443 per
992 2408 1055 2441 ea,
1087 2409 1175 2443 quae
1193 2399 1277 2442 post
1303 2406 1411 2429 annos
1430 2398 1516 2434 tres,

28 2449 131 2484 Darii
149 2448 307 2483 nimirum
324 2451 463 2496 quarto,
481 2447 526 2482 ad
545 2445 751 2482 Zachariam
770 2445 857 2479 deus
870 2444 1034 2491 loquutus
1051 2448 1108 2478 est
1127 2444 1208 2478 noni
1227 2442 1356 2477 mensis
1366 2439 1517 2475 Chasleu

28 2497 88 2532 die
103 2500 239 2542 quarto.
281 2495 400 2530 Verba
415 2499 495 2529 sunt
515 2492 722 2529 huiusmodi.
762 2491 909 2527 Factum
926 2496 980 2526 est
996 2491 1140 2526 verbum
1155 2489 1285 2524 domini
1302 2486 1516 2523 exercituum

29 2543 74 2578 ad
91 2555 145 2578 me
163 2542 304 2578 dicens:
326 2541 467 2588 loquere
484 2541 529 2575 ad
548 2551 677 2575 omnem
695 2539 857 2586 populum
876 2544 992 2574 terrae
1007 2542 1045 2573 et
1063 2537 1110 2572 ad
1130 2535 1351 2577 sacerdotes,
1375 2533 1512 2568 dicens:

30 2590 73 2628 Si
90 2590 254 2625 ieiunatis
271 2594 309 2624 et
333 2587 501 2635 plangitis
524 2587 559 2621 in
580 2586 712 2632 quintis
735 2591 798 2620 aut
817 2584 991 2631 septimis,
1015 2589 1052 2620 et
1077 2596 1159 2619 ecce
1176 2581 1396 2629 septuaginta
1411 2577 1513 2618 anni3

28 2637 195 2683 numquid
221 2636 386 2671 ieiunium
412 2634 593 2669 ieiunastis
619 2632 734 2668 mihi?
764 2632 872 2667 Vides
896 2632 955 2667 hic
979 2643 1047 2667 nou
1074 2630 1188 2677 rigide
1206 2641 1248 2664 ac
1268 2626 1448 2674 praecise,
1471 2626 1513 2657 ut

29 2697 95 2719 nec
111 2685 206 2719 circa
220 2683 322 2718 Darii
339 2682 527 2717 secundum
546 2691 691 2723 annum,
716 2691 882 2715 annorum
900 2677 1123 2725 septuaginta
1147 2686 1319 2710 numerum
1335 2670 1512 2724 accipien-

28 2732 130 2773 dum,
151 2741 272 2766 verum
298 2729 393 2765 circa
411 2728 498 2775 Cyri
521 2727 665 2774 primum
690 2727 791 2762 iuxta
813 2725 1012 2761 Hieremiae
1037 2722 1233 2760 vaticinium
1258 2726 1394 2764 tempus
1425 2713 1511 2749 lllud

28 2777 190 2824 expleri?
214 2777 294 2818 Quo
314 2787 460 2822 namque
478 2775 600 2816 modo,
625 2777 696 2809 mm
718 2785 808 2809 anno
823 2772 923 2808 Darii
942 2772 1093 2808 secundo
1106 2798 1117 2814 ,
1140 2775 1211 2804 tum
1228 2776 1347 2819 rursus
1372 2765 1511 2809 quarto,

27 2831 70 2859 ut
87 2823 288 2871 quibusdam
314 2823 427 2858 auimo
452 2820 719 2867 simplicioribus
744 2820 854 2857 vinum
874 2819 965 2862 fuit,
988 2818 1126 2855 eosdem
1151 2814 1374 2860 septuaginta
1402 2817 1512 2844 annos

28 2871 211 2906 terminum
226 2870 382 2915 reperire
397 2868 671 2904 affirmabimus?

75 2918 226 2962 Darius,
247 2916 439 2964 Hystaspis
457 2915 570 2959 filius,
592 2918 616 2952 4
634 2915 820 2951 Persarum
837 2923 901 2949 rex
921 2908 1089 2958 uegnavit
1106 2905 1204 2943 annis
1222 2902 1281 2941 36.
