1800 3236
543 149 1073 197 vCHRONOGRAPHIA.
1479 148 1582 196 633

83 261 224 308 ἔπειτα
254 262 373 314 ῗδίως
391 260 670 316 καταλαβών,
709 260 819 307 καθ’
845 258 893 307 ὃν
907 260 1047 320 Ἑλένη
1065 265 1142 307 τοῦ
1155 260 1412 321 Ἀδιαβηνῶν
1431 262 1584 317 ἔθνους

81 336 311 390 βασίλισσα
345 338 463 377 σῖτον
503 335 670 376 πολλῶν
704 331 938 390 χρημάτων
983 333 1029 385 ἕξ
1069 330 1293 391 Αἰγύπτου
1335 334 1580 392 ὠνησαμένη

82 411 173 455 τοῖς
211 403 418 461 ἀποροῦσι
453 401 670 457 διένειμεν·
706 397 760 460 ἧς
793 404 839 447 αἳ
868 408 1020 461 στῆλαι
1047 405 1265 463 διαφανεῖς
1292 403 1402 448 κατὰ
1427 401 1584 458 τόπους

82 473 161 518 κάν
191 473 455 532 προαστείοις
470 471 696 531 φέρονται,
735 470 1052 531 ὥςἸῶσηππος.

52 550 78 586 5
189 546 498 603 Συμφωνοῦσιν
531 542 576 585 αἱ
605 540 777 602 πράξεις
807 544 907 596 τοὺς
938 544 1047 588 κατὰ
1073 541 1323 601 Ἀντιόχειαν
1343 545 1587 603 ἱστοροῦσαι

80 614 279 668 πιστοὺς,
307 612 416 657 καθ’
440 611 462 657 ὅ
487 630 527 656 τι
547 611 600 656 ἄν
617 630 680 664 τις
702 611 805 670 εἶχεν
827 614 1068 659 ἀποστεῖλαι
1088 622 1176 666 τοῖς
1198 617 1358 659 οἰκοῦσι
1376 615 1454 673 τὴν
1473 615 1582 660 'Iov-
1601 621 1646 658 P.
1668 622 1738 662 335

81 686 208 728 δαίαν
239 690 424 738 πιστοῖς,
464 682 535 727 διὰ
556 683 696 743 χειρὸς
728 683 939 744 Βαρνάβα
960 687 1029 729 καὶ
1056 682 1228 730 Σαύλου
1255 687 1299 730 ἒν
1316 692 1407 738 τοῖς
1419 683 1589 745 χρόνοις

81 755 315 799 Κλαυδίου.

190 826 328 882 Φησὶν
351 822 556 879 Εὐσέβιος
589 822 634 867 ἓν
667 822 849 884 δευτέρῳ
873 828 957 868 τῶν
990 825 1340 882 ε’κκλησιαστικῶν
1368 827 1584 886 ἱστοριῶν·

22 903 70 938 10
81 895 146 939 ἐπὶ
158 899 234 938 τοῦ
250 891 631 951 πρώτουἈγρίππα
644 898 722 937 τοῦ
736 892 1025 953 καὶἩρώδου,
1049 895 1196 946 καθώς
1206 896 1250 939 αἱ
1262 894 1429 954 πράξεις
1438 898 1583 955 φασὶν,

81 965 147 1010 ὅτι
177 965 376 1020 ἐπέβαλεν
401 961 600 1021 (Ηρῶδης
633 961 655 1006 ὅ
674 964 873 1019 βασιλεὺς
893 964 971 1015 τὰς
985 972 1132 1023 χεῖρας
1155 968 1347 1010 κακῶσαί
1360 984 1478 1018 τινας
1499 971 1584 1010 τῶν

79 1035 164 1081 ἀπὸ
195 1039 273 1091 τῆς
309 1034 540 1090 ἐκκλησίας.
592 1033 726 1078 ἀνεῖλε
755 1035 801 1078 δὲ
833 1034 907 1078 τὸν
940 1035 1124 1094 ἀδελφὸν
1150 1033 1344 1081 Ἰωάννου
1375 1037 1579 1098 μαχαίρᾳ,

80 1107 174 1164 περὶ
194 1099 244 1149 οὗ
265 1105 335 1148 καὶ
354 1100 536 1161 Κλήμης
557 1103 600 1146 ε’ν
624 1101 666 1157 ζ’
687 1107 772 1149 τῶν
786 1103 1122 1150 ςΥποτυπώσεών
1144 1123 1272 1165 φησιν
1284 1106 1347 1150 ὅτι
1369 1105 1392 1151 ὃ
1414 1109 1583 1164 εἷσαγα-

79 1176 164 1234 γῶν
196 1174 326 1219 αὐτὸν
357 1175 415 1225 εἷς
443 1174 494 1218 τὸ
529 1172 796 1232 δικαστήριον
827 1174 928 1220 ῗδών
949 1175 1078 1221 αὐτὸν
1094 1175 1425 1236 μαρτυρήσαντα
1444 1194 1583 1222 συνω-

24 1251 70 1289 15
81 1243 314 1303 μολόγησεν
358 1243 475 1304 αὐτῷ
518 1245 588 1306 καὶ
626 1244 754 1296 αὐτὸς
794 1244 896 1290 εἶναι
924 1244 1195 1303 Χριστιανός.
1247 1245 1585 1304 συναπήχθησαν

82 1312 159 1361 οὖν
187 1315 339 1374 ἄμφω,
377 1316 504 1372 φησὶ,
543 1314 650 1358 κατὰ
682 1317 759 1372 τὴν
790 1314 890 1360 ὁδὸν
923 1318 993 1360 καὶ
1025 1317 1199 1373 ἠξίωσεν
1230 1316 1444 1376 ἀφεθῆναι
1467 1318 1583 1377 αὐτῷ

80 1385 163 1431 ὖπό
184 1390 261 1430 τοῦ
275 1383 493 1440 Ἰακώβου.
532 1382 555 1428 ὃ
578 1385 624 1427 δὲ
646 1384 762 1443 ὀλίγα
782 1383 1055 1443 σκεψάμενος,
1093 1385 1233 1444 εἰρήνη
1255 1389 1337 1441 σοὶ,
1374 1386 1471 1442 εἶπε,
1510 1388 1616 1432 καὶΒ

81 1458 355 1515 κατεφίλησεν
374 1452 516 1498 αὐτόν.
555 1456 623 1498 καὶ
645 1454 779 1507 οὕτως
802 1455 1031 1514 ἀμφότεροι
1051 1454 1159 1512 ὅμοῦ
1180 1457 1579 1515 ἒκαρατομήθησαν.

82 1529 152 1572 καὶ
174 1524 270 1570 τότε
299 1524 401 1569 ῗδὼν
425 1522 621 1583 Ἡρώδης
653 1527 719 1569 ἐπὶ
750 1530 803 1584 τῇ
826 1531 901 1570 τοῦ
920 1525 1124 1582 Ἰακώβου
1148 1527 1350 1585 ἀναιρέσει
1371 1528 1581 1587 ἀρέσαντα

23 1597 297 1647 ΞΟἸουδαίοις
337 1596 568 1639 ἐπιτίθεται
616 1597 686 1638 καὶ
721 1596 900 1656 Πέτρῳ,
939 1598 1107 1653 δεσμοῖς
1132 1614 1178 1641 τε
1207 1596 1335 1642 αὐτὸν
1364 1597 1583 1657 παραδοὺς

81 1668 239 1714 ἀνεῖλεν
277 1664 354 1722 ἂν,
393 1667 429 1711 εἶ
462 1665 523 1723 μὴ
555 1665 808 1725 παραδόξως
845 1666 1016 1725 ἀγγέλου
1048 1668 1268 1731 ἐπιστασία
1299 1670 1385 1712 τῶν
1417 1670 1582 1725 δεσμῶν

175 1789 213 1827 4.
230 1788 315 1836 κᾶν]
341 1789 458 1836 Vulgo
475 1787 552 1826 καὶ.
678 1787 887 1835 προάστεια
912 1790 962 1826 G.
1075 1790 1111 1827 5.
1135 1787 1303 1836 πράξεις]
1328 1790 1403 1834 XI,
1426 1792 1487 1828 30.

175 1839 211 1876 8.
239 1838 455 1882 Κλαυδίου]
481 1837 647 1883 ἔπεμψεν
665 1838 745 1872 add.
766 1849 811 1873 m.
937 1839 973 1874 9.
999 1832 1020 1874 ὃ
1042 1834 1224 1885 Εΰσέβιος
1242 1838 1293 1873 G.
1316 1834 1337 1877 ὁ
1358 1849 1425 1874 om.
1441 1839 1486 1874 B.

175 1884 217 1923 ἐν
237 1884 419 1933 δευτέρῳ]
444 1886 533 1931 Cap.
555 1886 591 1921 9.
717 1886 775 1921 10.
799 1882 953 1930 πράξεις
969 1884 1046 1920 Bm.
1077 1883 1201 1931 τάξεις
1220 1886 1269 1921 G.
1392 1884 1511 1932 φασὶν
1533 1896 1580 1922 m.

177 1933 295 1979 φησὶν
314 1933 361 1968 G.
474 1936 532 1968 11.
556 1930 733 1979 ἐπέβαλεν
751 1933 794 1968 Β.
820 1931 1014 1978 ἐπέβαλλεν
1041 1933 1088 1969 G.
1198 1930 1254 1968 14.
1278 1930 1323 1969 τὸ
1342 1933 1422 1968 add.
1442 1933 1486 1969 B.

178 1983 236 2018 15.
260 1977 560 2027 συναπήχθησαυ
578 1981 621 2018 Β.
645 1979 984 2027 συναπηνέχθησαν
1002 1979 1052 2016 G.
1158 1981 1216 2017 16.
1242 1978 1400 2026 ἄξίωσεν
1416 1980 1461 2016 Β.

81 2086 248 2123 Iudaeam
265 2086 399 2121 demum
419 2084 583 2132 privatim
600 2085 794 2132 oppressit3
818 2096 886 2132 quo
913 2088 1069 2131 tempore
1086 2084 1223 2121 Helena
1239 2084 1495 2122 Adiabenorum
1516 2098 1575 2122 re-

82 2135 167 2180 gina
194 2135 400 2170 frumentum
427 2144 471 2167 ex
499 2136 661 2180 Aegypto
690 2133 796 2168 multo
826 2132 941 2179 pretio
968 2136 1199 2178 comparatum
1227 2132 1347 2178 egenis
1374 2133 1575 2178 distribuit3

68 2181 184 2216 'cuius
201 2179 461 2216 munificentiae
475 2180 571 2216 tituli
588 2192 653 2227 pet
672 2180 834 2216 civitates
861 2183 899 2216 et
915 2180 1111 2215 suburbana
1127 2178 1205 2215 loca
1235 2179 1346 2216 erecti
1371 2192 1415 2216 ex
1433 2181 1574 2229 Iosephi

81 2228 226 2276 scriptis
239 2231 462 2264 attestantur.
1420 2269 1424 2272 ,
1474 2263 1476 2265 ,

175 2274 317 2310 Fideles
333 2275 569 2310 Antiochenos
588 2278 687 2310 actus
703 2273 934 2321 apostolorum
950 2273 1116 2316 laudant,
1140 2272 1232 2320 quod
1250 2273 1416 2321 quicquid
1436 2274 1574 2311 Claudii

83 2322 297 2368 temporibus
313 2321 442 2367 singuli
460 2323 717 2369 seposuissent,
743 2333 806 2369 per
824 2321 1008 2357 Barnabae
1026 2325 1064 2356 et
1082 2321 1183 2357 Sauli
1199 2332 1319 2356 manus
1339 2321 1498 2357 fidelibus
1514 2322 1573 2357 Iu-

83 2369 195 2404 daeae
212 2368 334 2403 incolis
352 2369 587 2405 submiserint.
939 2392 944 2398 ·
1468 2376 1476 2380 '

178 2416 354 2450 Eusebius
375 2416 544 2451 historiae
569 2415 829 2451 ecclesiasticae
858 2414 949 2450 libro
978 2414 1128 2451 secundo
1159 2415 1283 2452 scribit
1299 2416 1488 2462 Agrippam
1512 2427 1576 2449 no-

82 2462 187 2499 minis
202 2463 304 2498 istius
320 2462 464 2508 primum
475 2488 486 2505 ‚
510 2463 684 2498 Herodem
706 2474 856 2508 quoque,
884 2463 937 2497 ita
955 2464 1164 2498 testantibus
1180 2464 1410 2510 apostolorum
1428 2463 1575 2503 actibus,

84 2510 228 2552 dictum,
246 2514 286 2544 ut
297 2509 462 2556 quosdam
475 2522 519 2544 ex
539 2510 687 2545 ecclesia
702 2509 891 2555 affligeret,
909 2521 1028 2545 manus
1046 2510 1236 2553 immisisse,
1253 2510 1410 2545 Iacobum
1428 2514 1464 2544 et
1475 2509 1579 2543 Ioan-

85 2557 140 2592 nis
155 2558 299 2593 fratrem
323 2556 440 2602 gladio
459 2558 697 2603 percussisse3
722 2556 766 2591 de
789 2568 856 2603 quo
875 2557 1036 2592 Clemens
1050 2558 1326 2605 Hypotyposeon
1345 2556 1491 2603 septimo
1507 2554 1576 2589 ait:

86 2615 164 2638 cum
183 2603 215 2638 is
233 2603 293 2650 qui
314 2604 431 2638 Iacobi
451 2616 573 2639 nomen
589 2603 634 2639 ad
660 2603 826 2638 iudicium
846 2603 1042 2647 detulerat,
1064 2605 1148 2640 fidei
1169 2603 1397 2640 testimonium
1426 2602 1578 2637 redden-

85 2655 156 2685 tem
174 2655 357 2692 cerneret,
382 2650 619 2685 Christianum
640 2662 776 2696 quoqne
794 2663 832 2686 se
862 2663 940 2686 esse
960 2652 1139 2697 professus
1157 2657 1223 2687 est.
1271 2651 1429 2695 Utroque
1452 2649 1574 2693 igitur,

85 2697 227 2743 inquit,
251 2697 295 2732 ad
315 2709 434 2733 necem
453 2698 624 2739 abducto,
648 2697 706 2732 hio
728 2698 773 2733 ab
788 2698 914 2734 Iacobo
938 2698 1093 2734 criminis
1112 2699 1245 2734 veniam
1267 2708 1332 2743 per
1351 2696 1441 2731 viam
1467 2707 1577 2740 expe-

86 2744 157 2779 tiit.
202 2744 269 2779 Cui
287 2745 433 2779 Iacobus
455 2744 611 2779 nonnihil
630 2744 727 2790 prius
745 2745 928 2791 cogitans,
954 2757 1023 2792 pax
1050 2746 1135 2788 tibi,
1162 2743 1363 2790 respondit3
1386 2753 1455 2788 quo
1479 2742 1574 2777 dicto

86 2791 241 2825 osculum
257 2791 378 2833 dedit,
402 2797 507 2838 atque
523 2792 576 2826 ita
593 2791 691 2826 simul
709 2792 824 2839 cupite
851 2793 1004 2828 truncati
1025 2799 1114 2828 sunt.
1162 2791 1277 2826 Iacobi
1298 2794 1408 2824 morte
1426 2789 1579 2824 Iudaeo-

86 2849 163 2872 rum
180 2838 311 2872 animos
330 2838 398 2872 sibi
417 2838 616 2873 devinxisse
633 2840 884 2886 contemplatus
902 2840 1082 2882 Herodes,
1104 2840 1244 2873 Petrum
1262 2835 1478 2882 aggreditur,
1498 2836 1576 2871 vin-

87 2884 247 2932 culisque
264 2884 431 2922 traditum
449 2885 648 2930 occidisset,
671 2886 739 2922 nisi
757 2886 1000 2935 inexspectata
1017 2885 1132 2932 angeli
1149 2897 1217 2933 ope
1235 2883 1402 2920 liberatus
1420 2882 1577 2920 custodia
