1800 3236
214 128 319 180 450
684 134 939 183 GEORGII
966 134 1258 184 SYNCELLI

232 246 462 307 ,Ῥωμαίων
478 240 547 305 κβ’
564 246 808 305 ἐβασίλευσε
845 245 1084 308 Ταρκύνιος
1114 245 1363 310 Σούπερβος
1381 247 1455 308 ἔτη
1474 245 1553 295 κδ’.
1591 253 1668 294 τοῦ
1687 250 1734 294 δὲ

355 317 516 377 κόσμου
539 313 593 377 ἦν
614 317 707 370 ἕως
726 316 890 380 „5vast

326 395 467 453 Οὗτος
497 400 573 445 τὸν
601 400 684 460 πρὸ
719 399 851 444 atro&
880 396 1161 456 βασιλεύοντα
1191 402 1364 458 Σίλβιον
1396 405 1589 446 Τοῦλλον
1608 403 1731 459 κηδε-

216 472 322 531 στὴν
352 474 502 517 οῗκεῒον
530 471 634 515 ὄντα
664 470 822 515 ἀνελών
849 471 1116 527 ἐβασίλευσεν
1145 470 1243 516 ἄντ’
1274 473 1422 518 αὐτοῦ.
1469 472 1660 532 ἀνῃρέθη
1686 473 1732 517 δὲ

184 545 298 592 cnuti
327 542 456 594 αὐτὸς
486 540 557 585 ὃιοὶ
579 539 815 600 Ταρκύνιον
843 541 918 586 τὸν
947 541 1054 586 ἴδιον
1075 544 1207 586 παῖδα
1228 541 1512 600 μοιχεύσαντα
1532 546 1768 602 Λουκρε-5

217 615 312 659 τίαν
330 612 408 670 τὴν
430 612 699 657 Κολλατίνου
718 619 897 670 γυναῖκα
916 611 1071 671 ἀνδρὸς
1090 611 1296 670 ἐπισήμου
1307 647 1321 668 ‚
1362 614 1408 666 ὃς
1438 613 1529 671 ἅμα
1552 612 1733 674 Βρούτῳ

218 684 327 743 μετὰ
359 682 438 740 τὴν
462 683 703 741 Ταρκυνίου
736 683 948 742 ἀναίρεσιν
983 687 1154 742 πρῶτος
1182 684 1261 741 τὴν
1277 682 1452 729 ὑπάτων
1473 684 1606 743 ἀρχὴν
1627 684 1734 728 ἀνα-

220 756 419 809 δείκνυσι,
442 752 502 811 μὴ
525 752 758 810 δεχομένων
773 751 991 811 Ῥωμαίων
1009 752 1316 814 βασιλεύεσθαι
1352 755 1432 807 ἕως
1460 760 1538 813 τῆς
1558 755 1733 799 Ἰουλίου

221 826 443 885 Καίσαρος
461 824 606 883 ἀρχῆς.

327 908 448 958 Τινὲς
480 904 711 963 βούλονται
747 902 918 965 Κρόνον
965 910 1135 966 πρῶτον
1167 905 1375 962 Ἀλβανὸν
1409 910 1618 966 κρατῆσαι
1649 910 1709 951 τιῖ
1713 925 1735 950 ν
1752 909 1794 944 10

218 978 331 1025 κατὰ
353 978 432 1036 τὴν
449 975 628 1036 ἑσπέραν
651 974 807 1021 τόπων.
845 976 952 1033 μεθ’
979 976 1028 1022 ὅν
1055 994 1161 1036 ςιασι
1180 981 1337 1022 Πεῖκον
1354 977 1447 1022 υἱὸν
1466 977 1599 1021 αὐτοῦ
1612 1011 1626 1032 ,
1661 977 1737 1021 τὸν

222 1051 294 1094 καὶ
327 1049 439 1102 Δία,
478 1050 750 1104 βασιλεῦσαι·
789 1045 877 1092 εἶτα
900 1051 1073 1092 Φαΰνον
1098 1048 1206 1099 Διὸς
1225 1048 1339 1103 viba»,
1366 1048 1444 1093 τὸν
1461 1050 1530 1092 καὶ
1555 1046 1735 1106 Ἑρμῆν

224 1119 297 1179 ἐφ’
327 1116 389 1170 οἷς
413 1116 630 1177 εΗρακλῆς
649 1118 895 1162 ἐπανελθών
914 1118 996 1163 ἀπὸ
1019 1121 1233 1174 Σπανιάς,
1273 1120 1341 1163 καὶ
1361 1118 1457 1175 μετ’
1484 1118 1611 1163 αὐτὸν
1630 1121 1739 1162 Λα-

220 1197 359 1244 τῖνος,
397 1188 471 1247 ἐφ’
509 1182 558 1232 οὗ
598 1189 766 1240 Αἰνείας
797 1188 906 1245 μετὰ
938 1189 1015 1246 τὴν
1044 1188 1200 1234 ἅλωσιν
1238 1191 1399 1244 Τροίας
1426 1189 1565 1234 ἐλθών
1593 1188 1739 1240 ὅπλοις

181 1262 294 1304 Dua)
329 1256 500 1318 πλούτῳ
533 1262 740 1319 βασιλικῷ
768 1260 1161 1321 ,παρεσκευασμένος
1190 1258 1403 1317 ζεύγνυται
1424 1261 1621 1322 Λαβινίᾳ
1652 1264 1738 1304 θυ-
1752 1266 1794 1302 15

219 1332 341 1390 γατρὶ
361 1329 518 1383 αὐτοῦ,
555 1330 625 1373 καὶ
656 1327 867 1385 βασιλεύει
885 1332 1117 1386 Λατίνων,
1155 1332 1224 1374 καὶ
1247 1331 1287 1374 οἳ
1309 1332 1351 1384 ἐξ
1381 1331 1514 1375 αὐτοῦ
1537 1330 1632 1387 μετ’
1659 1330 1740 1374 αὖ-

219 1399 308 1446 τόν.
349 1400 388 1444 οἱ
418 1397 570 1451 πάντες
597 1395 676 1451 ἕως
692 1398 909 1457 Ῥωμύλου
936 1405 1124 1457 βασιλεῖς
1148 1399 1199 1453 ις’
1215 1435 1229 1457 ,
1267 1406 1344 1446 τοῦ
1367 1403 1536 1446 κτίστου
1549 1398 1737 1458 Ῥώμης·

221 1470 305 1530 ἀφ’
329 1464 379 1515 οἷ)
399 1470 439 1515 οἶ
463 1467 669 1529 πρότερον
681 1469 894 1528 Ἀλβανοὶ,
934 1470 1023 1517 εἶτα
1039 1472 1205 1528 Ἰταλοὶ,
1245 1471 1385 1518 ἔπειτα
1399 1476 1603 1527 Λατῖνοι,
1636 1470 1739 1517 Ῥω-

219 1548 340 1600 μαῖοι
365 1538 702 1599 μετεκλήθησαν.

316 1678 352 1715 1.
376 1674 757 1728 ταρκυνοσούπερβος
779 1679 822 1714 Α.
849 1674 1065 1726 ταρκῦηυος
1093 1675 1305 1728 σούπερβος
1324 1679 1369 1715 Β.
1487 1676 1524 1713 5.
1556 1679 1738 1724 λουκρου-

314 1725 404 1762 τίαν
428 1727 470 1760 Α.
505 1728 733 1771 λοκρουτίαν
766 1727 809 1765 Β.
948 1729 983 1763 6.
1017 1729 1219 1764 κολατίυου
1246 1727 1290 1762 Β.
1409 1728 1445 1763 8.
1477 1725 1577 1761 ἰλίου
1602 1728 1646 1761 A.

315 1775 354 1810 9.
389 1769 521 1820 ἀρχῆς]
548 1770 668 1820 αὖχῆς
691 1775 737 1810 Β.
859 1775 916 1810 10.
955 1773 1079 1821 Τινὲς]
1106 1775 1161 1810 Ex
1179 1774 1335 1810 Eusebio
1354 1774 1395 1817 Ι,
1419 1774 1478 1812 43.
1504 1785 1539 1820 p.
1562 1775 1646 1809 209.

315 1817 510 1868 Ἀλβανὸν]
536 1818 721 1868 ’Ἅλβανος
751 1821 919 1858 scribitur
945 1833 1054 1870 supra
1084 1834 1119 1870 p.
1150 1824 1232 1860 171.
1375 1824 1430 1858 12.
1456 1821 1552 1866 Δία]
1577 1823 1667 1857 δῖαν
1698 1819 1741 1854 Α.

395 1870 454 1905 13.
479 1870 659 1911 ἰσπανίοις
681 1871 726 1905 Β.
832 1872 1004 1913 λατεῖνος
1026 1871 1069 1906 Β.
1184 1868 1242 1906 14.
1265 1869 1398 1916 τροιᾶς
1419 1871 1463 1905 Β.
1571 1870 1627 1906 15.
1654 1866 1742 1902 Vul-

320 1925 367 1960 go
389 1917 577 1964 Λαβηνίᾳ.
685 1919 741 1954 16.
766 1919 946 1955 λοι-τείνων
967 1918 1011 1953 Β.
1116 1913 1253 1963 αὐτόν]
1282 1915 1411 1954 αὐτῶν
1431 1918 1476 1954 A.
1586 1918 1642 1952 17.
1669 1914 1742 1961 ῥω-

321 1959 448 2008 μύλου
472 1965 515 1999 Β.
541 1961 749 2010 Ρωμῦλλου
772 1966 822 2003 G.
943 1966 1122 2013 βασιλεῖς]
1147 1964 1326 2016 βασιλέως
1350 1967 1399 2002 G.
1520 1965 1578 2003 18.
1609 1963 1743 2011 πρότε-

321 2022 385 2056 ροι
409 2011 459 2046 G.
565 2012 711 2051 ἰταλλοὶ
733 2013 778 2051 Α.
891 2015 1058 2051 λατεῖνοι
1079 2015 1125 2051 Β.

274 2149 507 2187 Romanorum
531 2162 595 2188 rex
620 2153 668 2190 22
690 2152 908 2200 Tarquinius
926 2153 1108 2200 Superbus
1126 2153 1226 2189 annis
1247 2151 1314 2198 24,
1339 2153 1461 2190 mundi
1482 2162 1568 2187 vero
1589 2149 1695 2189 4957.

321 2207 392 2243 Hic
412 2210 515 2256 regni
542 2211 760 2247 decessorem
791 2212 951 2247 Servium
976 2212 1116 2247 Tullum
1146 2225 1306 2249 socerum
1332 2213 1511 2259 proprium
1539 2211 1684 2246 sustulit
1705 2211 1743 2244 et

226 2255 450 2301 tyrannidem
483 2258 649 2304 arripuit.
703 2259 892 2294 Lucretiae
916 2270 1002 2294 vero
1028 2259 1196 2296 Collatini
1227 2261 1354 2296 nobilis
1378 2261 1446 2295 viri
1469 2259 1592 2294 uxoris
1621 2271 1642 2293 a
1668 2257 1742 2292 filio

226 2301 426 2348 Tarquinio
446 2308 695 2350 constupratae
714 2317 822 2341 causa
843 2305 1052 2341 interfectus
1079 2314 1145 2342 est.
1193 2307 1389 2354 Tarquinio
1407 2307 1544 2343 sublato
1565 2306 1743 2341 consulum

227 2349 437 2396 dignitatem
460 2352 658 2388 Collatinus
681 2353 792 2387 Bruto
818 2352 1000 2388 adiunctus
1029 2353 1065 2388 in
1095 2355 1214 2390 urbem
1239 2355 1399 2398 admisit,
1427 2354 1595 2390 Romanis
1620 2364 1743 2399 regum

225 2396 409 2443 imperium
437 2401 475 2433 et
507 2410 630 2435 nomen
655 2398 953 2447 detrectantibus,
990 2401 1036 2436 ad
1062 2401 1144 2437 Iulii
1173 2402 1340 2439 Caesaris
1369 2409 1520 2439 aetatem
1552 2406 1589 2437 et
1618 2407 1743 2448 tyran-

226 2443 354 2480 uidem.

320 2503 493 2540 Locorum
517 2504 564 2540 ad
591 2504 773 2541 occiduum
796 2506 923 2542 Italiae
950 2507 1056 2543 solem
1079 2507 1271 2555 positorum
1293 2510 1528 2558 principatum
1550 2507 1743 2545 obtinuisse

228 2549 419 2587 Saturnum
446 2551 593 2598 primum
619 2553 788 2588 Albanum
816 2554 971 2590 nonnulli
998 2557 1181 2599 referunt,
1215 2559 1297 2593 huic
1327 2559 1450 2594 Picum
1484 2557 1594 2594 filium
1626 2556 1743 2590 Iovem

229 2597 362 2634 dictum
383 2599 616 2642 successisse,
641 2600 768 2636 deinde
793 2602 946 2637 Faunum
972 2602 1066 2637 Iovis
1085 2603 1194 2639 filium
1215 2606 1428 2641 Mercurium
1450 2607 1553 2641 etiam
1574 2604 1742 2644 habitum,

230 2657 320 2691 quos
349 2646 519 2682 Hercules
548 2647 723 2694 Hispania
744 2660 906 2684 reversus
925 2649 960 2684 in
988 2662 1096 2696 regno
1121 2654 1326 2698 exceperit,
1351 2654 1408 2689 cui
1428 2654 1575 2689 Latinus
1604 2662 1744 2685 succes-

230 2692 340 2747 serit,
368 2693 432 2728 sub
461 2705 529 2741 quo
555 2700 635 2741 post
661 2695 794 2730 cladem
817 2696 1007 2732 Troianam
1039 2698 1142 2734 armis
1172 2701 1367 2747 opibusque
1386 2701 1580 2736 instructus
1606 2700 1743 2733 Aeneas

230 2751 267 2774 in
285 2739 421 2776 Italiam
440 2741 598 2784 veniens,
619 2746 656 2777 et
679 2743 847 2778 Laviniae
867 2744 943 2779 eius
961 2745 1056 2780 filiae
1072 2747 1245 2782 connubio
1265 2748 1406 2783 iunctus
1425 2749 1461 2783 in
1472 2748 1619 2783 Latinos
1640 2757 1744 2780 exer-

231 2790 330 2822 ceret
348 2787 553 2834 imperium3
578 2801 620 2825 ex
641 2801 709 2836 quo
730 2790 863 2837 posteri
888 2791 1054 2838 deinceps
1083 2806 1189 2840 reges
1209 2795 1254 2830 ad
1281 2795 1463 2831 Romulum
1489 2808 1599 2841 usque
1623 2806 1743 2840 regem

231 2835 278 2870 16
302 2834 437 2890 βρωαο
465 2836 689 2872 conditorem.
736 2838 768 2872 A
792 2838 939 2874 Romulo
965 2841 1097 2876 vetusti
1125 2842 1252 2878 Albani
1265 2867 1276 2886 ,
1312 2843 1374 2890 qui
1392 2843 1522 2879 deinde
1543 2842 1647 2886 Itali,
1671 2847 1743 2878 tum

232 2879 370 2926 Latini,
394 2883 541 2920 Romani
560 2884 694 2921 demum
711 2886 830 2922 vocati
848 2890 941 2923 sunt.
