1754 3236
572 186 1106 234 CHRONOGRAPHIA.
1551 185 1578 234 1
1589 186 1614 234 1

91 299 241 354 μηνῶν
267 295 296 355 ἢ
315 296 518 342 ἐνιαυτῶν
538 315 580 342 τι
610 299 744 357 ζητεῖν
767 298 817 344 οὗ
838 299 994 359 μικρὰν
1024 300 1194 357 ἕμποιεῖ
1217 298 1296 358 τὴν
1323 298 1499 360 πλάνην.
1549 304 1616 350 διὸ

92 366 227 413 καλὸν
243 366 473 426 ἡγούμενος
489 368 567 421 τὰς
584 370 892 430 ἓπισημοτέρας
921 371 1062 416 αὐτῶν
1084 371 1298 431 διαφορὰς
1329 379 1443 431 τρεῖς
1466 372 1612 429 οὔσας,
1639 384 1681 421 Ρ.
1701 385 1725 422 7

92 440 164 483 καὶ
187 445 285 491 ταῖς
305 447 531 498 πατρικαῖς
552 443 844 493 διδασκαλίαις
865 440 1198 500 εὖὸιαγνιῦστους
1219 441 1322 487 εἶναι
1331 477 1346 497 ,
1382 451 1473 495 τοῖς
1491 450 1616 503 φιλο-

92 509 281 566 μαθέσιν
302 508 543 568 ἐκθήσομαι
560 511 639 563 τὰς
660 513 811 564 λοιπὰς
832 515 993 572 παρεὶς,
1033 511 1092 565 ὥς
1110 513 1340 573 ἀτρίπτους
1361 511 1452 559 οἷον
1471 518 1612 572 εἰπεῖν,

64 579 260 636 5Ἰνδῶν,
298 579 327 639 ἢ
342 583 600 638 Χαλδαίων,
640 581 667 640 ἢ
687 582 827 628 ἄλλων
847 589 973 629 τινῶν
993 583 1239 642 ἀσυνήθων.
1278 586 1356 629 εἰσὶ
1375 586 1423 630 δὲ
1442 587 1488 630 αἶ
1505 594 1617 647 τρεῖς

91 653 297 712 διαφοραὶ
324 651 354 710 ἥ
374 670 421 698 τε
450 653 556 714 παρ’
588 652 800 714 Ἑβραίοις
832 657 903 700 καὶ
935 655 1044 715 παρ’
1074 657 1331 715 Αἰγυπτίοις
1358 655 1472 716 καὶὴ
1496 658 1616 718 παρὰ

85 720 318 780 Ῥωμαίοις.
1219 722 1228 736 ⁰

194 794 306 852 Μὴν
324 799 493 854 πρῶτος
512 795 720 854 κατὰ·τὴν
737 801 816 842 τοῦ
836 801 945 842 θεοῦ
964 797 1226 853 νομοθεσίαν
1246 795 1268 842 ὅ
1287 797 1386 858 παρ’
1403 796 1617 859 Ἑβραίοις

88 865 233 910 Νισὰν
263 867 547 925 νυχθημέρων
575 865 803 926 τριάκοντα
835 868 919 913 ἀπὸ
952 869 1082 914 εἴκοσι
1107 869 1228 913 πέντε
1261 871 1494 927 Μαρτίου,
1534 871 1614 924 ἕως

31 942 79 979 10
89 934 151 995 κγ’
163 936 424 996 Ἀπριλλίου.
446 938 530 983 ἀπὸ
550 936 624 982 κθ’
643 943 720 983 τοῦ
736 940 958 997 Φαμενὼθ
976 941 1055 992 ἕως
1075 939 1154 992 τὰς
1174 938 1240 998 κη’
1261 945 1338 985 τοῦ
1357 944 1607 1000 Φαρμουθί.

189 1005 404 1067 Δεύτερος
429 1008 516 1067 μὴν
540 1006 682 1067 Ἰάρης
714 1008 885 1070 ἧμερῶν
912 1009 1142 1071 τριάκοντα
1173 1010 1257 1056 ἀπὸ
1281 1009 1347 1055 κδ’
1369 1011 1609 1072 Ἀπριλλίου
1627 1028 1672 1065 V,
1697 1030 1722 1066 6

85 1076 167 1130 ἕως
192 1077 255 1138 u'y‘
273 1082 443 1126 Μαΐου.
482 1079 567 1126 ἀπὸ
588 1079 662 1125 κθ’
683 1081 761 1126 τοῦ
786 1085 1024 1142 Φαρμουθὶ
1046 1083 1125 1135 ἕως
1151 1082 1231 1135 τὰς
1252 1080 1318 1140 κη’
1338 1088 1417 1128 τοῦ
1443 1085 1648 1142 ΠαχῶνΒ

82 1147 231 1207 μηνός,
333 1146 337 1149 ’

188 1221 299 1279 Μὴν
329 1220 489 1266 Σουΐὰν
522 1220 694 1282 ἡμερῶν
719 1221 948 1281 τριάκοντα
986 1229 1090 1282 μιᾶς
1124 1223 1208 1270 (inci
1242 1221 1308 1269 κδ’
1342 1227 1495 1270 Μαΐου
1529 1225 1609 1278 ἕως

27 1297 73 1336 15
86 1290 164 1343 τὰς
181 1290 242 1350 κγ’
260 1291 436 1337 Ἰουνίου
451 1307 462 1318 ·
501 1291 608 1349 ὁμοῦ
630 1294 877 1354 ἐνενήκοντα
901 1294 994 1343 δύο.
1045 1295 1128 1341 ἀπὸ
1151 1295 1230 1349 τὰς
1250 1293 1324 1341 κθ’
1343 1301 1421 1342 τοῦ
1441 1297 1608 1355 Παχὼν

85 1362 164 1416 ἕως
184 1363 262 1415 τὰς
282 1362 355 1408 κθ’
382 1368 461 1409 τοῦ
479 1365 638 1411 Παϋνί.

192 1434 346 1494 Θερινὴ
366 1434 517 1495 τροπή.

187 1506 297 1564 Μὴν
322 1508 464 1563 Θαμνὶ
487 1507 767 1567 νυχθημέρων
797 1504 1025 1568 τριάκοντα
1053 1507 1137 1553 ἀπὸ
1159 1506 1225 1553 κδ’
1242 1508 1417 1554 Ἰουνίου
1439 1507 1519 1561 ἕως
1537 1505 1642 1568 κγό

78 1573 272 1622 Ἰουλίου.
325 1577 409 1622 ἀπὸ
429 1576 466 1622 λ’
486 1583 565 1623 τοῦ
586 1580 730 1624 Παϋνὶ
754 1579 831 1631 ἕως
852 1578 924 1624 κθ’
949 1584 1027 1624 τοῦ
1040 1579 1196 1638 Ἐπιφί.

179 1677 216 1714 6.
247 1675 312 1714 καὶ
343 1673 368 1726 ἡ
393 1678 437 1714 Α.
462 1674 496 1725 ἡ
515 1689 581 1714 οιιι.
611 1679 661 1728 (ἦ.
765 1678 802 1714 8.
834 1677 912 1726 μὴν
936 1678 1060 1715 addidi
1085 1690 1128 1715 ex
1151 1679 1195 1715 A.
1303 1674 1403 1725 παρ’
1425 1678 1469 1714 Α.
1495 1675 1619 1726 παρὰ

175 1726 259 1768 τοῖς
281 1725 331 1760 G.
426 1727 459 1762 9.
496 1725 627 1763 Νισᾶν
651 1738 695 1762 ιιι.
719 1728 856 1764 νισσᾶν
878 1729 922 1764 Α.
955 1726 1109 1764 Νισσιὶν
1133 1727 1182 1763 Gr.
1293 1729 1351 1765 10.
1372 1725 1600 1775 Ἀπριλλίου]

174 1772 458 1821 παρεκτείνεται
469 1774 533 1811 καὶ
553 1773 635 1810 add.
648 1786 693 1812 m.
750 1772 948 1822 ἆπριλλίου
958 1777 1000 1810 Α.
1024 1777 1096 1813 τοῦ
1109 1771 1318 1821 Ἀπριλλίου
1329 1777 1376 1811 G.
1441 1774 1497 1811 14.
1511 1777 1599 1812 Z'ce-

174 1819 309 1868 θοναῆ
333 1833 379 1856 ιιι.
453 1824 512 1859 16.
537 1821 674 1870 Παυνή
699 1835 746 1858 ιιι.
817 1825 874 1861 18.
901 1822 1027 1869 Θαμνὶ
1040 1835 1083 1858 ιιι.
1112 1823 1255 1870 Θαμνεὶ
1266 1824 1315 1859 G.
1386 1822 1540 1859 ἰουνίου
1557 1824 1602 1860 Α.

175 1869 250 1906 τοῦ
270 1870 426 1907 Ιουνίου
451 1871 500 1906 G.
592 1873 651 1909 19.
672 1867 824 1919 Ἑπιφί]
843 1871 990 1919 Επιφεὶ
1012 1872 1049 1907 G
1073 1871 1130 1906 hic
1153 1876 1191 1908 et
1213 1884 1248 1919 p.
1267 1872 1303 1917 9,
1321 1872 1357 1908 2.
1381 1869 1446 1908 ἐπὶ
1470 1870 1534 1918 φεὶ
1557 1872 1602 1908 Α.

82 1951 182 1988 sibus
206 1962 249 1987 sc
266 1950 366 1988 annia
393 1952 634 2000 quaestionem
650 1954 870 1991 moventibus
888 1966 958 1990 non
981 1952 1225 1990 contemnendi
1255 1952 1386 1989 erroris
1415 1964 1522 1988 causa
1539 1963 1605 1988 ex·

83 1999 171 2035 titit.
218 2000 309 2035 Eam
333 2001 378 2036 ob
404 2013 478 2036 rem
509 2013 642 2048 operae
669 2003 821 2049 pretium
842 2007 962 2046 ratus,
998 2007 1073 2040 tres
1107 2001 1319 2049 praecipuas
1348 2012 1469 2036 eorum
1499 1999 1605 2036 diffe-

81 2046 216 2083 rentias
239 2059 282 2083 ac
299 2048 403 2084 iuxta
420 2051 570 2096 paterna
591 2049 637 2084 ad
658 2061 721 2084 nos
740 2062 851 2097 usque
870 2050 989 2086 delata
1006 2053 1225 2085 monumenta
1242 2061 1284 2084 co
1312 2048 1389 2084 nitu
1408 2048 1601 2092 faciliores,

80 2094 240 2142 reliquis,
259 2107 325 2131 ceu
342 2096 437 2132 nullo
458 2107 541 2132 usus
568 2097 680 2132 nostri
699 2097 853 2144 vestigio
881 2098 990 2140 tritis,
1015 2097 1189 2140 Indorum,
1215 2097 1294 2132 Cha
1308 2096 1489 2139 daeorum,
1513 2095 1602 2131 alio-

80 2153 247 2190 rumque,
270 2154 348 2179 cum
370 2143 497 2190 quibus
517 2143 612 2179 nulla
631 2145 732 2180 nobis
757 2151 812 2181 est
836 2144 1070 2189 consuetudo,
1095 2144 1250 2187 relictis,
1274 2142 1446 2179 scientiae
1461 2143 1599 2189 cupidis

80 2201 264 2237 exponam.
313 2191 412 2227 Illae*
426 2203 514 2227 vero
546 2195 621 2227 tres
642 2192 867 2229 differentiae
886 2193 1142 2236 Hebraeorum,
1162 2191 1443 2242 Aegyptiorum,
1467 2191 1600 2226 Roma-

79 2249 274 2285 norumque
290 2243 375 2274 sunt
391 2239 571 2286 propriae.
1292 2270 1297 2275 ,

175 2285 314 2322 Primus
338 2287 459 2323 divino
488 2290 574 2323 nutu
595 2287 771 2323 Hebraeis
799 2287 986 2323 institutus
1012 2286 1140 2322 mensis
1164 2285 1282 2322 Nisan
1307 2289 1364 2322 est
1391 2285 1526 2322 dierum
1552 2297 1597 2322 ac

80 2331 233 2368 noctium
248 2334 466 2380 integrarum
486 2335 637 2381 triginta
649 2360 661 2379 ,
684 2335 812 2371 Martii
838 2335 1004 2371 vicesimo
1021 2334 1144 2381 quinto
1160 2333 1288 2381 incipit
1299 2359 1311 2377 ,
1336 2337 1373 2369 et
1400 2333 1445 2369 ad
1461 2333 1596 2380 Aprilis

79 2380 282 2416 vicesimum
302 2382 446 2418 tertium
472 2383 646 2426 excurrit3
670 2395 712 2418 ac
729 2382 863 2430 pariter
888 2394 911 2418 a
926 2382 1143 2418 Phamenoth
1170 2381 1336 2418 vicesimo
1355 2393 1446 2418 nono
1467 2381 1514 2416 ad
1533 2392 1594 2416 us-

79 2439 152 2475 que
168 2428 298 2463 mensis
317 2429 522 2465 Pharmuthi
539 2430 741 2465 vicesimum
756 2434 929 2466 octavum.

174 2475 310 2512 Mensis
326 2477 500 2512 secundus
518 2477 617 2514 lares
642 2477 768 2513 diebus
788 2477 939 2524 triginta
968 2476 1164 2520 clauditur3
1188 2475 1317 2523 incipit
1330 2474 1464 2523 Aprilis
1494 2474 1592 2510 vice-

79 2521 166 2558 simo
185 2527 334 2570 quarto,
359 2524 450 2560 Maii
474 2525 640 2561 vicesimo
661 2525 769 2561 tertio
793 2525 974 2573 exspirat3
999 2537 1022 2560 a
1045 2524 1256 2560 Pharmuthi
1271 2536 1398 2572 nempe
1422 2522 1591 2558 vicesimo

79 2581 171 2606 nono
192 2571 353 2618 adusque
368 2572 511 2607 Pachon
530 2573 730 2608 vicesimum
746 2577 920 2609 octavum.
1517 2614 1527 2624 ι

173 2617 308 2654 Mensis
329 2620 439 2655 Suian
463 2619 593 2656 circulo
613 2620 747 2656 dierum
768 2620 871 2656 unius
899 2623 937 2656 et
963 2618 1114 2667 triginta
1141 2618 1358 2666 completur-3
1382 2615 1471 2652 Maii
1492 2627 1592 2672 vice-

77 2663 166 2700 simo
184 2672 312 2712 quarto
329 2667 524 2711 exorditur,
543 2668 637 2704 Iunii
657 2668 822 2704 vicesimo
841 2669 949 2703 tertio
970 2667 1101 2703 desinit
1119 2667 1285 2714 (quorum
1302 2665 1410 2700 trium
1424 2675 1593 2698 mensium

78 2723 212 2770 summa
239 2718 294 2750 est
321 2715 455 2750 dierum
476 2716 670 2762 nonaginta
694 2715 856 2762 duorum)
882 2727 905 2751 a
920 2715 1066 2752 Pachon
1089 2714 1256 2750 vicesimo
1284 2725 1375 2749 nono
1404 2712 1450 2747 ad
1469 2711 1593 2758 Payne

78 2771 278 2798 Vlceslmum
297 2774 436 2798 nonum.

172 2809 355 2845 Aestivum
374 2810 559 2847 solstitium
571 2836 583 2854 ‚
607 2811 685 2846 sive
703 2810 740 2846 in
761 2810 865 2846 alium
884 2810 1001 2857 polum
1022 2809 1160 2845 aestiva
1181 2808 1264 2844 solis
1282 2805 1481 2862 conversio-⁴
1508 2852 1519 2863 ·

170 2855 303 2893 Mensis
321 2857 471 2893 Thamni
498 2858 647 2904 triginta
673 2858 807 2894 dierum
826 2862 904 2901 est,
928 2858 1019 2894 Iunii
1038 2857 1205 2892 vicesimo
1225 2858 1352 2903 quarto
1370 2864 1592 2901 prmcipmm,

76 2900 159 2936 Iulii
175 2902 341 2942 vicesimo
358 2905 465 2942 tertio
480 2906 584 2943 finem
599 2906 771 2943 sortitur:
795 2917 818 2943 a
836 2906 961 2954 Payue
976 2904 1154 2943 tricesimo
1179 2903 1223 2940 ad
1240 2901 1375 2951 Epiphi
1389 2901 1592 2938 vicesimum

77 2960 213 2986 nonum.
726 2978 729 2980 .
1291 2976 1297 2980 ι
1439 2975 1443 2980 .
1475 2975 1479 2979 .
