1800 3236
223 200 330 250 346
683 200 942 254 GEORGII
973 209 1264 255 SYNCELLI

329 309 535 375 Σολομῶν
566 316 787 377 ἕλάτρευσε
819 324 872 378 τῇ
896 317 1129 379 Ἀστάρτῃ,
1167 322 1428 378 καταλείψας
1442 313 1522 368 ιτόν
1540 324 1644 368 θεὸν
1665 328 1734 369 καὶ

222 393 282 451 τῷ
317 389 484 446 Χαμώς
514 387 770 446 βδελύγματι
808 393 1059 445 Μωαβιτῶν
1098 393 1166 434 καὶ
1196 396 1256 451 τῷ
1290 393 1459 450 Μολώχ
1482 394 1731 450 Ἀμανιτῶν,

222 462 407 518 γυναιξὶν
429 461 617 510 ἐθνικαῖς
634 459 883 515 ἀπατηθείς.
906 459 983 517 εἶχε
1003 461 1083 520 γὰρ
1101 459 1354 514 ἑπτακοσίας
1367 463 1550 521 γαμετὰς
1564 465 1732 523 Ἰσραη-

63 538 106 576 P.
132 529 386 582 184”λίτιδάς
415 547 459 574 τε
490 532 560 573 καὶ
589 529 783 584 ἐθνικὰς,
819 533 1064 589 τριακοσίας
1092 533 1137 576 δὲ
1158 531 1389 586 παλλακάς.
1428 533 1568 586 πάσας
1589 537 1635 579 δὲ
1656 536 1734 588 τὰς

219 600 394 652 ἐθνικὰς
426 600 544 659 παρὰ
577 599 653 656 τὴν
686 601 811 644 θείαν
844 601 1015 659 ἐντολὴν
1052 601 1240 660 ἠγάγετο.
1279 604 1350 648 ἕνα
1383 606 1429 648 δὲ
1460 603 1592 662 μόνον
1614 605 1761 663 «ξ’σχενὸ

219 671 376 730 ἄρσενα
386 705 399 725 ,
437 672 506 714 καὶ
538 675 691 715 τοῦτον
710 672 755 723 ἐξ
777 670 1020 731 ἀλλοφύλου
1040 672 1228 730 Ναάμας
1249 678 1326 732 τῆς
1340 675 1606 732 Ἀμανίτιδος
1626 675 1733 721 ἀνοί-

220 746 308 796 ξιον
330 746 406 799 τῆς
427 740 572 800 ἀρχῆς.

313 810 494 868 Ἀχιάςὸ
522 812 752 869 Σιλωνίτης
774 810 1058 872 προεφήτευσε
1084 818 1145 874 τῷ
1160 812 1392 872 Ἵεροβωᾶμ
1413 814 1476 860 ὅτι
1495 815 1733 872 βασιλεύσει

217 886 305 927 τῶν
340 880 367 925 ι’
392 886 562 941 φυλῶν,
602 880 703 940 ὅπερ
734 882 920 935 ἀκούσας
953 885 1157 940 Σολομῶν
1189 884 1318 942 ἐζήτει
1340 886 1495 931 ἀνελεῖν
1515 886 1733 946 τὸνἹερο-

217 951 360 1010 βωάμ.
399 950 421 997 ὅ
443 953 489 996 δὲ
508 954 765 1012 προσφυγὼν
782 959 842 1015 τῷ
863 957 1102 1011 Σουσακεὶμ
1120 961 1289 1011 βασιλεῖ
1299 955 1520 1014 Αἰγύπτου
1541 958 1732 1016 γαμβρὸς
1744 962 1790 1002 10

217 1023 349 1068 αὐτοῦ
378 1023 531 1082 γίνεται
553 1024 617 1067 ἐπὶ
639 1027 848 1085 θυγατρὶ,
888 1028 957 1069 καὶ
977 1026 1083 1083 μετὰ
1101 1024 1294 1071 θάνατον
1313 1031 1568 1085 Σολομῶνος
1589 1036 1739 1088 κρατεῖ

218 1099 305 1139 τῶν
324 1094 464 1138 αὐτῶν
484 1092 510 1137 ι’
533 1098 691 1153 φυλῶν.

327 1169 404 1225 Τῷ
419 1163 535 1226 ,δφζ
559 1164 637 1209 ἔτει
658 1170 734 1209 τοῦ
756 1163 916 1222 κόσμου
939 1167 1144 1224 Σολομῶν
1169 1165 1422 1225 ἐτελεύτησε,
1462 1170 1530 1212 καὶ
1551 1170 1730 1225 ἐσχίσθη

183 1234 250 1294 Βῆ
279 1237 472 1292 βασιλεία
504 1240 589 1280 τῶν
625 1236 727 1279 υἱῶν
754 1236 924 1294 Ἰσραὴλ
960 1239 1017 1289 εἷς
1049 1237 1124 1282 δύο
1147 1238 1255 1282 κατὰ
1277 1239 1353 1295 τὴν
1373 1239 1496 1283 θείαν
1516 1238 1731 1297 ἀπόφασιν

218 1307 296 1365 τὴν
317 1309 601 1362 ἐξενεχθεῖσαν
622 1306 730 1350 κατὰ
755 1311 1009 1362 Σολομῶνος
1028 1311 1098 1352 καὶ
1119 1313 1194 1353 τοῦ
1220 1310 1313 1353 υἱοῦ
1337 1309 1468 1353 αὐτοῦ
1479 1344 1493 1364 ,
1533 1310 1639 1368 πρὸς
1653 1308 1728 1353 Ἱε-
1743 1320 1787 1358 15

219 1377 397 1437 ροβωὰμ
408 1410 421 1431 ,
460 1375 524 1421 δι’
552 1376 667 1433 Ἀχία
692 1382 767 1421 τοῦ
791 1380 1034 1424 Σιλωνίτου.
1073 1381 1143 1423 καὶ
1167 1381 1408 1436 ἐβασίλευσε
1426 1378 1622 1436 Ῥοβωὰμ
1641 1381 1734 1431 υἱὸς

218 1447 353 1491 αὐτοῦ
393 1448 436 1491 ἓν
459 1444 734 1505 Ἰερουσαλὴμ
765 1452 850 1492 τῶν
883 1447 958 1493 δύο
991 1453 1161 1508 φυλῶν,
1199 1455 1275 1494 τοῦ
1307 1468 1351 1495 τε
1381 1449 1522 1494 Ἰούὸἀ
1554 1453 1623 1494 καὶ
1654 1456 1731 1494 τοῦ

219 1519 419 1574 Βενιαμίν
436 1532 445 1542 ·
484 1517 528 1560 αἱ
552 1519 597 1561 δὲ
616 1517 741 1561 ἄλλαι
770 1517 795 1561 ι’
818 1522 947 1577 φυλαὶ
978 1525 1054 1564 τοῦ
1072 1520 1243 1579 Ἰσραὴλ
1266 1520 1733 1577 ἔβασίλευσανέαυταΐς

218 1590 262 1632 ἓν
274 1589 492 1650 Σαμαρείᾳ
511 1589 584 1632 τὸν
605 1587 835 1648 Ἱεροβωὰμ
856 1592 1008 1635 δοῦλον
1029 1595 1295 1647 Σολομῶνος,
1335 1594 1403 1635 καὶ
1429 1591 1593 1648 ἔμειναν
1618 1591 1730 1636 οὕτω

216 1659 466 1719 διῃρημέναι
492 1660 535 1702 αἱ
559 1657 634 1703 δύο
654 1658 864 1716 βασιλεῖαι
882 1662 959 1713 ἕως
978 1667 1055 1719 τῆς
1074 1664 1130 1713 εἰς
1151 1663 1400 1714 Χαλδαίους
1422 1664 1723 1719 αἰχμαλωσίας.
1738 1679 1786 1714 20

304 1761 340 1796 2.
377 1759 504 1804 χαμῶς
538 1759 610 1794 AB.
764 1758 800 1796 4.
843 1762 1076 1803 παλλακίδας
1110 1761 1158 1796 G.
1291 1764 1326 1799 6.
1366 1761 1508 1809 ἆρῤενα
1543 1765 1591 1799 G.

308 1808 341 1842 8.
358 1808 381 1843 9
401 1813 438 1841 et
457 1809 510 1843 15.
537 1805 729 1855 ἰεροβωὰμ
749 1807 791 1842 Β.
818 1808 1014 1856 Ιερωβοάμ
1041 1810 1089 1843 G.
1182 1811 1217 1846 9.
1243 1807 1282 1855 ι’]
1310 1808 1358 1858 ιβ’
1383 1811 1432 1848 G.
1538 1815 1595 1849 11.
1622 1811 1666 1848 15
1690 1812 1727 1844 et

308 1855 364 1890 19.
399 1854 514 1900 Vulgo
538 1856 800 1901 Σολομῶντος.
908 1859 965 1894 13.
998 1857 1123 1901 „Infra
1154 1856 1282 1905 fimi-’⁷
1307 1870 1352 1893 m.
1458 1860 1513 1895 16.
1549 1856 1605 1894 δι’
1635 1857 1728 1904 ἆχιοῖ

309 1901 352 1938 Α.
383 1899 449 1937 διοὶ
477 1899 567 1947 ἄχιᾶ
593 1904 637 1938 Β.
673 1902 730 1938 δι’
750 1904 866 1950 Αχίου
894 1905 942 1939 G.
1071 1902 1306 1952 ἐβασίλευσεν
1337 1903 1494 1954 ῥοβωᾶμ
1526 1906 1568 1941 Β.
1603 1904 1728 1953 ἐβασί-

308 1950 436 1984 λευσεν
455 1946 475 1985 ὁ
498 1949 654 1998 Ροβοᾶμ
679 1951 727 1986 G.
834 1953 890 1991 17.
916 1950 970 1998 ἐν]
999 1950 1039 1988 ἐν
1056 1953 1125 1988 τοῦ
1149 1954 1197 1989 G.
1314 1955 1370 1990 19.
1398 1952 1589 2000 ἰεροβωάμ
1604 1955 1646 1989 Β.
1674 1955 1728 1989 ἰε-

307 1994 466 2078 ρωβιέἳιμ
488 2000 531 2034 A.
556 1996 744 2046 Ιεροβοὰμ
765 1999 814 2036 G.
931 2000 1071 2037 δοῦλον
1090 2001 1161 2037 τοῦ
1181 2001 1229 2039 G.
1345 2002 1404 2038 20.
1431 2002 1484 2044 εἰς
1504 2002 1726 2044 Χαλδαίους

309 2054 377 2080 om.
438 2070 447 2079 .

309 2125 474 2161 Salomon
505 2125 629 2162 relicto
659 2126 747 2170 deo,
779 2127 947 2163 Astarten
973 2130 1010 2163 et
1037 2129 1188 2164 Chamos
1213 2128 1446 2164 Moabitarum
1477 2129 1726 2165 exsecrandum

215 2171 370 2216 idolum,
396 2177 432 2207 et
459 2172 600 2208 Moloch
618 2174 887 2210 Ammonitarum
916 2176 1037 2218 deum,
1062 2189 1084 2212 a
1109 2176 1311 2211 mulieribus
1336 2176 1528 2222 gentilibus
1559 2177 1726 2212 seductus

218 2218 338 2254 coluit.
387 2220 639 2266 Septingentas
657 2225 771 2256 autem
790 2222 866 2257 sive
884 2233 928 2256 ex
948 2222 1058 2258 Israel
1079 2223 1156 2258 sive
1172 2236 1216 2258 ex
1238 2223 1402 2270 gentibus
1428 2236 1554 2259 uxores
1577 2225 1726 2259 selectas

218 2278 328 2313 penes
347 2279 386 2302 se
405 2268 526 2302 habuit
538 2293 549 2310 ,
574 2268 718 2314 pellices
736 2273 792 2304 ter
813 2273 974 2311 centum3
997 2270 1219 2317 gentilesque
1237 2271 1429 2306 huiusmodi
1453 2271 1510 2306 dei
1528 2272 1726 2307 mandatum

220 2319 508 2360 praetergressus
527 2315 640 2349 duxit.
687 2315 746 2350 Ex
764 2316 900 2351 cunctis
916 2328 1021 2362 porro
1039 2318 1145 2357 solum
1165 2329 1267 2353 unum
1285 2330 1412 2353 marem
1430 2319 1539 2353 filium
1557 2319 1724 2364 suscepit,

219 2361 435 2408 eundemque
452 2362 670 2407 alienigenae
686 2362 843 2399 mulieris
861 2363 1018 2399 Naamae
1035 2364 1275 2400 Ammanitidis
1295 2365 1422 2413 copula
1448 2372 1668 2413 procreatum
1688 2371 1726 2402 et

218 2406 367 2456 imperio
386 2409 524 2455 penitus
541 2409 734 2454 indignum.
879 2439 881 2441 ,

313 2456 441 2491 Achias
452 2455 620 2491 Silonites
638 2456 816 2502 praedixit
824 2456 1037 2493 Hieroboam
1053 2458 1171 2494 decem
1185 2459 1337 2495 tribuum
1353 2459 1499 2507 imperio
1516 2460 1722 2507 potiturum3

216 2514 286 2549 quo
307 2503 426 2538 audito
444 2502 541 2538 necis
559 2504 772 2538 Hieroboam
792 2503 996 2540 inferendae
1020 2507 1187 2552 captabat
1207 2506 1367 2542 Salomon
1386 2508 1611 2544 occasionem.
1660 2507 1724 2542 Ille

216 2562 301 2586 vero
326 2551 374 2586 ad
391 2550 548 2586 Susacim
567 2551 724 2597 Aegypti
753 2563 873 2597 regem
900 2553 1061 2598 fugiens,
1086 2566 1194 2598 gener
1222 2555 1297 2589 eius
1325 2555 1397 2590 filia
1421 2556 1527 2591 ducta
1545 2554 1723 2598 efficitur-3

218 2601 424 2644 mortuoque
443 2597 627 2633 Salomone
648 2598 804 2633 tribuum
822 2599 941 2634 decem
957 2600 1192 2647 principatum
1211 2602 1419 2648 assequitur.

310 2647 412 2681 Anno
433 2645 550 2681 mundi
569 2644 663 2682 4510
679 2645 842 2680 Salomon
862 2647 1016 2683 excessit
1035 2661 1056 2683 e
1074 2648 1165 2683 vivis
1183 2654 1220 2684 et
1240 2649 1299 2684 dei
1318 2649 1494 2685 sententia
1512 2648 1548 2684 in
1565 2649 1724 2684 Salomo-

215 2704 293 2728 nem
311 2698 348 2728 et
366 2692 441 2728 eius
457 2691 565 2728 filium
582 2693 666 2734 lata,
691 2705 755 2739 per
772 2693 914 2729 Achiam
934 2695 1137 2742 prophetam
1157 2697 1200 2731 ad
1220 2697 1445 2739 Hieroboam,
1468 2709 1614 2741 regnum
1631 2696 1722 2731 filio-

215 2752 291 2775 rum
307 2740 417 2775 lsrael
432 2740 470 2775 in
487 2740 572 2776 duas
592 2746 712 2786 partes
732 2740 879 2775 divisum
896 2749 973 2784 est;
1005 2743 1220 2789 duarumque
1247 2744 1400 2779 tribuum
1413 2770 1423 2786 ‚
1449 2744 1536 2779 Iuda
1563 2743 1722 2778 nimirum

215 2790 253 2821 et
277 2787 477 2831 Beniamin,
500 2787 658 2823 Roboam
676 2787 828 2823 obtinuit
843 2787 1026 2834 imperium
1050 2790 1084 2824 in
1100 2790 1340 2834 Hierusalem3
1374 2791 1464 2826 aliae
1487 2803 1571 2826 vero
1591 2791 1721 2834 {decem

214 2834 324 2869 lsrael
354 2835 467 2870 tribus
483 2834 696 2870 Hieroboam
716 2834 910 2870 Salomonis
938 2848 1074 2871 servum
1096 2837 1163 2872 sibi
1186 2838 1435 2883 praefecerunt
1455 2850 1573 2885 regem
1593 2837 1630 2872 in
1653 2836 1720 2873 Sa-

215 2882 344 2924 maria,
380 2887 418 2919 et
443 2887 628 2930 utrumque
654 2893 799 2929 regnum
825 2884 871 2920 ab
907 2883 977 2920 alio
1006 2883 1156 2921 divisum
1178 2885 1371 2932 permansit
1397 2898 1508 2933 usque
1530 2886 1577 2922 ad
1601 2884 1721 2933 capti·-

215 2928 375 2966 vitatem.
