1800 3236
221 173 324 227 624
687 180 943 227 GEORGII
969 180 1258 228 SYNCELLI

219 293 432 354 τευθῆναί
445 310 491 340 τε
509 295 579 339 καὶ
593 298 887 351 βαπτισθῆναι
907 295 1103 354 δολερῶς.
1141 292 1246 340 ὅθεν
1266 296 1334 340 καὶ
1354 294 1435 341 ἀπ’
1458 295 1591 342 αῧτοῦ
1607 298 1728 358 μέχρι

220 372 296 413 νῦν
337 363 656 425 ὑποκρινόμενοι
687 367 970 421 βαπτίζεσθαι
995 363 1135 422 πάντη
1166 371 1251 411 τῶν
1282 368 1414 412 θείων
1445 368 1627 413 ἐντολῶν
1659 371 1730 412 καὶ

221 435 444 496 δογμάτων
476 438 577 481 εἰσὶν
617 433 830 494 ἀλλότριοι
840 469 855 490 ,
892 435 952 493 μὴ
985 434 1198 493 δεχόμενοι
1228 436 1303 482 τὸν
1334 440 1428 497 περὶ
1458 437 1730 491 ἀναστάσεως

220 507 344 567 λόγον
390 507 499 564 μηδὲ
538 507 612 550 τὸν
640 505 851 565 ὁρώμενον
883 504 1044 562 κόσμον
1071 511 1178 552 θεοῦ
1205 509 1391 566 λέγοντες
1420 507 1547 564 εἶναι,
1586 515 1729 554 πᾶσαν

219 578 530 635 θεοβδέλυκτον
551 578 850 636 αἰσχρουργίαν
867 575 1172 636 μετερχόμενοι.
1208 577 1374 631 τούτοις
1396 578 1546 624 ἑαυτὸν
1566 581 1762 640 πατέραό

219 652 297 705 μὲν
315 652 539 694 καλεῖσθαι
556 655 646 700 τοῖς
672 648 838 700 ἀθλίοις
859 649 1178 707 παραδέδωκεν,
1215 647 1340 693 εῗκόνι
1359 668 1403 694 τε
1426 651 1533 703 Διὸς
1556 649 1734 708 ὀνόματι

184 723 581 779 Βπροσκυνεῖσθαι,
619 719 698 776 τὴν
726 719 772 762 δὲ
803 718 881 763 σὺν
911 719 1028 780 αὐτῷ
1059 717 1226 779 πόρνην,
1242 717 1408 778 Ἑλένην
1435 721 1527 766 ἀντὶ
1544 721 1735 780 Ἀθηνᾶς

221 794 552 850 προσκυνεῖσθαι
599 789 785 842 ἐδίδαξεν
825 787 981 846 ὁμοίως
1022 794 1075 849 τῇ
1114 790 1222 849 αὐτῇ
1257 789 1393 837 εἰκόνι.
1437 791 1661 845 Ἰουδαίοις
1688 794 1735 838 δὲ

221 861 413 921 Χριστὸν
433 859 583 905 ἑαυτὸν
602 859 733 918 ἔλεγεν
756 858 859 905 εἶναι
880 862 950 905 καὶ
971 859 1064 917 οὐχὶ
1083 861 1260 918 πατέρα.

259 937 352 990 Τῆς
383 933 426 976 ἓν
450 929 758 990 Ἱεροσολύμοις
795 932 1014 989 ἐκκλησίας
1044 936 1215 991 πρῶτος
1248 931 1473 986 ἐπίσκοπος
1485 930 1687 990 Ἰάκωβος
1711 930 1794 980 ὄ10

345 998 625 1061 ’ἆδελςοόθεος
646 1001 716 1060 ἔτη
738 1000 817 1059 κη’.

253 1072 471 1131 Ῥωμαίων
491 1072 690 1130 βασιλεὺς
713 1070 750 1117 δ’
769 1071 900 1125 Γάϊος
921 1069 1218 1132 Καλλιγούλας
1237 1070 1308 1131 ἔτη
1329 1071 1382 1132 γ’.

68 1223 112 1260 v.
132 1223 204 1261 263
681 1205 952 1249 ΚΟΣΜΟΥ
979 1204 1123 1271 ΕΤΗ4
1143 1200 1287 1264 ,εφλζῖ

185 1305 217 1341 0
603 1290 696 1343 Τῆς
729 1287 853 1337 θείας
889 1283 1140 1345 σαρκώσεως
1175 1284 1247 1343 ἔτη
1283 1282 1359 1339 λζ’.

328 1376 516 1432 Πόντιος
536 1382 730 1432 Πιλᾶτος
759 1381 824 1424 ἐπὶ
850 1383 891 1424 Γ
889 1382 983 1423 α’ῗου
1012 1380 1235 1439 Καίσαρος
1267 1379 1477 1433 ποικίλαις
1502 1381 1735 1442 περιπεσών
1749 1386 1793 1423 15

224 1458 489 1511 συμφοραῖς,
528 1450 585 1503 ὥς
606 1468 737 1510 φασιν
759 1451 800 1495 οἷ
823 1451 877 1496 τὰ
895 1449 1113 1508 Ῥωμαίων
1140 1449 1510 1511 συγγραψάμενοι,
1548 1453 1738 1512 αὖτοφο-

223 1523 371 1580 νευτὴς
395 1520 548 1566 ἑαυτοῦ
571 1522 742 1580 ἐγένετο.

328 1591 459 1644 Γάϊος
490 1591 787 1651 Καλλιγούλας
808 1591 974 1651 ἔκγονος
995 1592 1193 1651 Τιβερίου
1224 1592 1408 1646 πολλοὺς
1434 1592 1633 1646 ἀναιτίως
1662 1597 1738 1651 τῆς

223 1665 443 1724 γερουσίας
468 1661 638 1708 ἀνελών.

330 1733 381 1780 Ὅ
403 1734 531 1786 αὖτ’ὸς
554 1734 632 1786 τὰς
652 1734 764 1785 ἷδιάς
786 1732 972 1793 ἀδελφὰς
991 1732 1099 1777 κατὰ
1118 1730 1272 1790 νήσους
1294 1730 1575 1800 φυγαδεύσας.
1748 1741 1796 1777 20

322 1863 355 1898 1.
381 1871 422 1896 τε
446 1870 513 1896 om.
528 1860 577 1894 G.
674 1860 711 1896 2.
735 1858 807 1894 νῦν
827 1858 870 1893 B.
895 1857 967 1895 τοῦ
987 1857 1059 1893 νῦν
1082 1857 1130 1892 G.
1228 1859 1262 1895 6.
1291 1854 1444 1902 ἀθλίοις
1463 1859 1507 1894 Ρ.
1534 1855 1672 1900 ἄθλοις
1689 1857 1738 1895 G.

373 1905 592 1951 παρέδωκεν
614 1907 662 1941 G.
760 1907 817 1943 11.
840 1904 898 1952 κη’
921 1902 964 1941 Β.
990 1902 1022 1951 η’
1043 1905 1092 1939 G.
1190 1906 1245 1942 13.
1270 1907 1341 1943 τοῦ
1359 1904 1504 1954 κόσμου
1527 1905 1610 1949 ἔτος
1633 1905 1677 1941 Β.

320 1953 544 2046 ἐῗᾶυέῆέ.Α.
568 1955 637 2002 τῆς
655 1951 696 1993 δὲ
721 1954 771 1990 Gn'
896 1954 1031 1989 Aberat
1062 1951 1138 2000 ἔτη.
1171 1951 1255 1997 ἔτος
1276 1954 1357 1994 add.
1378 1955 1423 1992 B.
1541 1957 1598 1993 18.
1631 1954 1741 1991 ἀναι-

226 2103 481 2151 instrueretur,
504 2111 541 2144 et
573 2108 658 2144 ficto
687 2106 798 2143 animo
830 2106 1038 2154 baptismum
1067 2107 1270 2154 exciperet3
1294 2119 1338 2143 ex
1359 2119 1430 2155 quo
1454 2106 1515 2156 qui
1535 2107 1617 2142 ficte
1636 2106 1737 2142 modo

227 2156 401 2200 baptismo
423 2156 635 2199 lustrantur,
661 2168 681 2192 a
700 2154 829 2190 divinis
850 2156 1053 2201 praeceptis
1075 2160 1113 2190 et
1132 2155 1293 2191 doctriua
1314 2155 1440 2197 alieni,
1465 2154 1522 2190 vel
1539 2153 1672 2189 reiecta
1693 2154 1738 2188 de

228 2203 488 2238 resurrectione
514 2204 607 2257 ἣδε,
632 2203 794 2238 mundum
823 2203 914 2237 hunc
943 2203 1055 2238 oculis
1087 2203 1258 2238 hominum
1279 2203 1471 2237 subiectum
1492 2201 1552 2236 dei
1571 2201 1740 2247 potestati

228 2260 298 2284 non
317 2250 520 2286 adscribunt
537 2257 574 2287 et
591 2253 657 2286 deo
678 2249 827 2297 quodvis
849 2258 988 2284 exosum
1009 2256 1046 2285 et
1062 2255 1163 2295 turpe
1180 2250 1316 2284 facinus
1338 2249 1537 2290 admittunt,
1562 2249 1637 2283 eius
1655 2260 1739 2284 cen-

231 2301 353 2331 sentur
373 2298 540 2333 asseclae.
588 2300 619 2334 A
641 2297 789 2343 perditis
814 2297 1013 2332 huiusmodi
1032 2297 1225 2332 hominibus
1252 2300 1387 2343 patrem
1406 2308 1446 2329 se
1467 2296 1588 2331 vocari
1618 2307 1660 2331 ac
1681 2296 1740 2331 Io·-

231 2344 287 2380 vis
305 2344 486 2379 simulacro
514 2345 603 2388 coli,
626 2345 795 2380 Helenam
824 2355 911 2378 vero
942 2344 1162 2378 coniunctum
1195 2344 1264 2379 sibi
1288 2347 1446 2378 scortum*
1464 2343 1647 2379 Minervae
1674 2355 1740 2378 no-

231 2390 323 2426 mine
349 2393 386 2426 et
406 2396 524 2427 erecta
543 2392 676 2439 pariter
695 2391 770 2427 eius
789 2390 942 2435 imagine
962 2390 1102 2426 adorari
1127 2390 1250 2426 voluit.
1298 2389 1439 2426 Iudaeis
1466 2402 1574 2438 porro
1599 2389 1739 2426 audito-

231 2438 331 2474 ribus
347 2441 482 2485 patrem
500 2452 538 2474 se
556 2451 743 2485 nusquam,
771 2437 834 2474 sed
853 2437 1030 2473 Christum
1050 2450 1128 2474 esse
1149 2439 1393 2485 profitebatur.

277 2485 599 2531 Hierosolymorum
626 2485 797 2522 ecelesiae
823 2484 957 2532 primus
987 2485 1175 2533 episcopus
1200 2486 1349 2523 Iacobus
1377 2485 1492 2522 frater
1520 2482 1648 2521 domini
1674 2494 1738 2519 an-

347 2532 402 2575 nis¹
424 2534 458 2570 8.
562 2531 565 2535 ’

278 2579 509 2617 Romanorum
526 2580 722 2630 Imperator
741 2580 765 2618 4
784 2580 893 2616 Caius
914 2580 1079 2628 Caligula
1097 2580 1197 2617 annis
1217 2582 1253 2619 3.

712 2664 867 2704 ANNI
896 2664 1109 2706 MUNDI
1137 2666 1266 2711 5537.

660 2733 824 2779 Divmm
848 2733 1136 2769 IncARNA'noms
1163 2745 1222 2770 AN.
1245 2735 1304 2772 37.

326 2790 476 2828 Pontius
494 2793 634 2829 Pilatus
658 2793 808 2828 diversis
837 2793 1094 2828 calamitatibus
1123 2794 1189 2828 sub
1208 2792 1296 2828 Caio
1314 2792 1470 2828 Caesare
1488 2790 1664 2838 agitatus,
1688 2789 1741 2824 si-

234 2837 362 2882 bimet,
386 2841 535 2876 testibus
554 2841 783 2876 Romanarum
801 2851 914 2875 rerum
935 2840 1187 2888 scriptoribus,
1216 2846 1359 2875 mortem
1381 2839 1566 2875 conscivit.

332 2886 442 2922 Caius
460 2888 772 2936 CaligulaTiberii
789 2887 974 2935 privignus
993 2900 1014 2923 e
1034 2891 1158 2923 senatu
1177 2887 1294 2933 plures
1313 2888 1472 2922 innoxios
1492 2885 1646 2922 sustulit.

327 2933 424 2971 Idem
440 2947 578 2973 sorores
597 2934 758 2984 proprias
781 2935 919 2973 exsules
940 2935 978 2971 in
997 2935 1164 2972 diversas·
1179 2935 1311 2972 insulas
1333 2935 1418 2982 egit.
