1800 3236
565 126 1094 175 CHRONOGRAPHIA·
1483 122 1588 176 503

81 256 159 295 νην
189 237 329 283 αἰτίαν
338 271 353 293 ,
392 237 437 283 ἐκ
457 238 751 297 Παλαιστίνης
771 240 831 292 εἷς
849 238 1071 299 Αἴγυπτον
1089 238 1227 286 ἐλθών
1239 255 1250 268 ·
1285 237 1495 288 θάπτεται
1511 238 1585 288 οὖν

81 308 132 353 τὸ
174 312 299 365 σῶμα
321 308 472 363 σταλὲν
493 310 551 361 εἷς
566 308 877 370 Ἀλεξάνδρειαν
900 310 984 357 ὑπὸ
1003 311 1214 372 Ἀριδαίου
1240 310 1426 372 ἀδελφοῦ
1454 312 1587 360 αὐτοῦ

81 377 190 438 πρὸς
205 379 389 439 πατρὸς,
429 377 475 431 ὃς
491 380 600 437 μετὰ
611 380 884 441 Ἀλέξανδρον
900 377 1000 441 ἦρξε
1019 381 1307 437 Μακεδόνων,
1343 400 1582 442 μετονομα-
1605 390 1648 429 V.
1669 392 1738 433 211

81 451 202 501 σθεὶς
233 447 314 493 ὕπ’
351 449 493 495 αὐτῶν
527 452 758 507 Φίλιππος,
797 452 876 497 σὺν
911 451 1171 515 Ἀλεξάνδρῳ
1205 454 1250 498 ἐκ
1271 451 1480 512 Ῥωξάνης
1507 459 1623 512 τῆςΟ

43 520 266 578 5Λαρείου
294 519 445 572 παιδὸς
462 525 539 566 τοῦ
557 519 741 580 μεγάλου
754 519 1053 583 Ἀλεξάνδρου,
1092 523 1211 582 ἔγγὺς
1230 523 1301 581 ἴτη
1323 521 1370 578 ζ’.
1405 523 1488 569 ἆπό
1509 529 1587 583 τῆς

78 589 212 648 ἀρχῆς
237 584 313 635 οὖν
344 588 498 635 τούτου
529 592 570 636 οἶ
592 590 739 651 χρόνοι
765 598 850 638 τῶν
879 594 1109 654 προχείρων
1132 591 1317 639 κανόνων
1336 594 1445 640 κατὰ
1464 599 1587 640 Πτο-

79 663 250 717 λεμαῖον
291 662 526 719 ληφθέντες
563 665 633 707 καὶ
674 662 730 707 τὰ
775 663 885 708 κατὰ
921 662 1266 710 ἀποκατάστασιν
1295 667 1588 724 Αἰγυπτιακοῢ

76 728 197 782 ἔτους
214 733 484 790 ψηφίζονται.

172 799 284 846 ’Όσα
315 803 392 857 μὲν
420 797 495 846 οὖν
528 803 655 862 ἐχρῆν
674 803 756 862 πρὸ
778 807 856 861 τῆς
869 802 1143 863 Ἀλεξάνδρου
1163 805 1381 862 βασιλείας
1398 806 1490 865 περὶ
1510 810 1587 864 τῆς

20 876 66 912 10
76 869 343 916 Μακεδόνων
365 871 499 931 ἀρχῆς
517 874 797 932 παραθέσθαι
824 879 1084 926 συνοπτικῶς
1105 874 1190 933 ἤδη
1211 876 1490 935 προτέτακται
1506 877 1586 932 με’-

71 959 168 1000 χρις
180 942 326 986 αὐτοῦ.
348 943 494 987 λοιπὸν
515 944 561 987 δὲ
578 945 647 987 καὶ
665 943 766 995 τοὺς
785 944 884 999 μετ’
908 944 1038 989 αὖτόν
1057 946 1381 1001 διαδεξαμένους
1399 946 1476 1004 τὴν
1488 944 1586 1005 ἦγε-

74 1014 228 1070 μονιάν
259 1013 587 1072 ἔπισημοτέρους
606 1013 722 1066 ἄξιον
742 1016 867 1059 εἰπεῖν
885 1017 956 1059 καὶ
976 1015 1131 1067 αὐτοὺς
1149 1016 1191 1060 ἓν
1212 1017 1440 1077 κεφαλαίῳ.
1476 1016 1586 1073 μετὰ

75 1082 153 1140 τὴν
178 1081 452 1142 Ἀλεξάνδρου
481 1084 675 1142 τελευτὴν
698 1086 959 1144 διαιροῦνται
978 1085 1056 1143 τὴν
1074 1084 1298 1144 ἡγεμονίαν
1317 1085 1622 1132 ΜακεδόνωνΙ)

73 1154 176 1209 μὲν,
215 1151 273 1204 οἷς
295 1153 379 1211 ἤδη
406 1155 617 1209 λέλεκται,
648 1154 862 1214 Ἀριδαῖος
895 1155 1079 1215 ἀδελφὸς
1118 1157 1250 1201 αὐτοῦ
1283 1156 1389 1216 πρὸς
1421 1158 1584 1216 πατρὸς

18 1230 64 1268 15
75 1225 120 1268 ἐκ
143 1225 340 1281 Φιλίννης
365 1228 440 1281 τῆς
463 1227 706 1282 Θετταλῆς,
745 1223 767 1270 ὃ
790 1227 1037 1293 ,ἐπικληθεὶς
1059 1227 1292 1282 Φίλιππος,
1329 1225 1458 1288 πόθῳ
1494 1232 1580 1272 τῶν

75 1292 339 1339 Mammium
376 1299 436 1355 τῷ
467 1295 766 1355 πρὸς-πατέρα
802 1298 1035 1352 Φίλιππον,
1082 1298 1152 1341 καὶ
1180 1297 1454 1357 Ἀλέξανδρος
1480 1305 1582 1350 παῖς

69 1362 342 1424 Ἀλεξάνδρου
373 1365 417 1409 ἐκ
435 1363 644 1423 Ῥωξάνης
661 1371 738 1424 τῆς
754 1364 989 1426 Ὀξυάρτου
1003 1381 1013 1392 ·
1050 1365 1139 1411 εἶτα
1160 1369 1229 1411 καὶ
1249 1367 1289 1411 οἷ
1316 1369 1452 1412 λοιποὶ
1476 1363 1577 1412 καθ’

73 1433 249 1486 ἑαυτοὺς
279 1435 479 1490 ἕκαστος,
508 1430 566 1480 ὧν
597 1437 637 1480 οἶ
659 1435 911 1494 προῦχοντες
940 1432 1049 1494 ἦσαν
1067 1440 1335 1492 Πτολεμαῖος
1364 1435 1387 1481 ὅ
1418 1435 1578 1495 Λάγου

74 1503 393 1563 κληρωσάμενος
425 1506 502 1562 τὴν
534 1504 755 1564 Αἰγύπτου
796 1507 1039 1561 βασιλείαν,
1086 1507 1288 1558 Σέλευκος
1323 1505 1345 1551 ὅ
1375 1505 1578 1566 Νικάτωρ

15 1577 236 1633 2οΣυρίας
278 1577 347 1619 καὶ
386 1577 579 1628 Κιλικίας
619 1577 740 1635 μέχρι
782 1579 1068 1631 Βαβυλῶνος,
1104 1578 1342 1635 Περδίκκας
1379 1574 1401 1621 ὃ
1430 1577 1576 1633 λαβὼν

73 1645 191 1703 παρὰ
204 1643 478 1704 Ἀλεξάνδρου
513 1646 586 1690 τὸν
604 1644 824 1691 δακτύλιον
843 1647 910 1690 ἐπὶ
930 1651 1006 1703 τῆς
1025 1644 1208 1704 μεγάλης
1231 1645 1426 1691 τάττεται
1454 1650 1576 1706 Φρυ-

72 1717 179 1774 γίας,
211 1717 469 1772 Λυσίμαχος
488 1716 566 1773 τὴν
595 1716 652 1768 εἷς
672 1717 784 1770 δεξιοὶ
812 1724 899 1768 τοῖς
932 1716 1101 1761 πλέουσι
1133 1717 1207 1762 τὸν
1226 1714 1397 1762 Πόντον
1421 1715 1573 1775 ἧγεμο-
1597 1726 1641 1764 P.
1663 1727 1735 1766 265

164 1805 200 1843 7·
223 1802 352 1841 καὶτὰ
373 1805 414 1839 Β.
438 1802 488 1841 τοὶ
510 1816 576 1839 om.
602 1805 651 1842 G.
759 1805 815 1841 11.
841 1803 932 1846 τούς
947 1805 989 1839 Β.
1013 1806 1094 1847 τοῖς
1114 1805 1160 1841 G.
1269 1806 1327 1843 15.
1352 1805 1573 1852 φιλλίνηςΒ.

165 1853 296 1936 2'617'
314 1850 557 1934 ἔλεξάνδρου
576 1863 643 1887 om.
664 1852 712 1887 G.
809 1854 866 1890 18.
891 1851 1047 1896 ἕκαστος
1070 1864 1135 1888 om.
1157 1852 1201 1889 B.
1291 1854 1352 1890 21.
1376 1851 1421 1890 τὸ
1436 1853 1573 1890 δακτυ-

188 1913 198 1934 ι
228 1912 290 1936 ιον
354 1924 364 1935 .

72 1969 223 2004 laestina
250 1969 288 2004 in
312 1970 511 2016 Aegyptum
542 1968 613 2004 iter
635 1968 733 2004 fecit.
781 1968 919 2016 Corpus
950 1968 1063 2014 igitur
1077 1969 1319 2005 Alexandriam
1345 1968 1496 2017 delatum
1526 1969 1571 2005 ab

71 2016 224 2052 Aridaeo
262 2016 374 2052 fratre
407 2016 528 2052 eodem
566 2028 680 2051 secum
711 2019 814 2062 patre
840 2022 923 2051 nato
955 2017 1114 2062 sepulcro
1143 2017 1337 2052 mandatur.
1395 2017 1570 2052 Aridaeus

71 2063 142 2107 iste
153 2089 166 2107 ‚
191 2064 248 2099 cui
265 2064 425 2110 Philippi
441 2075 581 2110 quoque
597 2075 721 2098 nomen
740 2075 761 2097 a
779 2063 1027 2099 Macedonibus
1046 2064 1190 2099 inditum
1201 2090 1211 2107 ‚
1236 2077 1303 2100 una
1321 2076 1397 2100 cum
1415 2064 1569 2099 Alexan-

71 2111 135 2146 dro
156 2124 176 2147 e
195 2112 343 2146 Roxane
361 2111 464 2146 Darii
492 2110 584 2154 filia,
609 2110 806 2146 Alexandro
835 2123 959 2156 magno
988 2111 1082 2157 patri
1109 2117 1271 2157 suscepto
1299 2123 1408 2147 annos
1426 2111 1568 2146 circiter

70 2162 205 2204 septem
223 2158 483 2194 Macedonicum
498 2158 591 2193 rexit
614 2157 804 2203 imperium.
851 2158 904 2193 Ab
924 2157 1016 2193 illius
1043 2158 1162 2204 itaque
1186 2162 1344 2204 tempore
1368 2158 1568 2204 regularum

71 2206 313 2251 expeditarum
331 2206 413 2240 anni
430 2217 475 2240 ex
491 2204 681 2240 Ptolemaei
701 2210 814 2239 mente
842 2205 1083 2250 computandi,
1104 2218 1167 2241 nec
1184 2217 1252 2241 non
1279 2205 1324 2241 ad
1347 2206 1430 2242 anni
1449 2207 1568 2253 Aegy-

70 2252 181 2299 ptiaci
200 2252 377 2298 periodum
398 2257 434 2287 et
458 2252 712 2298 reparationem
732 2251 1009 2286 accommodandi
1026 2257 1251 2299 usurpantur.

166 2299 405 2345 Quaecunque
432 2300 563 2346 oppido
588 2303 670 2334 ante
693 2298 884 2334 Alexandri
910 2304 1069 2354 tempora
1096 2300 1140 2334 de
1164 2299 1395 2335 Macedonum
1419 2298 1566 2346 imperio

71 2346 288 2381 recensenda
308 2347 522 2382 videbantur
545 2346 647 2381 brevi
676 2346 879 2391 compendio
907 2346 952 2381 ad
970 2357 1045 2381 elus
1066 2358 1174 2392 usque
1193 2358 1338 2392 regnum
1364 2353 1446 2381 sunt
1459 2358 1566 2392 prae-

71 2392 189 2429 missa.
237 2394 341 2429 Nunc
361 2393 407 2428 de
423 2393 618 2438 insignibus
645 2392 714 2428 illis
740 2393 827 2428 viris
839 2419 850 2435 ,
875 2393 935 2438 qui
952 2398 1033 2439 post
1049 2405 1126 2428 eum
1142 2394 1322 2440 imperium
1338 2397 1565 2439 exceperunt,

73 2440 201 2486 exigua
213 2440 412 2476 narratione
425 2440 582 2474 nonnihil
597 2440 632 2474 in
647 2439 802 2475 medium'
810 2440 968 2486 proferre
984 2452 1112 2487 operae
1127 2441 1275 2488 pretium
1287 2441 1458 2476 existimo.
1482 2439 1565 2474 Ale-

73 2488 206 2523 xandro
231 2491 387 2530 mortuo,
412 2487 642 2522 Macedonum
672 2487 849 2533 imperium
868 2487 1048 2530 dividunt,
1072 2492 1111 2523 ut
1136 2488 1394 2534 praemisimus,
1418 2486 1565 2522 Aridae-

72 2547 115 2570 us
139 2535 216 2570 eius
241 2546 284 2570 ex
312 2539 414 2580 patre
439 2535 570 2576 frater,
595 2539 818 2579 cognomento
838 2533 1045 2581 Philippus,
1068 2534 1232 2570 Philinna
1249 2534 1421 2570 Thessala
1447 2537 1563 2574 natus,

72 2581 356 2627 (Macedonibus
376 2581 463 2627 ipsis
481 2581 593 2627 patris
610 2581 769 2628 Philippi
790 2585 827 2617 et
847 2581 1035 2617 Alexandri
1050 2582 1170 2617 fratris
1189 2583 1373 2617 memoriae
1398 2582 1489 2615 bene
1508 2579 1562 2612 af-

72 2629 176 2664 fectis
193 2629 280 2664 illud
300 2627 592 2673 deferentibus),
616 2633 652 2662 et
673 2628 870 2670 Alexander
893 2628 1006 2664 adhuc
1022 2641 1108 2674 puer
1126 2630 1271 2664 Roxana
1288 2630 1469 2673 Oxyartae
1489 2625 1562 2659 filia

73 2681 110 2711 et
133 2675 212 2722 ipso
232 2674 427 2711 Alexandro
455 2680 575 2717 ortus3
599 2679 733 2720 partem
759 2675 885 2711 deinde
915 2677 1091 2723 propriam
1117 2676 1242 2721 singuli
1273 2675 1402 2721 quique
1434 2673 1560 2706 ducum

72 2722 346 2769 praestantiores
367 2721 558 2768 arripiunt3
582 2733 623 2756 ac
642 2722 864 2758 Ptolemaeus
882 2724 1019 2758 ouidem
1037 2723 1127 2768 Lagi
1143 2724 1232 2758 filius
1249 2720 1400 2766 Aegypti
1416 2730 1558 2764 regnum

74 2769 238 2812 sortitur,
263 2769 432 2805 Seleucus
451 2769 602 2805 Nicator
616 2769 755 2815 Syriam
773 2773 820 2809 et
835 2770 994 2806 Ciliciam
1024 2782 1133 2817 usque
1153 2769 1361 2814 Babylonem
1373 2792 1383 2808 ,
1409 2765 1559 2800 Perdic-

74 2828 135 2851 cas
155 2816 213 2851 cui
240 2817 375 2852 anulum
394 2816 591 2852 Alexander
617 2815 763 2852 dederat
787 2829 934 2864 magnae
953 2818 1129 2863 Phrygiae
1155 2815 1376 2862 praeficitur,
1401 2812 1559 2859 Lysima-

75 2864 163 2906 chus
179 2860 329 2900 Pontum
349 2863 641 2910 adnavigantibus
659 2865 873 2912 provinciam
898 2878 921 2902 a
945 2865 1081 2902 dextris
1103 2863 1203 2900 sitam
1225 2865 1388 2909 occupat,
1414 2859 1560 2906 Antigo—
