1800 3236
239 162 358 212 588·
711 169 960 216 GEORGII
989 170 1277 217 SYNCELLI

346 284 439 339 Τῆς
476 275 551 326 οὖν
582 277 672 340 ρπε’
702 279 959 339 ὀλυμπιάδος
995 280 1299 342 περιελθούσης
1320 279 1538 338 Ἀντώνιος
1563 285 1742 346 ἐκστρα-

238 348 345 398 τεύει
371 352 449 408 μὲν
476 353 542 395 ἐπὶ
571 353 769 411 Πέρσας,
801 350 999 411 Ἡρώδου
1027 358 1103 397 τοῦ
1137 357 1318 412 Περσῶν
1348 356 1556 410 βασιλέως
1588 375 1741 416 φονευ-

239 423 391 474 θέντος
402 420 484 480 ὑπὸ
501 420 733 480 Φραάρτου
745 426 822 466 τοῦ
834 422 932 478 μετ’
959 422 1090 468 αὐτὸν
1107 422 1452 480 βασιλεύσαντος,
1475 426 1740 484 συναντήσας

239 494 287 537 δὲ
313 497 365 552 τῇ
398 490 654 553 Κλεοπάτρᾳ
674 493 779 551 πρὸς
801 497 854 551 τῇ
874 494 1059 538 Κιλίκων
1083 498 1241 555 Ταρσῷ
1259 497 1406 556 καὶτῷ
1424 494 1564 541 κάλλει
1582 496 1741 555 ταύτης
1762 538 1764 546 ,

237 562 368 615 ἆλοῦς
398 563 519 607 οὐδὲν
548 561 764 621 ἀξιόλογον
782 561 954 621 πράττει
973 563 1082 608 κατὰ
1103 568 1298 622 Περσῶν.
1333 564 1416 610 ὑπὸ
1435 567 1515 626 γὰρ
1533 572 1611 612 τοῦ
1634 569 1769 628 πρός5

237 634 370 690 αὗτὴν
395 631 538 677 πόθου
568 638 738 691 πρῶτον
767 635 825 685 εἷς
846 633 1090 691 Ἀρμενίαν,
1130 634 1271 680 ἔπειτα
1306 637 1352 680 δέ
1381 638 1450 680 καὶ
1479 639 1536 688 εἲς
1548 637 1742 691 Ἀλεξάν-

84 714 126 749 Ρ.
150 713 219 751 311
238 707 381 762 δρειαν
413 703 538 756 ὀξέως
571 703 632 747 δι’
667 703 801 760 αὐτὴν
833 704 1122 762 ἐπανέρχεται,
1158 705 1498 766 κατολιγωρήσας
1516 708 1743 763 Ὀκταβίας

235 779 313 833 τῆς
333 775 507 832 γνησίας
530 773 662 818 αὐτοῦ
687 779 871 832 γαμετῆς
892 774 1077 834 ἀδελφῆς
1100 774 1355 835 Αὐγούστου
1375 779 1609 837 Καίσαρος.

346 849 413 904 Τῇ
444 845 491 888 δὲ
521 842 619 902 ρπη’
648 843 872 900 ὀλυμπιάδι
902 843 1157 899 ὅἈντῶνιος
1182 846 1258 903 τὴν
1275 848 1352 903 μὲν
1366 849 1551 906 γαμετὴν
1571 847 1742 895 ἀπολύει

235 917 404 975 Δαισίῳ
432 915 539 971 μετὰ
569 920 653 959 τῶν
678 911 1065 974 τέκνωνέξαγαγών
1083 919 1152 960 καὶ
1170 915 1450 974 Κλεοπάτραν
1471 921 1737 974 εἷσοικίζεται.
1754 934 1799 969 10

236 985 318 1032 κάκ
354 983 508 1030 τούτου
549 985 655 1045 πρὸς
697 985 825 1030 αὐτὸν
856 985 1076 1031 ἀνίσταται
1103 986 1284 1043 πόλεμος
1311 986 1591 1045 Αὐγούστου,
1628 991 1738 1035 καθ’

238 1056 287 1102 ὃν
310 1056 418 1114 μετὰ
446 1056 604 1108 πολλὰς
621 1058 858 1112 ναυμαχίας
877 1058 945 1100 καὶ
966 1056 1119 1109 ἄλλους
1138 1060 1356 1110 πλείστους
1374 1059 1582 1115 πολέμους
1602 1059 1741 1119 φεύγει

232 1124 453 1178 Ἀντώνιος
469 1126 575 1183 μετὰ
595 1125 874 1185 Κλεοπάτρας
893 1129 951 1178 εἷς
969 1128 1211 1185 Αἴγυπτον,
1249 1135 1549 1187 παραχρῶνται
1571 1133 1617 1175 δὲ
1642 1130 1742 1176 ἔαυ-

237 1198 338 1250 τοὺς
347 1232 360 1252 ,
396 1195 611 1254 μαθόντες
640 1197 759 1241 κάκεῖ
783 1197 856 1241 τὸν
872 1197 1125 1255 Αὔγουστον
1149 1202 1458 1257 παραγίνεσθαι
1481 1200 1581 1245 ὅσον
1596 1201 1714 1246 οὔπω
1729 1217 1739 1227 ·

201 1267 317 1320 Βοῧς
345 1262 460 1326 εἶρεν
487 1267 627 1311 ἐλθών
643 1265 1058 1324 βιοθανατήσαντας.
1099 1269 1200 1321 τούς
1220 1271 1267 1314 δὲ
1289 1269 1568 1330 Κλεοπάτρας
1585 1275 1740 1325 παῖδας
1754 1287 1798 1323 15

238 1337 473 1398 φεύγοντας
497 1338 641 1392 λαβὼν
655 1336 804 1382 “Ἠλιον
826 1341 895 1383 καὶ
918 1338 1105 1397 Σελήνην
1122 1343 1296 1397 κατῆξεν
1315 1343 1372 1392 εἷς
1388 1338 1565 1399 Ῥώμην,
1579 1344 1739 1402 θρίαμ-

236 1415 317 1467 βον
335 1409 403 1452 ἐπ’
433 1408 578 1460 αὐτοῖς
601 1408 774 1465 ἥδιστον
785 1407 1006 1465 Ῥωμαίοις
1029 1409 1322 1467 ἐνδειξάμενος.

347 1477 456 1523 Τότε
491 1481 559 1523 καὶ
599 1480 767 1538 Πέρσαι
799 1476 1020 1537 Ῥωμαίοις
1049 1482 1306 1526 σπείσασθαι
1328 1478 1614 1540 παρεκάλεσαν
1633 1480 1741 1541 δμή-

237 1568 340 1610 ρους
367 1548 606 1611 Αὐγούστῳ
627 1550 880 1607 πέμψαντες.
917 1550 991 1595 τὸν
1010 1551 1090 1609 γὰρ
1109 1550 1363 1610 Αὐγούστου
1384 1554 1605 1611 Καίσαρος
1623 1552 1741 1611 ἔκγο-

236 1640 310 1666 νον
337 1618 555 1666 Κλαύδιον
584 1620 772 1676 τοῖἰνομα
802 1619 1018 1678 μαθόντες
1046 1622 1102 1673 εἷς
1114 1622 1258 1666 Ἀσίαν
1276 1621 1356 1667 ὑπ’
1383 1623 1513 1667 αὐτοῦ
1535 1625 1738 1668 σταλέντα
1749 1636 1798 1671 20

238 1690 350 1751 δόλῳ
369 1696 580 1749 σφαγῆναι
611 1690 929 1751 παρεσκεύασαν
948 1690 1030 1736 ὑπὸ
1052 1692 1311 1751 στρατιώτου
1332 1694 1444 1745 τινὸς
1463 1694 1636 1751 Πέρσου
1656 1696 1741 1738 δεί-

238 1765 320 1815 ξειν
370 1762 712 1819 ἐπαγγειλαμένου
744 1761 977 1820 χρημάτων
1011 1763 1273 1820 θησαυρούς.
1325 1764 1389 1808 διὸ
1432 1762 1616 1819 μάλιστα
1647 1767 1740 1823 περὶ

234 1836 312 1890 τῆς
330 1830 494 1889 εἲρήνης
518 1831 791 1890 πρεσβεύουσι
813 1833 890 1890 τὴν
909 1833 1125 1892 εἰρημένην
1151 1833 1692 1892 ἐπιβουλὴν»ἀπομνύμενομ

330 1910 363 1946 1.
388 1908 654 1957 παρελθούσης
679 1922 723 1945 m.
833 1908 869 1946 4.
894 1908 936 1946 δὲ
953 1911 1014 1957 τῇ]
1040 1911 1087 1958 τῇ
1111 1923 1177 1949 om.
1198 1912 1240 1947 A·
1353 1913 1389 1948 6.
1413 1910 1476 1948 καὶ
1498 1911 1578 1947 add.
1604 1912 1644 1947 B.

311 1996 312 1999 ,
332 1959 390 1994 10·.
414 1960 560 2006 Δαισὶῳ
583 1970 627 1994 m.
661 1955 719 1994 δι’
743 1958 856 2006 αἰσίῳ
877 1959 924 1992 G.
951 1959 1076 2006 ὃιεσίῳ
1098 1959 1138 1994 Β.
1245 1959 1302 1995 13.
1326 1958 1382 2006 δὲ]
1409 1958 1451 1996 δὲ
1473 1959 1537 1996 καὶ
1559 1959 1607 1995 G.

329 2026 490 2063 Exeunte
507 2027 618 2074 igitur
637 2027 848 2076 Olympiade
870 2029 934 2065 185
953 2029 1097 2064 Herode
1114 2028 1300 2064 Persarum
1319 2041 1404 2076 rege
1421 2042 1443 2065 a
1457 2030 1631 2065 Phraarte
1643 2055 1654 2070 ‚
1678 2028 1740 2074 qui

237 2075 452 2122 postmodum
473 2074 680 2121 imperavit,
705 2075 821 2110 occiso
843 2075 1013 2111 Antonius
1030 2076 1066 2111 in
1087 2076 1217 2111 Persas
1243 2077 1362 2111 educit
1382 2077 1583 2112 exercitum.
1633 2076 1740 2111 Cleo-

238 2128 362 2167 patrae
381 2134 465 2157 vero
485 2124 531 2158 ad
546 2123 696 2158 Tarsum
714 2122 860 2158 Ciliciae
878 2124 999 2158 urbem
1014 2124 1128 2158 factus
1148 2123 1303 2165 obviam,
1329 2128 1365 2158 et
1384 2124 1458 2158 eius
1474 2124 1586 2158 forma
1602 2128 1739 2168 captus,

238 2168 326 2203 nihil
347 2168 448 2204 laude
471 2170 610 2215 dignum
635 2170 804 2205 adversus
824 2171 953 2204 Persas
983 2170 1067 2215 egit.
1116 2169 1214 2204 Illius
1243 2170 1333 2205 enim
1359 2175 1522 2205 aestuans
1550 2170 1737 2212 desiderio,

238 2215 275 2250 in
299 2215 492 2250 Armeniam
521 2217 688 2262 primum,
713 2216 841 2252 deinde
858 2217 1118 2260 Alexandriam,
1144 2217 1295 2252 Octavia
1317 2218 1464 2262 coniuge
1491 2217 1647 2264 legitima
1664 2218 1738 2252 Au-

238 2262 334 2308 gusti
353 2262 512 2297 Caesaris
535 2276 654 2299 sorore
673 2268 873 2310 contempta
886 2289 897 2306 ‚
926 2263 1032 2299 celeri
1052 2275 1175 2309 gressu
1195 2264 1398 2299 revertitur.

334 2309 543 2356 Olympiade
555 2312 621 2347 188
640 2323 754 2346 mense
763 2310 892 2345 Daesio
909 2310 991 2344 dato
1009 2310 1149 2356 coniugi
1165 2310 1311 2357 repudio
1329 2310 1449 2346 liberis
1469 2323 1490 2345 a
1507 2323 1546 2346 se
1564 2310 1656 2345 illam
1675 2311 1737 2345 ab·

238 2356 336 2401 legat
359 2357 530 2391 Antonius
557 2363 594 2392 et
611 2358 834 2404 Cleopatram
860 2357 1017 2400 inducit3
1043 2369 1151 2403 quare
1177 2359 1357 2403 Augustus
1384 2357 1533 2393 iniuriae
1552 2358 1738 2402 impatiens

239 2402 344 2438 armis
364 2415 439 2438 eum
461 2403 690 2449 aggreditur,
714 2403 960 2450 frequentique
983 2403 1099 2439 navali
1121 2405 1309 2440 certamine
1327 2405 1538 2451 praeliisque
1563 2405 1641 2440 aliis
1660 2405 1738 2450 plu-

237 2450 332 2485 rimis
351 2449 498 2485 inferior
513 2451 683 2486 Antonius
700 2462 775 2485 cum
795 2451 984 2496 Cleopatra
1001 2451 1038 2486 in
1056 2453 1251 2498 Aegyptum
1269 2453 1416 2488 secedit.
1465 2452 1518 2487 lbi
1535 2464 1651 2487 necem
1670 2451 1737 2486 sibi

237 2497 325 2544 ipsis
345 2496 520 2539 inferunt,
544 2499 736 2543 Augustum
754 2500 885 2532 tantum
907 2509 974 2532 non
993 2498 1177 2533 advenisse
1205 2499 1481 2544 praesentientes
1494 2525 1504 2542 ‚
1529 2499 1737 2544 eosdemque

237 2548 348 2579 morte
371 2555 470 2590 quam
490 2544 557 2579 sibi
577 2544 819 2579 consciverant
838 2544 950 2579 adhuc
973 2555 1083 2590 paene
1101 2545 1322 2591 exspirantes
1343 2547 1525 2593 comperit.
1574 2546 1609 2581 Is
1632 2545 1737 2579 Cleo-

237 2596 363 2638 patrae
390 2591 520 2627 liberos
544 2591 659 2626 Solem
693 2595 731 2626 et
757 2591 888 2626 Lunam
921 2591 1008 2637 fuga
1041 2593 1108 2628 sibi
1138 2593 1359 2629 consulentes
1394 2598 1518 2640 captos
1550 2592 1736 2628 iucundum

236 2639 366 2687 populo
387 2638 485 2673 Rom.
506 2637 673 2685 triumphi
691 2639 924 2684 spectaculum
945 2639 1165 2675 exhibiturus
1182 2640 1323 2675 Romam
1344 2641 1456 2675 duxit.

331 2686 388 2721 Eo
411 2697 549 2732 quoque
565 2689 633 2721 tem
661 2697 723 2720 ore
741 2685 856 2721 missis
874 2685 918 2720 ad
936 2686 1129 2732 Augustum
1147 2687 1324 2723 obsidibus
1342 2687 1467 2723 foedus
1484 2699 1561 2722 cum
1572 2685 1738 2722 Romanis

237 2732 328 2768 inire
353 2733 620 2779 exquisiverunt
670 2744 781 2768 ersae.
830 2732 982 2777 Augusti
1012 2734 1102 2769 enim
1130 2739 1289 2780 nepotem
1314 2734 1498 2769 Claudium
1526 2734 1662 2769 nomine
1691 2734 1735 2768 ab

238 2792 281 2815 eo
298 2780 335 2814 in
354 2780 471 2815 Asiam
492 2779 632 2815 missum
650 2791 726 2815 eum
745 2777 972 2823 didicissent,
997 2793 1019 2816 a
1035 2781 1144 2816 milite
1161 2781 1308 2827 quodam
1328 2782 1439 2816 Persa
1457 2781 1656 2817 reconditos
1675 2792 1738 2826 pe-

237 2826 416 2863 cuniarum
434 2827 614 2864 thesauros
630 2826 787 2863 revelate
806 2825 962 2873 pollicito
981 2827 1069 2863 dolis
1089 2827 1202 2864 occidi
1220 2834 1452 2875 paraverunt3
1478 2840 1587 2875 quare
1603 2827 1738 2863 eiurato

238 2874 426 2911 relatarum
443 2873 648 2911 insidiarum
667 2873 812 2911 crimine
831 2873 877 2910 de
894 2885 990 2922 pace.
1001 2875 1170 2912 firmanda
1197 2887 1262 2924 per
1283 2875 1422 2924 legatos
1448 2878 1633 2912 tractatum
1660 2886 1740 2909 sus-

237 2933 377 2970 cepere.
