1800 3236
203 203 229 248 1
239 202 264 247 1
273 201 302 247 8
670 200 925 247 GEORGII
954 198 1243 245 SYNCELLI

199 321 276 364 τοῦ
299 320 405 361 λαοῦ
415 349 430 371 ,
467 312 602 365 οὕτως
625 311 755 357 αὐτὸν
777 309 978 371 εὑρόντες.
1017 311 1087 355 καὶ
1109 312 1281 367 πρῶτον
1301 307 1378 353 τὸν
1396 306 1566 368 πατέρα
1584 307 1718 354 αὐτοῦ

164 387 386 445 ΟἈσσὴθ,
426 379 475 430 οὗ
515 381 686 440 μνήμην
721 382 973 443 Ἀφρικανὸς
1017 381 1087 425 καὶ
1120 379 1328 435 Εὐσέβιος
1368 378 1417 423 οὗ
1454 381 1717 437 πεποίηνται,

203 460 290 504 ἐπεὶ
324 455 346 502 ὃ
376 457 454 513 μὲν
467 454 717 514 Ἀφρικανὸς
747 450 848 505 τοῦς
865 456 941 509 τῆς
960 447 1254 506 ἑξκαιδεκάτης
1273 450 1344 494 καὶ
1363 447 1720 508 ἑπτακαιδεκάτης

205 528 454 578 δυναστείας
475 523 702 581 ἀνωνύμως
723 524 932 577 ἐξέδωκεν,
960 519 981 566 ὃ
998 523 1044 565 δὲ
1063 520 1269 576 Εὐσέβιος
1281 519 1377 565 οὕτε
1400 526 1461 581 τῷ
1477 521 1720 582 Ἀφρικανῷ

205 599 302 645 οὔτε
334 602 393 658 τῷ
423 593 643 655 Ἰωσήππῳ
675 594 771 638 οὐδ’
796 593 910 653 ἄλλῳ
939 593 1019 636 τινὶ
1037 596 1304 650 συμφωνῶν,
1342 591 1492 649 τὰμὲν
1511 593 1750 637 ‘sconowe-5

203 668 351 727 μάτων
388 669 433 711 ἐκ
462 671 538 723 τῆς
570 665 686 724 παρὰ
716 669 777 724 τῷ
799 664 1039 724 Ἀφρικανῷ
1068 660 1438 720 πεντεκαιδεκάτης
1469 664 1721 715 δυναστείας

204 743 262 792 εἷς
297 739 373 795 τὴν
403 736 452 792 ιζ’
482 733 710 793 μετήγαγε,
749 735 849 786 τούς
883 735 928 778 δὲ
976 730 1160 792 χρόνους
1188 733 1433 792 περιέκοψε,
1487 731 1722 793 σύγχρονον

203 808 427 858 Μωῢσέως
468 809 597 859 δεῖξαι
639 806 843 865 Κέκροπα
885 804 960 849 τὸν
994 806 1126 863 διφυῆ
1163 801 1451 862 ἐπειγόμενος·
1487 809 1722 864 μαρτυρῶν

205 882 275 925 καὶ
311 878 439 929 αὐτὸς
464 878 506 922 ἓν
530 881 590 937 τῷ
609 881 685 921 τοῦ
707 874 883 927 κανόνος
910 875 1042 919 αὐτοῦ
1068 872 1260 935 προλόγῳ
1282 874 1384 926 τόῦς
1409 876 1724 934 προλεχθέντας

198 949 432 1006 Ἰώσηππον
449 949 528 1005 μὲν
549 948 618 992 καὶ
634 947 821 992 Ἰοῦστον
842 948 885 990 ἐκ
905 950 1148 1004 περιτομῆς,
1170 944 1425 1005 Ἀφρικανὸν
1442 947 1489 990 δὲ
1511 948 1581 990 καὶ
1599 945 1723 1004 Κλή-
1735 957 1781 994 10

166 1029 341 1077 Βμεντα
372 1018 446 1064 τὸν
479 1018 739 1077 Στρωματέα
762 1019 831 1062 καὶ
853 1016 1066 1061 Τατιαι·ὂν
1077 1050 1091 1072 ,
1132 1021 1208 1061 τοῦ
1233 1016 1346 1062 καθ’
1368 1015 1483 1074 ἡμᾶς
1498 1014 1624 1075 λόγου
1646 1017 1724 1062 ἄν·-

207 1094 315 1150 δρας
335 1091 378 1134 ἓν
399 1087 610 1134 παιδεύσει
628 1090 864 1147 γνωρίμους
886 1086 1072 1142 πάντας,
1111 1087 1222 1132 κατὰ
1235 1087 1402 1145 Ἴναχον
1420 1089 1490 1133 καὶ
1519 1088 1725 1148 Φορωνέα

206 1162 280 1206 τὸν
306 1153 467 1217 Ἰνάχου
496 1158 692 1218 πρώτους
715 1160 908 1218 Ἀργείων
949 1163 1138 1215 βασιλεῖς
1173 1159 1373 1216 γενέσθαι
1406 1160 1623 1214 Μωῢσέα,
1665 1153 1724 1204 ὧν

204 1230 431 1290 σύγχρονος
461 1225 513 1288 ἦν
535 1230 716 1289 ’Ὤγυγος
755 1228 985 1287 αὐτόχθων
1024 1235 1194 1288 πρῶτος
1232 1229 1434 1292 βασιλεὺς
1455 1229 1608 1287 Ἀκτῆς
1647 1234 1752 1288 τῆς·

206 1307 281 1347 νῦν
316 1303 530 1359 Ἀττικῆς,
569 1303 639 1345 καὶ
681 1298 702 1345 ὅ
736 1301 837 1345 κατ’
873 1300 1004 1346 αὐτὸν
1027 1300 1211 1359 Ὤγυγον
1237 1305 1407 1360 πρῶτος
1436 1303 1508 1346 καὶ
1539 1301 1780 1353 παλαιὸς15

205 1370 499 1431 ἱστορούμενος
522 1371 694 1430 Ἕλλησι
724 1371 1025 1429 κατακλυσμὸς
1057 1371 1168 1416 κατὰ
1199 1371 1247 1416 τὸ
1279 1368 1325 1416 π’
1359 1370 1452 1423 ἔτος
1481 1373 1722 1427 Μωῢσέως,

205 1441 262 1488 νε’
282 1445 328 1487 δὲ
361 1443 617 1502 Φορωνέως,
656 1443 766 1488 κατὰ
785 1443 859 1488 τὸν
873 1442 1127 1503 Ἀφρικανὸν
1149 1436 1236 1487 ὧδέ
1251 1459 1341 1495 πως
1365 1443 1430 1486 ἐπὶ
1451 1442 1599 1496 λέξεως
1617 1460 1725 1503 γρα-

205 1515 350 1573 φέντα.
391 1514 530 1574 φαμὲν
544 1515 687 1558 τοίνυν
706 1515 751 1559 ἐκ
769 1515 895 1559 τοῦδε
915 1518 991 1559 τοῦ
1016 1511 1552 1573 συγγράμματος’Ώγυγον,
1577 1512 1625 1566 ὃς
1645 1518 1724 1558 τοῦ

204 1582 374 1644 πρώτου
414 1588 712 1642 κατακλυσμοῦ
750 1585 912 1644 γέγονεν
942 1583 1163 1641 ἐπώνυμος
1192 1588 1362 1630 πολλῶν
1395 1584 1724 1644 διαφθαρέντων

89 1659 125 1694 Ρ.
144 1658 191 1698 64
215 1656 462 1710 διασωθεὶς,
502 1647 610 1699 κατὰ
637 1655 714 1713 τὴν
741 1656 820 1701 ἀπ’
850 1654 1074 1715 Αἷγύπτου
1113 1660 1190 1701 τοῦ
1228 1659 1335 1700 λαοῦ
1364 1655 1472 1712 μετὰ
1498 1656 1784 1708 Μωῢσέως20

205 1726 351 1778 ἔξοδον
381 1730 652 1784 γεγενῆσθαι·
691 1727 767 1772 τὸν
802 1728 849 1771 δὲ
881 1725 1040 1786 τρόπον
1065 1728 1130 1771 ἐπὶ
1162 1726 1240 1784 τὴν
1278 1724 1450 1786 πρώτην
1482 1725 1724 1783 ὀλυμπιάδα

207 1797 285 1854 τὴν
298 1797 599 1855 προειρημένην
619 1796 703 1842 ἀπὸ
718 1796 894 1856 Ὠγύγου
917 1799 987 1856 ἔτη
1012 1795 1282 1855 ,δειχθήσεται
1301 1795 1395 1858 lad.
1435 1794 1518 1843 ἀπὸ
1542 1798 1588 1842 δὲ
1608 1796 1725 1857 πρώ-

301 1886 337 1922 2.
360 1880 380 1921 ὁ
392 1884 607 1932 Αφρικανὸς
625 1886 672 1922 G.
745 1888 781 1924 3.
799 1885 1067 1934 ἑκκαιδεκάτης
1081 1888 1131 1922 G.
1204 1887 1227 1923 4
1239 1889 1276 1922 et
1296 1887 1332 1923 5.
1354 1884 1497 1924 οὔτε-
1511 1882 1616 1933 οὕτε]
1633 1885 1725 1924 ουδὲ

303 1931 454 1968 *οὐδὲ
477 1935 524 1969 G.
621 1936 655 1970 8.
680 1937 862 1983 μαρτυρῶ
885 1938 926 1972 Α.
1022 1939 1078 1973 12.
1106 1932 1232 1981 φάναι
1251 1932 1349 1971 κατὰ
1368 1947 1414 1971 ιιι.
1510 1937 1568 1971 17.
1605 1933 1727 1982 φορό-

303 1992 397 2022 νεως
418 1983 460 2016 Α.
494 2007 496 2009 >
554 1979 752 2028 γράφοντα
777 1995 822 2020 ιιι.
922 1984 977 2020 18.
1003 1981 1058 2030 ἐκ]
1085 1983 1199 2030 Vulgo
1220 1980 1262 2019 ἐκ
1281 1979 1335 2019 δὲ.
1431 1976 1489 2029 ὃς]
1516 1979 1569 2026 ὥς
1588 1983 1637 2018 G.

303 2029 363 2064 21.
387 2026 548 2075 τρόπον]
572 2029 709 2076 χρόνον
733 2042 779 2066 ιιι.

211 2109 256 2132 ne
276 2098 463 2134 scribentis
484 2100 728 2136 auctoritatem
754 2100 895 2147 sequuti
912 2099 997 2136 sede
1016 2103 1151 2135 tantum
1169 2099 1355 2146 dynastiae
1377 2101 1422 2138 18
1449 2101 1604 2138 secunda
1628 2102 1726 2137 loca-

210 2143 346 2188 vimus,
371 2146 498 2181 Asseth
519 2154 632 2183 autem
650 2148 726 2184 eius
753 2155 887 2195 patrem
908 2148 1028 2195 priore
1057 2149 1298 2195 reposuimus,
1322 2148 1423 2183 cuius
1452 2148 1600 2184 nominis
1629 2148 1726 2196 apud

210 2192 411 2227 Africanum
433 2199 470 2228 et
488 2194 678 2231 Eusebium
697 2196 794 2231 nulla
815 2200 870 2231 est
898 2195 1086 2238 memoria3
1111 2195 1299 2230 Africanus
1325 2196 1456 2243 quippe
1481 2197 1575 2232 nullo
1601 2208 1725 2243 regum

211 2240 411 2285 percensito
438 2242 572 2277 nomine
594 2245 637 2279 16
662 2247 699 2278 et
731 2245 775 2280 17
795 2243 978 2290 dynastias
999 2243 1166 2289 protulit3
1201 2243 1378 2279 Eusebius
1407 2255 1491 2280 vero
1521 2243 1617 2279 nulla
1647 2256 1724 2280 cum

211 2286 391 2330 Africano,
412 2287 560 2334 Iosepbo
573 2290 631 2324 vel
649 2302 725 2324 cum
743 2290 809 2325 alio
822 2291 980 2337 quolibet
991 2290 1111 2325 habita
1131 2303 1323 2325 consensus
1342 2303 1437 2334 cura,
1459 2292 1598 2326 nomina
1615 2303 1727 2338 quae-

211 2332 290 2367 dam
310 2343 354 2368 ex
375 2345 416 2369 ea
434 2346 524 2382 quae
549 2337 643 2383 apud
662 2338 863 2373 Africanum
884 2342 942 2374 est
960 2337 1125 2383 dynastia
1143 2339 1188 2375 15
1208 2338 1245 2373 in
1269 2340 1312 2374 17
1329 2339 1566 2385 transposuit3
1591 2339 1727 2374 Cecro—

211 2391 289 2426 pem
313 2385 426 2416 autem
445 2389 593 2419 naturae
610 2390 826 2421 constantem
847 2385 995 2431 ancipiti
1013 2385 1107 2420 Mosi
1124 2392 1351 2420 coaetaneum
1370 2386 1556 2422 ostendere
1572 2387 1726 2429 molitus,

212 2426 380 2473 quosdam
406 2440 514 2464 annos
534 2442 602 2465 non
621 2436 676 2466 est
698 2433 831 2468 veritus
845 2438 1033 2475 truncare3
1059 2432 1216 2479 quamvis
1238 2433 1316 2479 ipse
1334 2438 1488 2469 testetur
1513 2434 1550 2468 in
1580 2434 1725 2469 canonis

212 2473 270 2508 sui
288 2475 507 2520 praefatione
529 2477 620 2523 apud
638 2480 839 2525 praedictos
861 2481 1047 2526 Iosephum
1067 2486 1103 2515 et
1127 2481 1258 2515 Iustum
1293 2493 1338 2516 ex
1355 2481 1496 2516 Iudaeis
1522 2480 1726 2527 scriptores,

211 2521 414 2557 Africanum
430 2535 568 2569 quoque
588 2529 626 2559 et
645 2525 856 2562 Clementem
880 2539 901 2562 a
923 2528 1159 2563 Stromatibus
1179 2529 1351 2563 celebrem
1370 2532 1407 2563 et
1425 2528 1618 2564 Tatianum
1639 2540 1724 2563 con—

213 2568 329 2603 cordis
351 2569 452 2604 nobis
473 2571 555 2605 fidei
579 2572 676 2606 viros
696 2574 890 2609 eruditione
911 2580 1133 2621 praestantes
1154 2580 1314 2617 cunctos,
1338 2575 1460 2611 Inachi
1478 2574 1726 2621 Phoroneique

212 2615 290 2651 eius
310 2616 377 2651 filii
406 2616 558 2663 priorum
582 2630 702 2664 regum
717 2622 925 2666 Argivorum
955 2627 1073 2657 aetate
1092 2622 1218 2658 Mosen
1245 2620 1399 2666 vixisse,
1431 2634 1578 2669 quorum
1607 2627 1727 2658 aetate

213 2663 366 2708 Ogygus
401 2676 446 2699 ex
464 2664 713 2711 Aboriginibus
746 2669 876 2714 primus
895 2672 1024 2708 Actes.
1050 2682 1140 2716 quae
1167 2681 1260 2704 nunc
1286 2670 1428 2713 Attica,
1453 2681 1515 2706 rex
1543 2670 1665 2705 floruit
1691 2672 1729 2705 et

212 2709 359 2756 primum
377 2709 463 2746 illud
483 2712 527 2746 ab
546 2713 755 2759 antiquitate
773 2714 996 2751 decantatum
1013 2717 1135 2763 Ogygi
1154 2720 1311 2763 tempore
1329 2716 1509 2759 diluvium,
1534 2729 1625 2753 anno
1645 2718 1727 2753 Mo-

213 2757 263 2791 sis
289 2759 357 2802 80,
389 2758 563 2794 Phoronei
585 2771 669 2794 vero
687 2762 756 2803 55,
782 2762 974 2808 contigisse
997 2776 1043 2799 ex
1062 2769 1179 2799 mente
1197 2765 1357 2800 Africani
1379 2765 1467 2800 haec
1485 2766 1596 2800 verbo
1622 2768 1727 2800 tenus

212 2805 412 2840 scribentis.
460 2806 787 2853 Impraesentiarum
804 2809 924 2856 itaque
943 2811 1130 2857 Ogygum,
1156 2811 1218 2858 qui
1240 2823 1262 2847 a
1280 2812 1390 2858 primo
1407 2811 1540 2847 diluvio
1558 2824 1629 2859 quo
1650 2811 1727 2858 ple-

212 2850 314 2898 rique
336 2852 539 2899 perierunt‚
564 2859 731 2901 ereptm,
755 2867 879 2891 nomen
896 2859 1036 2905 accepit
1056 2871 1098 2893 ea
1121 2863 1263 2902 aetate,
1290 2871 1362 2906 qua
1385 2871 1462 2895 cum
1481 2860 1584 2896 Mose
1612 2870 1728 2907 popu-

212 2898 268 2933 lus
285 2911 330 2934 ex
347 2901 511 2947 Aegypto
533 2902 711 2947 profectus
727 2908 802 2945 est,
829 2903 992 2940 extitisse
1016 2906 1248 2949 asseruimus3
1273 2908 1317 2942 ab
1344 2908 1475 2953 Ogygo
1503 2918 1589 2942 vero
1615 2917 1728 2953 usque

215 2946 261 2982 sd
283 2947 530 2996 Olympiadem
559 2948 702 2996 primam
729 2961 838 2987 annos
868 2953 982 2996 1020,
1005 2952 1049 2988 ab
1074 2953 1288 3001 Olympiade
1323 2955 1435 3002 prima
1460 2953 1507 2991 ad
1525 2955 1573 2992 55
1601 2963 1727 2992 annum
