1800 3236
237 173 343 227 240
709 180 966 228 GEORGII
995 180 1280 228 SYNCELLI

239 312 372 350 πτου,
391 292 634 353 ·“ἓγκρυφ’ίας
659 291 866 350 ἀζύμους·
889 292 953 338 οὗ
978 292 1060 352 γὰρ
1080 291 1292 351 ἐζυμώθη.
1339 293 1535 352 ἐξέβαλον
1552 293 1633 353 γὰρ
1656 291 1735 338 αὖ-

238 366 339 418 τοὺς
363 365 403 410 οἳ
431 363 658 422 Αἰγύπτιοι
667 399 682 420 ,
721 366 790 408 καὶ
818 362 895 408 οὖκ
910 362 1191 421 ἠδυνήθησαν
1209 365 1409 421 ἐπιμεῖναι
1417 399 1439 422 ,μ
1469 365 1569 410 οὐδὲ
1601 365 1736 409 ἐπισι-

236 435 387 493 τισμὸν
407 436 606 493 ἐποίησαν
629 434 793 486 ἑαυτοῖς
816 436 872 485 εἷς
894 433 970 490 τὴν
993 432 1105 480 ὁδόν.

340 516 400 561 Ἡ
414 518 460 561 δὲ
487 518 724 574 κατοίκησις
741 521 823 560 τῶν
841 516 943 560 υἱῶν
956 514 1147 576 Ἰσραὴλ,
1183 514 1235 573 ἣν
1258 514 1505 577 κατῴκησαν
1525 513 1645 560 αὐτοὶ
1664 515 1734 558 καὶ

239 589 280 634 οἱ
311 588 486 645 πατέρες
515 587 655 631 αὐτῶν
684 588 726 631 ἓν
760 590 812 644 γῇ
845 584 1051 647 Αἷγύπτῳ
1082 587 1151 629 καὶ
1180 587 1222 630 ἓν
1238 591 1291 646 γῇ
1315 587 1522 641 Χαναὰν,
1562 585 1633 643 ἴτη
1650 582 1764 629 ‘vl-25

238 660 307 703 καὶ
330 658 484 716 ἐγένετο
503 657 610 713 μετὰ
627 656 691 700 υλ’
704 657 772 714 ἔτη
793 656 942 714 ἐξῆλθε
956 661 1072 701 πᾶσα
1092 653 1118 714 ἦ
1142 652 1317 713 δύναμις
1337 659 1480 716 κυρίου
1501 658 1544 701 ἔκ
1562 661 1638 714 γῆς
1648 657 1736 699 Αἷ-

236 727 396 787 γύπτου
417 726 578 779 νυκτός.
624 725 876 787 προφυλακή
898 728 984 771 ἐστι
1010 728 1163 787 κυρίῳ,
1202 726 1308 771 ὥστε
1341 729 1549 786 ἐξαγαγεῖν
1580 726 1736 777 αὐτοὺς

239 801 285 843 ἔκ
305 803 381 856 γῆς
399 795 631 856 Αἰγύπτου.
683 798 809 854 ἐκείνη
830 796 856 854 ἢ
879 798 954 850 νὺξ
978 798 1084 855 αὐτὴ
1108 796 1358 857 προφυλακή
1388 799 1475 843 ἔστι
1496 802 1556 858 τῷ
1587 798 1731 856 κυρίῳ,

240 867 346 913 ὥστε
368 867 470 913 εἶναι
496 872 599 912 πᾶσι
628 875 716 919 τοῖς
743 869 849 919 υἱοῖς
868 867 1036 926 Ἰσραὴλ
1068 870 1125 920 εἷς
1148 867 1288 926 γενεὰς
1312 868 1464 913 αὐτῶν.
1511 864 1688 918 τούτους
1711 865 1734 911 ὃ

201 939 343 996 (Ξγθεός
367 939 574 996 ἐξαγαγών
602 940 645 991 ἓξ
666 937 885 996 Αἰγύπτου
916 939 990 983 οὐκ
1019 938 1144 996 ἤγαγε
1172 939 1249 995 τὴν
1275 937 1482 995 σύντομον
1513 939 1577 982 ε’πὶ
1602 941 1733 982 Φυλι-
1746 945 1792 981 10

237 1012 376 1065 στιεὶμ
408 1007 530 1062 ὅδόν,
569 1007 596 1065 ἢ
625 1009 703 1065 τὴν
735 1009 805 1053 διὰ
833 1009 963 1066 μέσου
991 1014 1068 1066 τῆς
1091 1011 1356 1067 Σερβωνίδος
1385 1011 1532 1066 λίμνης
1559 1011 1627 1053 καὶ
1658 1013 1736 1066 τῆς

240 1079 340 1123 κατ’
374 1079 594 1136 Αἴγυπτον
626 1077 852 1136 θαλάσσης
881 1078 939 1123 ἔτι
969 1079 1312 1137 συντομωτέραν,
1362 1079 1468 1124 ἀλλὰ
1498 1078 1634 1139 κύκλῳ
1665 1078 1736 1122 διὰ

238 1149 488 1207 νοτιωτέρας
507 1153 582 1206 γῆς
604 1152 673 1192 καὶ
691 1148 918 1207 θαλάσσης
938 1151 1152 1208 ἐρυθρᾶς,
1197 1147 1254 1201 ὥς
1279 1149 1331 1194 ἂν
1354 1151 1414 1208 μὴ
1446 1147 1736 1208 παλινδρομή-

238 1236 347 1264 σωσι
373 1220 729 1276 μεταμεληθέντες
760 1222 817 1272 εἷς
840 1221 1060 1278 Αἴγυπτον
1087 1221 1127 1264 οἳ
1156 1219 1353 1272 ἀπειθεῖς.
1401 1225 1528 1280 τριῶν
1558 1221 1603 1264 δὲ
1631 1218 1735 1277 ἦμε-

240 1293 328 1349 ρῶν
350 1290 582 1334 ἀποστᾶσιν
610 1290 751 1342 αὐτοῖς
770 1289 990 1348 Αἰγύπτου
1016 1292 1059 1334 ἐκ
1084 1288 1291 1348 Ῥαμεσσῆ
1314 1293 1371 1342 εἷς
1393 1291 1577 1347 Σοκχώθ
1599 1292 1668 1334 καὶ
1689 1291 1735 1334 ἐκ
1745 1297 1790 1334 15

239 1360 426 1417 Σοκχώθ
447 1362 504 1411 εἷς
525 1360 718 1416 Νονθώμ
737 1361 853 1420 παρὰ
874 1362 951 1418 τὴν
973 1360 1128 1420 ἔρημον
1147 1363 1215 1405 καὶ
1237 1361 1319 1406 ἀπὸ
1341 1361 1536 1417 Νονθὼμ
1556 1360 1637 1405 cim}
1657 1360 1735 1418 με’-

238 1447 318 1476 σον
337 1429 583 1488 Μαγδῶλου
613 1433 680 1474 καὶ
708 1431 788 1475 ἀνὰ
814 1431 943 1488 μέσον
971 1430 1196 1489 θαλάσσης
1226 1434 1414 1491 ἐρυθρᾶς
1441 1431 1637 1476 ἀπέναντι
1656 1436 1734 1489 τῆς

238 1499 472 1555 ἐπαύλεως,
512 1502 580 1544 καὶ
608 1502 651 1552 ἐξ
681 1503 871 1553 ἐναντίας
898 1505 1143 1561 Βεελσεφῶν
1172 1502 1319 1554 ἔδοξαν
1347 1504 1595 1560 Αἶγυπτίοις
1622 1506 1732 1546 πλα-

237 1577 426 1616 νᾶσθαι”
474 1572 608 1615 καίτοι
641 1570 779 1631 στύλῳ
818 1572 950 1631 πυρὸς
981 1571 1249 1630 ὁδηγούμενοι
1275 1573 1445 1627 νυκτὸς,
1494 1570 1654 1631 ἡμέρας
1687 1573 1734 1616 δὲ

201 1641 386 1704 ὒστύλῳ
415 1641 608 1700 νεφέλης,
649 1641 699 1686 οὗ
727 1647 803 1700 τῆς
826 1642 1043 1701 συνήθους
1064 1646 1108 1696 ἐξ
1136 1642 1281 1700 ἀτμῶν
1309 1645 1378 1687 καὶ
1407 1641 1791 1700 ἀναθυμιάσεωνὲο

335 1768 370 1804 1.
394 1763 568 1814 ἐξέβαλον
584 1765 627 1800 Β.
651 1763 847 1814 ἐξέβαλλον
870 1767 917 1802 G.
1035 1768 1071 1803 2.
1096 1765 1338 1815 ἐδυνήθησαν
1355 1767 1399 1805 Β.
1513 1767 1550 1804 3.
1584 1765 1734 1808 {amota

334 1814 411 1850 Bm.
435 1811 598 1855 ἑαυτούς
626 1813 673 1850 Gr.
784 1816 819 1850 6.
845 1813 908 1860 ἔτη
929 1813 1010 1850 add.
1030 1815 1071 1850 B.
1174 1812 1198 1862 ἡ
1217 1829 1280 1852 om.
1298 1819 1341 1853 B.
1442 1815 1479 1851 7.
1505 1812 1733 1861 προφυλακή

333 1859 435 1897 ἐστὶν
452 1861 494 1896 Β.
517 1860 614 1897 ἐστιν
631 1861 854 1907 προφυλακή
873 1863 921 1898 G.
1001 1866 1056 1900 10.
1079 1864 1283 1909 Φιλιστιεὶμ
1300 1866 1347 1900 G.
1443 1863 1498 1898 11.
1525 1859 1551 1908 ἢ
1565 1864 1606 1898 Β.
1628 1860 1676 1910 ἦν
1688 1864 1732 1898 Α.

334 1904 384 1955 ἣν
395 1909 441 1943 G.
521 1909 745 1954 σερβωνίδος
757 1910 798 1946 Β.
817 1910 1093 1957 Σερβωνίτιδος
1109 1911 1157 1946 G.
1230 1914 1286 1950 12.
1310 1911 1376 1949 διὰ
1393 1911 1629 1957 νοτιωτέρας]
1649 1913 1733 1948 δια-

337 1953 581 2000 νοτειωτέρας
598 1957 639 1995 Β.
671 1958 960 2004 διανοητοτέρας
986 1960 1028 1994 Α.
1054 1958 1297 2005 διανοητέρας
1316 1962 1363 1995 G.
1390 1955 1448 1995 δι’
1472 1956 1669 2006 ἐνδοτέρας
1686 1972 1732 1994 m.

409 2004 463 2039 15.
488 2001 652 2051 ῥαμεσσὴ
673 2005 717 2040 Β.
840 2007 894 2043 16.
919 2005 1023 2052 παρὰ
1043 2004 1113 2052 τὴν
1143 2004 1284 2052 ἔρημον
1308 2019 1373 2043 om.
1400 2007 1447 2041 G.
1495 2006 1586 2043 Vide
1616 2005 1734 2042 Exodi

336 2050 447 2093 XIII,
471 2053 530 2087 20.
639 2054 695 2091 18.
721 2051 929 2100 βεελσεφών
949 2053 990 2088 Β.
1016 2055 1232 2101 Βελεσεφῶν
1257 2054 1305 2093 G.
1420 2053 1635 2101 αἰγυπτίοις
1656 2055 1733 2091 Bm.

336 2099 562 2144 Αἰγυπτίους
580 2099 628 2137 G.
722 2101 766 2138 19
787 2104 824 2136 et
842 2103 901 2138 20.
925 2098 1038 2150 στύλῃ
1061 2101 1110 2137 G.

245 2208 317 2239 tam
334 2206 371 2239 et
385 2205 544 2241 fecerunt
561 2218 604 2241 ex
623 2218 666 2242 ea
685 2205 935 2244 oubcinericios
955 2218 1065 2254 panes
1089 2218 1230 2255 azymos
1241 2233 1253 2251 ,
1278 2209 1357 2244 erat
1375 2207 1465 2243 enim
1478 2206 1735 2243 infermentata.

245 2251 470 2298 Expulerunt
487 2253 576 2288 enim
595 2265 655 2288 eos
673 2254 852 2300 Aegyptii,
876 2267 920 2290 ne
938 2266 1064 2291 moram
1080 2254 1272 2302 longiorem
1286 2256 1485 2299 traherent,
1508 2266 1621 2302 neque
1640 2265 1735 2290 com-

241 2301 390 2333 meatum
403 2298 441 2334 in
461 2299 550 2335 viam
570 2300 636 2336 sibi
655 2313 780 2347 parare
802 2306 1000 2348 potuerunt.

335 2356 439 2393 Mora
458 2370 560 2404 porro
579 2359 725 2395 filiorum
741 2360 850 2396 Israel
862 2386 873 2402 ,
897 2373 967 2408 qua
983 2364 1054 2397 tum
1074 2361 1167 2409 ipsi,
1196 2365 1267 2397 tum
1285 2364 1404 2409 patres
1422 2372 1540 2398 eorum
1556 2361 1593 2396 in
1614 2360 1734 2406 Aegy-

242 2402 297 2450 pti
318 2403 556 2451 Chanaanque
572 2409 667 2442 terra
685 2408 809 2443 morati
833 2412 912 2444 sunt
923 2435 934 2451 ,
957 2421 1120 2446 annorum
1140 2413 1195 2445 est
1213 2407 1294 2447 430.
1342 2409 1563 2455 Evolutoque
1580 2404 1651 2445 430
1669 2418 1733 2441 an·-

241 2460 361 2485 norum
390 2451 503 2498 spatio
522 2458 663 2488 cunctus
688 2454 860 2491 exercitus
877 2456 1003 2492 domini
1024 2469 1044 2492 e
1062 2461 1158 2492 terra
1175 2457 1331 2504 Aegypti
1352 2457 1531 2504 profectus
1549 2461 1604 2490 est
1618 2457 1733 2496 nocte,

269 2508 334 2532 uae
358 2498 516 2534 custodia
536 2499 685 2545 domini,
711 2505 751 2536 ut
770 2513 829 2536 eos
850 2503 1015 2540 educeret
1042 2516 1086 2540 ex
1106 2506 1281 2551 Aegypto.
1329 2505 1396 2540 Illa
1418 2515 1504 2546 noll,
1529 2503 1590 2538 illa
1614 2504 1732 2537 custo-

269 2543 303 2579 ‘a
318 2543 446 2580 domini
463 2545 543 2580 filiis
558 2547 668 2582 Israel
682 2552 720 2583 et
737 2560 854 2584 eorum
880 2552 1067 2597 nepotibus
1084 2551 1246 2587 solennis.
1295 2552 1370 2587 Hos
1386 2563 1462 2587 cum
1476 2550 1632 2586 dominus
1645 2548 1733 2583 edu-

244 2594 343 2627 ceret
370 2604 414 2627 ex
441 2593 602 2640 Aegypto
631 2596 871 2641 compendioso
898 2610 1019 2634 versus
1046 2599 1233 2635 Philistiim
1260 2598 1406 2642 itinere,
1438 2597 1550 2634 medio
1572 2595 1732 2631 nimirum

243 2637 338 2673 inter
355 2639 609 2676 Serbonitidem
627 2641 736 2677 lacum
755 2646 791 2677 et
808 2644 1060 2690 Aegyptiacum
1079 2658 1193 2689 mare,
1216 2646 1381 2682 breviore
1396 2657 1464 2681 non
1481 2643 1646 2685 deduxit,
1668 2642 1732 2678 sed

244 2684 283 2720 in
302 2697 508 2734 gyrumrper
534 2688 674 2724 intimos
695 2695 866 2725 terrarum
887 2697 1020 2728 tractus
1045 2696 1082 2729 et
1099 2705 1193 2729 mare
1212 2694 1374 2736 rubrum,
1398 2704 1442 2728 ne
1464 2691 1587 2727 relicto
1615 2689 1733 2737 pervi-

244 2733 378 2768 caciter
399 2735 598 2780 proposito,
629 2735 666 2770 in
684 2737 881 2783 Aegyptum
910 2743 1004 2775 retro
1033 2743 1271 2776 commearent.
1319 2740 1392 2775 Iam
1412 2750 1496 2774 vero
1522 2739 1601 2774 viae
1625 2737 1732 2772 trium

245 2778 378 2815 dierum
405 2781 516 2828 spatio
550 2795 570 2818 e
596 2783 762 2819 Ramesse
787 2784 822 2818 in
849 2785 1025 2822 Socchoth
1049 2792 1085 2823 et
1112 2799 1132 2822 e
1160 2787 1334 2823 Socchoth
1367 2787 1404 2822 in
1432 2786 1611 2821 Nonthom
1641 2788 1679 2819 et
1712 2796 1734 2819 e

247 2824 425 2863 Nonthom
443 2828 546 2865 *inter
568 2829 769 2876 Magdalum
797 2836 835 2866 et
865 2844 961 2868 mare
990 2834 1148 2875 rubrum,
1181 2847 1202 2870 e
1231 2833 1388 2869 suburbii
1411 2833 1579 2879 regione,
1611 2836 1735 2868 contra

243 2871 466 2929 peelsephon
490 2876 659 2923 profecti,
689 2877 876 2925 Aegyptiis
903 2891 924 2915 a
948 2879 1007 2916 via
1032 2892 1169 2916 errasse
1192 2881 1263 2916 visi
1289 2884 1380 2917 sunt.
1428 2880 1596 2917 Columna
1618 2884 1734 2915 tamen

242 2930 336 2965 igme
359 2933 424 2970 per
439 2927 597 2969 noctem,
628 2935 694 2973 per
714 2925 807 2962 diem
825 2930 939 2964 autem
961 2927 1117 2966 columna
1142 2927 1268 2971 nubis,
1299 2939 1369 2964 non
1389 2927 1515 2966 solitae
1534 2926 1734 2970 cuiuslibet,
