1754 3236
638 227 1173 275 CHRONOGRAPHIA.
1561 227 1630 275 83

105 337 396 399 Χρυσορρόας
421 340 598 399 λέγεται.
642 338 797 398 ’stirpes
815 339 862 384 δὲ
884 342 944 401 τῷ
965 341 1095 400 τρίτῳ
1115 340 1198 400 υἱῷ
1217 341 1352 386 αὗτοῦ
1373 341 1516 399 ἄγοντι
1533 341 1628 396 ἴτυς
1650 353 1695 391 V.
1718 355 1754 394 3(

104 410 192 455 υκε’
220 411 305 456 ἀπὸ
325 413 527 470 Μηδείας
554 411 609 455 τὰ
631 410 739 470 πρὸς
762 410 918 469 ἄρκτον
938 413 1008 454 καὶ
1029 411 1195 467 δυσμὰς
1216 411 1295 464 ἕως
1319 414 1537 472 Γαδείρων
1557 418 1629 459 καὶ

105 485 402 541 Βρεττανικῶν
418 480 582 540 νήσων,
616 481 838 541 Ἀρμενίαν
856 484 926 526 καὶ
946 480 1157 540 Ἰβηρίαν,
1194 482 1389 538 Πόντον,
1428 483 1666 542 Κόλχουςο

104 555 178 598 καὶ
222 553 302 604 τιὶς
340 551 518 598 κατόπιν
545 550 693 611 χώρας
712 555 782 596 καὶ
813 551 970 612 νήσους
1000 554 1080 605 ἕως
1104 552 1286 607 Ἰταλίας
1313 556 1383 599 καὶ
1415 557 1459 599 Γ
1454 558 1627 614 αλλικῆς

74 627 325 680 5Σπανικῆς
362 642 408 669 τε
445 626 515 668 καὶ
546 625 831 682 Κελτιβηρίας
861 626 931 667 καὶ
962 626 1237 669 Λυσιτανῶν.
1295 625 1409 670 οὕτω
1446 628 1627 685 μερίσας

104 696 176 738 καὶ
199 692 417 753 ἐγγράφως
449 696 726 751 διαθέμενος,
767 694 825 746 ῶς
843 713 997 754 φασιν,
1037 693 1298 753 ἐπαναγνούς
1317 714 1361 741 τε
1379 695 1625 755 αὖτοΐςτῆν

105 764 321 822 διαθήκην
352 765 486 810 αὐτοῦ
521 767 830 824 ἐσσραγίσατο,
868 765 976 823 παρ’
1003 763 1141 825 ἐαυτῷ
1161 767 1410 823 κατασχών,
1449 768 1527 820 ἕως
1546 773 1623 812 τοῦ

105 841 181 897 stu>
195 832 219 879 Β
227 833 272 892 β’
299 836 420 889 ἔτους
445 836 529 881 ἀπὸ
545 837 679 892 Ἀδὰμ
691 871 706 891 ,
746 837 790 880 ἐν
817 829 850 896 ᾧ
872 839 941 880 καὶ
958 835 1183 894 ἐκοιμήθη.
1232 838 1397 893 μέλλων
1418 839 1464 882 δέ
1487 842 1644 898 aza-,5

107 911 188 951 τᾶν
225 908 454 952 ἐνετείλατο
487 915 578 959 τοῖς
598 910 734 965 τρισὶν
757 907 890 951 αὐτοῦ
908 907 1017 958 υἱοῖς
1036 908 1199 965 μηδένα
1226 909 1418 953 ἐπελθεῖν
1439 917 1528 961 τοῖς
1550 915 1628 954 τοῦ

47 977 293 1036 lorido-(1³05
326 976 460 1036 ὁρίοις
491 980 559 1022 καὶ
585 976 778 1029 ἀτάκτως
806 979 1026 1036 ἐνεχθῆναι
1050 978 1157 1037 πρὸς
1182 980 1322 1038 ἕτερον
1333 1014 1348 1035 ,
1388 977 1447 1031 ὥς
1470 979 1627 1025 τούτου

102 1048 382 1112 γενησομένου
413 1051 551 1093 αἰτίου
580 1047 769 1100 στάσεως
788 1049 932 1100 αὐτοῖς
949 1050 1019 1093 καὶ
1040 1050 1234 1105 πολέμων
1254 1055 1340 1095 τῶν
1359 1051 1466 1108 πρὸς
1494 1050 1627 1109 ἀλλή-

103 1123 221 1171 λους.
272 1119 351 1177 τὴν
382 1121 429 1164 δέ
461 1118 673 1177 διαθήκην
702 1120 835 1164 αὐτοῦ
867 1121 993 1165 ἔδωκε
1024 1124 1085 1180 τῷ
1125 1121 1241 1178 Σήμ,
1283 1119 1341 1172 ὥς
1369 1120 1627 1182 πρωτοτόκῳ

102 1190 183 1250 υἱῷ
216 1192 286 1234 καὶ
317 1191 644 1251 θεοφιλεστέρῳ,
685 1190 732 1241 ὃς
754 1193 823 1234 καὶ
845 1191 922 1249 τὴν
939 1189 1161 1248 ἧγεμονιάν
1188 1193 1400 1245 διεδέξατο
1418 1192 1519 1248 μετ’
1541 1192 1662 1237 αὖ-Ι)

103 1261 180 1306 τὸν
208 1263 278 1305 καὶ
309 1262 388 1314 τὰς
415 1262 654 1320 ἐξαιρέτους
681 1267 766 1306 τῶν
805 1262 913 1321 παρ’
950 1261 1083 1306 αὐτοῦ
1115 1262 1312 1320 εὖλογιῶν
1338 1263 1625 1322 ἐκληρώσατο,

46 1341 94 1378 15
107 1329 166 1384 ὦς
191 1333 263 1376 καὶ
283 1333 327 1376 ἐν
351 1338 404 1392 τῇ
425 1336 468 1377 Γ
464 1334 588 1376 ενὲσει
608 1333 790 1391 φέρεται.
829 1335 896 1377 καὶ
916 1330 1125 1390 ἐκοιμήθη
1143 1335 1187 1378 ἐν
1208 1333 1293 1390 ὄρει
1312 1333 1518 1392 Λουβάρ.

205 1402 276 1447 Ἐν
312 1405 375 1448 δέ,
391 1408 451 1463 τῷ
480 1401 639 1464 sszpba'
663 1404 741 1447 ἔτει
766 1409 842 1447 τοῦ
864 1402 1053 1460 κόσμου,
1091 1403 1185 1461 ἤτοι
1207 1405 1315 1460 μετὰ
1338 1405 1532 1449 διακόσια
1552 1405 1624 1463 ἐτη

101 1478 180 1531 τῆς
200 1478 394 1532 τελευτῆς
414 1478 545 1528 Νῶε,
583 1476 830 1532 νεωτερίσας
861 1473 883 1519 ὃ
912 1479 989 1519 τοῦ
1020 1474 1130 1530 λἰὶμ
1156 1475 1249 1527 υἱὸς
1272 1476 1457 1519 Χαναὰν
1493 1477 1620 1533 ἐπέβη

102 1553 193 1596 τοῖς
212 1542 342 1604 ὁρίοις
362 1550 439 1589 τοῦ
449 1545 549 1602 Σὴμ
568 1547 638 1589 καὶ
657 1544 897 1604 κατῴκησεν
918 1547 1007 1589 ἐκεῖ
1020 1545 1222 1603 παραβὰς
1240 1546 1316 1603 τὴν
1337 1546 1509 1603 ἐντολὴν
1523 1549 1622 1591 Νῶε

104 1616 183 1659 σὺν
214 1624 305 1667 τοῖς
335 1618 380 1668 ἐξ
410 1616 543 1660 αὐτοῦ
574 1616 808 1674 γενομένοις
827 1616 992 1660 ἔθνεσιν
1021 1613 1150 1668 ἑπτὰ,
1182 1615 1472 1674 Ἀμορραιόις,
1508 1620 1625 1661 Χετ-

46 1694 94 1730 20
107 1688 254 1751 ταιόις,
298 1687 552 1745 φερεζαιόις,
592 1686 781 1741 Εὖαιόις,
818 1690 860 1730 Γ
857 1688 1096 1746 εργεσαίοις,
1130 1685 1402 1740 Ἰεβουσαιόις
1425 1689 1494 1731 καὶ
1522 1690 1624 1731 Χα-

202 1801 237 1836 1.
258 1829 260 1831 ,
278 1796 492 1845 χρυσορόας
525 1798 569 1834 A.
684 1800 720 1835 2.
758 1799 952 1846 Μηδείας]
984 1798 1143 1845 Μηδίας
1170 1797 1346 1846 Scaliger.
1473 1801 1508 1836 6.
1551 1797 1623 1837 ati-

196 1849 281 1890 τοῖς
315 1847 491 1893 Scaliger.
529 1845 678 1890 αὐτοῦς
722 1846 773 1881 G.
898 1849 934 1884 9.
975 1846 1124 1892 μηδένα
1154 1846 1328 1892 Scaliger.
1370 1847 1535 1895 μηδείνα
1576 1851 1622 1883 A.

195 1894 250 1941 μή
289 1895 372 1931 δεῖν
404 1896 454 1930 G.
583 1897 641 1932 11.
685 1892 852 1936 στάσεως
884 1896 927 1930 A.
964 1896 1033 1942 τῆς
1060 1892 1225 1936 στάσεως
1254 1895 1304 1930 G.
1452 1897 1508 1932 13.
1552 1895 1618 1931 καὶ

196 1942 269 1988 τήν
297 1943 341 1977 A.
377 1940 450 1987 τὴν
475 1954 541 1978 om.
576 1943 624 1977 G.
721 1942 915 1986 διεδέξατο
950 1944 993 1978 A.
1026 1941 1181 1986 ἐδέξατο
1213 1942 1262 1976 G.
1379 1944 1435 1980 15.
1471 1939 1525 1986 ὣς
1550 1942 1617 1980 καὶ

198 1991 243 2026 A.
271 1986 367 2026 ὥστε
388 1991 438 2025 G.
535 1990 699 2036 Γενέσει]
725 1989 799 2033 lx,
823 1991 884 2027 26.
981 1992 1038 2027 16.
1074 1989 1114 2027 ἐν
1141 1987 1183 2026 δὲ
1213 1991 1258 2024 A.
1301 1989 1438 2025 Aberat
1465 1990 1519 2028 δέ.

200 2038 259 2075 17.
283 2039 507 2085 νεωτερίσας
530 2040 572 2073 A.
607 2040 854 2084 νεωτερίσαι-ο
879 2038 926 2072 G.
1027 2040 1083 2076 19.
1119 2034 1355 2082 ἆμωρραίοις
1376 2040 1419 2073 A.
1522 2040 1618 2075 Χετ-

193 2086 319 2128 ταίοις
341 2087 385 2121 A.
417 2087 614 2129 Γετταίοις
634 2088 683 2122 G.
775 2087 837 2122 20.
861 2082 1008 2128 εὖαίοις
1022 2087 1066 2124 Α.
1089 2083 1271 2128 Εὕιαίοις
1294 2086 1344 2122 G.

102 2179 248 2226 Nilum,
272 2181 334 2229 qui
356 2183 394 2216 et
417 2180 512 2216 Gion
538 2185 576 2217 et
595 2180 861 2228 Chrysorrhoas
886 2180 1098 2228 appellatur.
1144 2179 1296 2227 Iapheth
1328 2177 1482 2226 denique
1509 2178 1617 2214 tertio

102 2228 177 2264 filio
199 2229 271 2265 425
301 2240 428 2264 annum
458 2229 678 2271 numeranti,
710 2240 803 2275 quae
828 2240 851 2263 a
877 2228 1001 2263 Media
1027 2229 1302 2274 septentrionem
1336 2231 1375 2262 et
1399 2226 1618 2261 occidentem

103 2277 151 2310 ad
168 2276 293 2311 Gades
322 2289 433 2323 usque
451 2276 747 2323 Britannicasque
771 2276 903 2311 insulas
934 2275 1151 2322 respiciunt,
1178 2274 1375 2310 Armeniam
1396 2277 1434 2308 et
1453 2273 1617 2316 1beriam,

102 2322 274 2366 Pontum,
310 2323 463 2358 Colchos
495 2330 603 2371 atque
633 2324 727 2359 ultra
754 2324 889 2370 positas
913 2323 1098 2369 regiones,
1130 2322 1334 2369 insulasque
1360 2320 1484 2356 Italiae
1512 2320 1618 2355 adia-

103 2375 247 2413 centes,
272 2370 432 2413 Gallias,
459 2371 688 2418 Hispaniam,
715 2371 941 2405 Celtiberiam
966 2375 1004 2405 et
1030 2370 1222 2405 Lusitanos
1250 2368 1405 2416 reliquit.
1454 2367 1617 2402 Commu'-

103 2417 207 2453 nibus
227 2423 346 2452 terrae
364 2418 569 2464 regionibus
589 2420 655 2452 hoc
676 2424 781 2464 pacto
800 2418 948 2459 divisis,
972 2418 1104 2464 scripto
1130 2417 1346 2452 voluntatem
1367 2419 1545 2458 toetatm,
1576 2418 1617 2449 ut

104 2465 229 2508 aiunt,
269 2466 396 2500 lectum
425 2466 528 2500 etiam
557 2470 801 2500 testamentum
830 2465 958 2501 clausit
984 2469 1021 2500 et
1049 2464 1166 2511 sigillo
1197 2463 1353 2500 firmavit
1385 2464 1551 2510 apudque
1580 2473 1619 2497 se

105 2512 257 2547 detinuit
278 2512 323 2546 ad
346 2514 441 2550 2592
459 2513 502 2547 ab
524 2514 656 2547 Adamo
673 2525 820 2554 annum,
845 2525 916 2559 quo
934 2513 1004 2547 leto
1022 2519 1148 2559 raptus
1167 2511 1389 2547 obdormivit.
1434 2510 1507 2544 Iam
1531 2520 1618 2543 vero

103 2560 207 2594 morti
225 2560 424 2606 proximus,
450 2572 494 2594 ne
511 2561 589 2605 quis
610 2561 646 2594 in
664 2560 787 2594 fratris
816 2560 904 2595 fines
931 2560 1144 2607 irrumperet
1166 2564 1230 2594 aut
1251 2558 1381 2594 iniuria
1403 2556 1618 2602 assignatam
1647 2594 1650 2599 ἱ

103 2606 175 2653 ipsi
198 2613 332 2654 partem
353 2607 556 2650 invaderet,
588 2607 670 2641 filiis
691 2607 808 2642 tribus
834 2606 1034 2650 mandavit,
1060 2607 1148 2643 alias
1168 2606 1205 2641 in
1235 2605 1382 2641 dissidia
1409 2614 1618 2650 pugnasque

104 2654 152 2688 ad
169 2653 321 2689 invicem
343 2667 410 2689 nun
435 2654 542 2689 facile
567 2653 805 2689 conciliandas
838 2659 967 2690 cuncta
997 2666 1153 2701 cessura.
1210 2653 1474 2688 Testamentum
1511 2660 1616 2696 porro

103 2701 199 2743 Sem,
223 2713 288 2736 cen
309 2701 539 2748 primogenito
560 2714 602 2736 ac
621 2701 791 2747 religione
810 2702 961 2737 caeteris
979 2701 1155 2749 superiori
1171 2700 1330 2742 tradidit,
1355 2700 1457 2744 isque
1471 2703 1574 2743 patre
1595 2707 1617 2730 e

102 2748 196 2783 vivis
226 2749 364 2784 sublato
399 2751 511 2784 tutius
534 2750 630 2784 orbis
662 2749 826 2784 ducatum
855 2749 996 2796 excepit
1026 2756 1135 2796 atque
1166 2748 1311 2783 eximias
1345 2744 1617 2798 benedictiones,

103 2806 193 2840 quas
218 2796 252 2831 ei
276 2802 442 2842 precatus
471 2797 589 2832 suerat
618 2802 742 2842 pater,
779 2796 883 2831 velut
913 2796 1152 2831 haereditario
1176 2796 1280 2838 iure,
1306 2798 1411 2841 prout
1428 2792 1464 2826 in
1483 2792 1617 2826 Genesi

103 2842 240 2885 fertur,
266 2844 366 2878 adiit.
415 2844 496 2878 Noe
512 2856 596 2879 vero
613 2845 650 2879 in
671 2848 788 2879 monte
803 2844 924 2879 Luhar
941 2844 1095 2878 decessit
1112 2856 1132 2879 e
1150 2842 1267 2878 vivis.-

196 2892 297 2925 Anno
312 2891 431 2925 mundi
450 2893 557 2934 2791,
573 2891 608 2926 id
634 2896 690 2926 est
705 2892 749 2926 ab
772 2892 874 2926 obitu
893 2892 975 2927 Noe
996 2890 1158 2929 ducentis
1172 2916 1183 2933 ‚
1208 2890 1378 2924 Chanaan
1394 2886 1489 2921 filius
1505 2885 1616 2940 Cham

102 2948 213 2971 novas
231 2949 288 2972 res
305 2938 465 2980 molitus,
490 2939 579 2973 fines
597 2939 678 2973 Sem
702 2938 856 2980 invasit,
881 2943 920 2973 et
941 2938 1073 2973 violato
1097 2938 1176 2972 Noe
1206 2940 1418 2982 praecepto,
1442 2933 1616 2968 adiunctis

102 2991 238 3031 septem
262 2996 309 3020 ex
329 2997 369 3020 se
386 2985 474 3021 ortis
494 2986 684 3032 gentibus,
706 2985 957 3029 Amorrhaeis,
983 2985 1171 3030 Gettaeis,
1194 2981 1431 3024 Pheraaeis,
1470 2980 1615 3021 Roneis,
