1800 3236
222 147 328 199 462
692 155 944 202 GEORGII
973 155 1262 203 SYNCELLI

221 279 300 326 της
327 266 398 312 καὶ
430 267 472 313 οἷ
491 267 570 313 σὺν
600 266 745 320 αὐτοῖς
767 267 876 312 κατὰ
895 272 984 313 τῶν
1008 265 1344 323 οῗκοδομούντων
1366 268 1444 327 τὴν
1455 267 1730 329 Ἰερουσαλὴμ

222 343 300 384 τοῦ
333 329 556 396 τταυθῆναι
575 339 652 397 τὴν
685 336 926 396 οῗκοδομῆν.
962 343 1133 398 πρῶτον
1151 340 1228 395 μὲν
1251 338 1314 384 ὅτι
1338 342 1468 399 φασὶν
1489 340 1534 385 ἔν
1551 345 1604 400 τῇ
1626 341 1730 399 πρὸς

223 409 355 455 αὐτὸν
380 410 594 468 ἐπιστολῇ,
630 408 817 467 γνωστὸν
839 408 947 453 ἴστω
969 414 1029 469 τῷ
1053 410 1182 469 κυρίῳ
1203 414 1376 465 βασιλεῖ
1400 408 1508 455 διότι
1533 411 1732 455 Ἰουδαῖοι

219 482 260 526 οἳ
288 478 522 536 ἀναβάντες
542 479 647 537 παρ’
671 477 791 535 υμῶν
814 479 921 538 πρὸς
940 478 1054 537 ἡμᾶς
1078 483 1136 532 εἲς
1154 478 1442 539 Ἰερουσαλήμ.
1479 482 1596 539 παρὰ
1619 483 1733 533 τίνος

217 553 264 596 δὲ
293 551 424 595 ἄλλου
454 547 789 606 ἀναβεβήκασιν,
828 552 864 594 εἷ
879 550 942 607 μὴ.
964 550 1081 610 παρὰ
1103 549 1278 609 Κύρους
1316 551 1456 596 ἔπειτα
1480 553 1525 596 δὲ
1549 550 1614 596 ὅτι
1629 551 1760 611 Ἀρ-5

216 622 420 680 ταξέρξης
453 620 536 668 ἀπὸ
571 619 720 679 Κύρου
752 621 829 672 ἕως
846 623 1033 679 Δαρείου
1068 627 1144 666 τοῦ
1163 619 1407 667 ιΥστάσπου
1428 622 1565 674 οὐδεὶς
1587 624 1733 679 ἐβασί-

221 698 389 746 λευσεν,
430 689 488 742 ὥς
515 693 560 735 ἐκ
585 696 663 736 τοῦ
697 690 874 743 κανόνος
904 697 990 736 τῶν
1020 692 1230 747 βασιλέοιν
1263 695 1478 749 δηλοῦται.
1515 695 1584 738 καὶ
1605 689 1735 744 αὖθις

220 763 287 807 ὅτι
307 759 592 820 Μιθριδάτην
621 762 726 820 λέγει
757 763 835 807 σὺν
863 760 1083 824 Βαλσάμῳ
1105 765 1175 807 καὶ
1193 771 1283 814 τοῖς
1299 767 1459 816 λοιποΐς
1473 781 1734 823 καταγεγρα-

221 834 345 893 φέναι
365 837 452 877 τῶν
470 832 820 890 οἷκοδομούντων,
850 832 898 878 ὃν
920 835 990 877 καὶ
1010 832 1301 893 παρειληφότα
1323 834 1377 878 τὰ
1396 834 1487 894 ἱερὰ
1506 836 1574 878 καὶ
1595 834 1734 879 πάντα

221 904 277 949 τὰ
309 901 434 961 σκεύη
470 904 585 948 οἷ’κου
616 906 761 963 κυρίου
788 904 897 948 κατὰ
926 902 1157 962 πρόσταξιν
1192 903 1341 962 Κύρου
1374 903 1432 957 ὥς
1459 904 1733 964 γαζοφύλακα
1746 911 1792 946 10

220 976 477 1034 προείρηκεν.
515 973 574 1018 ἔτι
590 975 676 1032 μὴν
698 975 805 1034 πρὸς
825 972 1004 1030 τούτοις,
1033 978 1068 1019 εἶ
1083 976 1143 1033 μὴ
1167 976 1231 1019 ε’πὶ
1253 974 1401 1035 Κύρου
1423 976 1559 1034 γέγονε
1579 980 1731 1030 ταῦτα,

186 1046 325 1090 Cam?
357 1047 557 1104 ἔνεργεΐτο
588 1046 643 1090 τὰ
673 1046 781 1089 κατὰ
814 1046 893 1103 τὴν
923 1047 1150 1103 οἰκοδομὴν
1160 1081 1174 1100 ‚
1211 1051 1301 1098 πῶς
1333 1046 1410 1090 οὐκ
1440 1045 1491 1090 ἂν
1511 1044 1735 1103 ἐτελειώθη

222 1115 260 1161 λ’
284 1114 391 1161 ἔτεσι
410 1116 465 1160 τὰ
484 1116 815 1161 συντελεσθέντα
834 1116 941 1172 μετὰ
964 1122 1100 1160 ταῦτα
1120 1118 1162 1160 ἐν
1180 1117 1406 1175 τέσσαρσιν
1428 1116 1510 1161 ἀπὸ
1539 1122 1615 1161 τοῦ
1637 1120 1733 1160 δευ-

223 1188 347 1246 τέρου
392 1186 513 1237 ἔτους
542 1188 729 1245 Δαρείου
769 1185 1015 1232 ςΥστάστιου
1054 1188 1132 1239 ἕως
1161 1192 1237 1231 τοῦ
1270 1188 1391 1232 ἕκτου
1425 1187 1545 1239 ξ’τους
1573 1187 1734 1245 αὐτοῦς

223 1263 284 1318 τῷ
316 1257 396 1316 γὰρ
431 1255 474 1312 β’
508 1256 586 1301 ἔτει
604 1256 753 1317 Κύρου
790 1256 1024 1313 ἀναβάντες
1054 1258 1131 1302 σὺν
1154 1263 1213 1318 τῷ
1233 1256 1486 1317 Ζοροβάβελ
1510 1260 1579 1302 καὶ
1594 1258 1735 1316 Ἰησοῦ
1748 1260 1793 1300 15

224 1329 412 1387 ἀρχιερεῖ
423 1329 584 1389 Νεεμίᾳ
611 1345 656 1372 τε
678 1330 746 1372 καὶ
766 1333 936 1390 Σαρετᾷ
945 1363 958 1383 ,
996 1331 1065 1372 καὶ
1085 1331 1356 1390 Μαρδοχαίῳ
1375 1330 1419 1374 ἓν
1437 1326 1639 1388 μυριάσιν
1659 1329 1735 1374 ἆν-

224 1402 337 1458 δρῶν
364 1398 564 1457 τέσσαρσι
599 1401 668 1442 καὶ
698 1401 912 1456 δισχιλίοις
927 1401 1180 1458 τριακοσίοις
1197 1398 1399 1457 ἑξήκοντα
1414 1401 1547 1458 χωρὶς
1571 1397 1735 1444 δούλων

222 1470 363 1515 αὐτῶν
384 1471 454 1513 καὶ
477 1471 708 1514 παιδίσκων
727 1472 796 1514 καὶ
816 1470 956 1515 αὐτῶν
977 1469 1294 1527 ἑπτακισχιλίων
1313 1469 1377 1515 τλ’
1397 1472 1466 1515 καὶ
1487 1468 1522 1523 ξ’
1544 1468 1735 1533 ᾀδόντων

220 1543 290 1585 καὶ
316 1540 524 1602 ᾀδουσῶν.
561 1545 622 1601 τῷ
643 1543 767 1598 μηνὶ,
807 1543 935 1600 φησὶ,
974 1546 1035 1601 τῷ
1059 1540 1228 1602 ἑβδόμῳ
1253 1539 1448 1599 συνήχθη
1471 1539 1493 1586 ὃ
1513 1541 1639 1596 λαὸς,
1679 1539 1737 1593 ὥς

222 1611 329 1670 ἀνὴρ
353 1609 424 1665 εἷς,
465 1613 523 1662 εἷς
538 1609 827 1678 Ἰερουσαλήμ.
866 1614 934 1656 καὶ
954 1611 1106 1672 ἀνέστη
1129 1612 1291 1670 Ἰησοῦς
1311 1611 1333 1657 ὃ
1359 1616 1435 1656 τοῦ
1453 1612 1641 1656 Ἰωσεδὲκ
1666 1613 1795 1656 καὶ20

183 1683 265 1726 Βοῖ
293 1683 467 1741 ἀδελφοὶ
506 1682 638 1726 αὐτοῦ
673 1684 712 1727 οἳ
737 1684 857 1742 ἶερεῖς
887 1685 956 1727 καὶ
973 1681 1226 1742 Ζοροβάβελ
1245 1683 1338 1735 υἱὸς
1357 1683 1584 1740 Σαλαθιὴλ
1607 1684 1677 1727 καὶ
1698 1683 1738 1727 οἱ

224 1753 399 1812 ἀδελφοὶ
428 1752 584 1808 αὐτοῦ,
625 1755 694 1797 καὶ
729 1753 1007 1815 ᾠκοδόμησαν
1035 1754 1082 1799 τὸ
1114 1752 1423 1812 θυσιαστήριον
1442 1758 1549 1798 θεοῦ
1566 1754 1738 1813 Ἰσραὴλ

318 1842 356 1879 5.
378 1840 507 1878 ἔπειτα
525 1839 565 1878 δὲ
584 1837 888 1889 ὅτιἈρταξέρξης
902 1841 976 1880 ἀπὸ
992 1841 1123 1890 Κύρου
1141 1842 1263 1879 addidi
1282 1855 1326 1879 ex
1345 1843 1389 1879 Β.
1485 1844 1521 1879 9.
1547 1838 1607 1887 ὃν]
1629 1839 1737 1883 nieG.

391 1887 474 1936 ἱερὰ
486 1891 748 1936 -πρόσταξιν
771 1891 891 1927 addidi
909 1904 952 1926 ex
971 1892 1013 1927 B.
1113 1893 1168 1928 12.
1195 1888 1241 1928 ἂν
1265 1903 1332 1927 om.
1350 1891 1397 1935 G.
1489 1892 1552 1932 113.
1577 1890 1621 1936 λ’]
1639 1889 1676 1937 μ’
1690 1902 1735 1925 m.

390 1939 447 1975 15.
482 1936 672 1986 ἀνέβησαν
706 1951 751 1974 m.
905 1942 961 1977 16.
994 1940 1214 1988 μαρδοχαίῳ
1237 1941 1280 1975 Β.
1315 1938 1549 1987 Μαρδοχαίᾳ
1581 1938 1629 1973 G.

321 1985 379 2022 18.
404 1984 690 2032 ἑπτακισχιλίων
711 1984 763 2023 τλ’
784 1985 850 2023 καὶ
876 1986 905 2032 ζ’
926 1988 967 2023 B.
992 1986 1075 2036 Ιζτλῖ
1095 1987 1157 2024 καὶ
1180 1989 1213 2032 ζ’
1232 1988 1263 2023 Β
1288 1987 1325 2022 in
1341 1985 1510 2033 margine.
1543 1984 1640 2035 ,ψτῖ
1670 1984 1736 2022 καὶ

320 2030 350 2076 ζ
377 2034 418 2068 Α.
450 2034 608 2079 ψαλτῶν
626 2035 689 2072 καὶ
712 2036 761 2070 G.

225 2101 375 2138 Iudaeos
394 2103 613 2140 Hierusalem
631 2104 851 2152 reparandae
864 2104 1083 2150 insudantes,
1101 2118 1162 2141 eos
1179 2106 1223 2141 ab
1235 2102 1396 2140 aedificio
1407 2103 1590 2151 prohiberi
1607 2106 1738 2150 postu-

226 2150 360 2185 labant.
408 2151 527 2186 Primo
549 2152 690 2199 quidem
709 2153 800 2198 quod
819 2153 854 2187 in
873 2153 1001 2188 litteris
1020 2153 1216 2188 huiusmodi
1236 2153 1406 2198 legamus.
1453 2152 1585 2187 Notum
1608 2151 1656 2186 sit
1673 2150 1737 2185 do-

225 2197 318 2232 mino
339 2199 418 2243 regi
443 2199 592 2234 Iudaeos
609 2211 631 2234 a
651 2200 753 2235 vobis
773 2199 819 2234 ad
839 2211 901 2234 nos
920 2200 1143 2235 Hierusalem
1159 2211 1352 2245 regressos.
1402 2199 1433 2234 A
1449 2210 1516 2244 quo
1536 2210 1621 2233 vero
1633 2224 1643 2241 ,
1669 2197 1740 2234 nisi

226 2246 359 2291 Cyrum
387 2245 642 2291 assignaveris,
676 2246 827 2293 digressi
854 2247 1025 2282 fuerant?
1050 2248 1104 2282 Ad
1132 2247 1236 2282 Darii
1266 2245 1435 2292 siquidem
1463 2245 1526 2280 filii
1545 2246 1740 2292 Hystaspis

226 2296 402 2335 aetatem,
437 2293 568 2328 nullum
585 2306 704 2339 regum
724 2293 922 2339 permisisse
957 2294 1110 2329 reditum
1142 2306 1185 2329 ex
1211 2294 1397 2329 manifesto
1424 2305 1547 2339 regum
1568 2292 1740 2328 laterculo

224 2343 375 2374 constat.
423 2340 478 2375 Ad
499 2341 606 2383 haec,
630 2341 870 2376 Mithridatem
889 2352 965 2376 cum
985 2341 1147 2377 Balsamo
1175 2341 1421 2388 adiunctisque
1438 2341 1543 2375 sociis
1569 2340 1740 2375 adversus

224 2386 453 2422 aedificantes
470 2388 618 2423 Iudaeos
649 2388 790 2422 dedisse
822 2387 961 2423 litteras
997 2389 1130 2432 refert,
1153 2389 1369 2435 eundemque
1393 2388 1530 2424 aerario
1558 2387 1740 2434 praeposi-

223 2437 298 2469 tum
319 2434 406 2481 Cyri
426 2435 519 2470 bona
540 2440 800 2482 proventusque
817 2435 936 2482 regios
955 2441 1147 2472 attrectare
1167 2437 1303 2472 solitum
1321 2435 1514 2483 praemisit.
1546 2435 1630 2470 Istis
1650 2437 1738 2469 haec

224 2481 338 2517 addas
358 2494 455 2528 rogo.
504 2483 545 2517 Si
561 2486 733 2529 regnante
758 2482 852 2529 Cyro
877 2483 964 2518 haec
979 2483 1116 2519 minime
1140 2489 1263 2530 gesta,
1289 2483 1372 2531 quin
1388 2483 1490 2518 immo
1511 2482 1632 2528 templi
1650 2493 1738 2528 opus

224 2528 326 2575 prius
346 2533 540 2576 promotum
560 2529 802 2572 contenditur-3
827 2541 898 2575 qua
913 2531 1050 2566 ratione
1064 2532 1229 2567 continuo
1254 2543 1422 2567 annorum
1440 2529 1488 2567 40
1515 2529 1631 2576 spatio
1651 2540 1738 2564 non—

227 2576 308 2611 dum
324 2577 488 2612 absoluta
513 2579 674 2620 fuerant,
707 2589 799 2623 quae
825 2577 993 2624 deinceps
1020 2579 1093 2614 solo
1114 2579 1362 2626 quadriennio,
1399 2590 1422 2614 a
1443 2577 1597 2613 secundo
1624 2576 1738 2618 Darii,

226 2623 293 2659 filii
310 2624 345 2659 H
371 2624 521 2671 staspis,
547 2625 593 2660 ad
612 2629 774 2671 quartum
792 2625 870 2660 eius
897 2637 1021 2661 annum
1052 2627 1344 2673 suntperfecta‘?
1367 2625 1509 2661 Etenim
1537 2636 1628 2660 anno
1651 2623 1739 2669 Cyri

228 2683 334 2707 secun
362 2684 381 2707 ο
410 2683 487 2708 cum
506 2672 704 2708 Zorobabel
736 2676 772 2707 et
789 2672 868 2707 Iesu
887 2674 1073 2719 pontifice,
1107 2686 1185 2709 cum
1203 2674 1353 2710 Neemia
1376 2678 1412 2708 et
1427 2673 1557 2707 San-eta
1585 2677 1623 2706 et
1640 2671 1740 2706 Mar·

228 2719 388 2755 dochaea
408 2719 583 2767 myriades
606 2720 775 2754 hominum
794 2724 945 2766 quatuor
963 2728 1000 2755 et
1018 2722 1072 2756 bis
1090 2722 1182 2757 mille
1202 2728 1260 2756 ter
1277 2726 1413 2757 centum
1444 2718 1629 2765 sexaginta
1657 2719 1740 2752 abs-

229 2777 298 2811 que
326 2768 440 2803 servis
469 2772 506 2803 et
523 2767 657 2802 ancillis
676 2771 714 2802 et
734 2767 859 2814 psaltis
889 2768 1115 2814 psaltriisque
1142 2768 1291 2804 musices
1317 2767 1444 2816 peritis
1470 2766 1740 2801 adscenderunt.

227 2812 374 2857 Mense,
398 2815 534 2861 inquit,
559 2815 706 2861 septimo
727 2819 962 2860 congregatus
983 2821 1038 2851 est
1058 2817 1230 2863 populus,
1257 2815 1356 2863 quasi
1379 2815 1437 2850 vir
1466 2825 1575 2856 unus,
1598 2813 1634 2848 in
1652 2812 1742 2847 Hie·-

227 2861 389 2897 rusalem.
437 2862 489 2898 Et
507 2861 660 2897 surrexit
676 2862 773 2897 Iesus
789 2862 882 2896 filius
900 2862 1047 2899 Iosedec
1066 2869 1104 2898 et
1122 2864 1251 2899 fratres
1278 2863 1353 2898 eius
1381 2861 1582 2898 sacerdotes
1612 2863 1649 2894 et
1668 2860 1741 2894 Zo-

228 2908 375 2945 robabel
397 2910 492 2946 filius
510 2909 685 2946 salathiel
707 2915 745 2946 et
763 2910 897 2946 fratres
924 2911 1001 2947 eius
1027 2915 1067 2947 et
1092 2911 1370 2948 aedificaverunt
1398 2909 1513 2953 altare
1541 2907 1600 2944 dei
1615 2906 1740 2951 IsraEI,
