1800 3236
255 151 359 202 732
736 157 991 206 GEORGII
1019 158 1310 207 SYNCELLI

253 271 310 316 τιὶ
349 268 460 315 ἄλλα
496 265 787 330 ἁμαρτήματα
823 270 976 316 ἀνίατα
1016 270 1121 317 ὄντα
1159 269 1411 333 συγκρύπτει
1451 273 1654 328 συνειδὼς
1700 277 1769 321 καὶ

256 341 446 400 ἐλέγξας,
486 339 600 393 ὅπως
629 341 785 393 αὖτοὺς
818 340 1034 400 ὖπόχρεως
1066 342 1170 400 ἕχει,
1209 346 1302 404 περὶ
1333 338 1392 389 ὧν
1422 342 1563 404 λόγοις
1596 348 1665 392 καὶ
1697 346 1769 406 ἴρ-

220 418 352 471 Βγοις
373 411 510 457 ἀδικεῖ
514 447 528 467 ,
564 412 625 470 μὴ
655 417 904 469 τολμῶντας
935 421 1180 472 κατηγορεῖν
1199 420 1261 476 τῷ
1281 415 1390 460 καθ’
1418 414 1596 469 ἑαυτοὺς
1624 416 1764 478 φόβῳ,

255 483 365 528 ἀλλὰ
406 485 476 527 καὶ
508 484 736 535 πλουσίους
769 483 1002 543 ἀπέφηνεν,
1050 485 1124 543 ἐφ’
1159 484 1183 530 ὃ
1224 485 1330 545 πρὸς
1359 491 1498 531 ταῦτα
1532 486 1767 545 ζηλούντων

254 559 435 614 φιλεῖται
463 554 533 598 καὶ
558 552 825 610 θαυμάζεται
835 588 849 609 ,
888 555 932 598 τί
955 553 1008 598 ἂν
1033 559 1170 600 ταῦτα
1200 555 1463 616 γράφοιμενς
1499 557 1797 615 {mortim-9015

255 626 328 679 δὲ,
368 625 599 682 ἀγαπητοὶ,
637 623 702 669 ὅτι
740 625 815 670 τὸν
848 626 1072 670 ἐπίσκοπον
1110 629 1180 671 καὶ
1210 627 1259 671 τὸ
1295 628 1498 687 ἱερατεΐον
1530 628 1645 675 ἅπαν
1681 649 1767 674 πα-

255 694 460 753 ράδειγμα
494 693 598 739 εἶναι
631 697 697 740 δεῖ
726 700 802 757 τῷ
821 694 977 754 πλήθει
1009 695 1179 742 πάντων
1215 702 1300 743 τῶν
1327 704 1468 744 καλῶν
1499 699 1658 759 ἔργων,
1697 703 1768 744 καὶ

254 766 353 811 οὐδὲ
378 767 506 810 ἐκεῖνο
541 766 770 824 ἀγνοοῦμεν
803 765 896 811 ὅσοι
923 764 1007 812 ὖπό
1040 773 1116 812 τοῦ
1145 767 1399 827 συνεισάγειν
1427 769 1594 824 ἑαυτοῖς
1621 779 1767 830 γυναῖ-

255 855 333 889 κας
366 838 580 892 ἐξέπεσον,
622 837 662 881 οἱ
684 839 730 882 δὲ
745 835 1117 895 ὖπωπτεῦθησαν,
1157 838 1265 885 ὥστε
1284 842 1320 884 εἷ
1345 842 1416 884 καὶ
1440 844 1534 900 δοίη
1562 860 1627 894 τις
1650 842 1766 903 αὐτῷ

252 908 301 953 τὸ
340 909 474 965 μηδὲν
511 908 680 967 ἀσελγὲς
716 916 871 965 ποιεῖν,
922 908 1031 954 ἀλλὰ
1064 907 1143 968 τήν
1177 929 1222 970 γε
1250 909 1452 956 ὑπόνοιαν
1491 912 1570 971 τὴν
1611 915 1657 958 ἐκ
1686 918 1798 960 τοῦ1

98 985 139 1020 Ρ.
165 984 235 1022 391
253 977 449 1024 τοιούτου
488 977 739 1038 πράγματος
782 980 999 1040 φυομένην
1044 981 1170 1040 ἐχρῆν
1208 981 1503 1041 εὐλαβηθῆναι
1541 982 1603 1043 μή
1649 1003 1768 1036 τινας

254 1051 538 1110 σκανδαλίσῃ,
583 1050 685 1102 τοὺς
716 1047 768 1095 δέ
790 1052 859 1095 καὶ
896 1056 1121 1108 μιμεῖσθαι
1159 1054 1395 1113 προτρέψῃ.
1476 1059 1567 1107 πῶς
1601 1055 1682 1114 γὰρ
1713 1055 1766 1100 ἂν

253 1119 508 1179 ἐπιπλήξειεν
535 1118 562 1179 ἢ
590 1119 883 1179 νουθετήσειεν
913 1122 1052 1182 ἕτερον
1087 1122 1149 1180 μὴ
1185 1114 1533 1182 συγκαταβαίνειν
1574 1127 1766 1172 ἔπιπλέον

253 1195 314 1245 εἲς
353 1192 508 1236 ταύτὸν
539 1194 702 1250 γυναικὶ
742 1192 803 1249 μὴ
840 1191 998 1252 ὂλίσθῃ
1039 1192 1386 1252 φυλαττόμενον,
1433 1194 1491 1249 ὥς
1520 1198 1763 1256 γέγραπται,

254 1263 370 1315 ὅστις
398 1264 501 1319 μίαν
523 1263 601 1319 μὲν
632 1262 865 1321 ἀπέστησεν
892 1262 997 1320 ἤδη,
1037 1262 1114 1308 δύο
1145 1266 1191 1309 δὲ
1218 1263 1488 1323 ἀκμαζούσας
1518 1270 1588 1311 καὶ
1616 1268 1762 1327 εὖπρε-
1776 1281 1800 1316 1.

246 1342 342 1386 ,πεῒς
365 1334 442 1391 τὴν
462 1332 563 1390 ὄψιν
592 1333 671 1390 ἔχει
699 1334 809 1390 μεθ’
843 1332 1021 1389 ἑαυτοῦ,
1053 1333 1131 1379 κᾶν
1164 1336 1268 1396 ἀπίῃ
1290 1355 1399 1392 που,
1439 1340 1762 1398 συμπεριφέρεις

254 1407 325 1449 καὶ
357 1409 495 1449 ταῦτα
535 1409 709 1464 τρυφῶν
751 1407 820 1449 καὶ
856 1403 1297 1464 ὗπερεμπιπλάμενος,
1357 1401 1416 1453 ὧν
1459 1409 1578 1454 ἕνεκα
1614 1409 1764 1455 στενά-

255 1479 372 1531 ζουσι
410 1477 487 1532 μὲν
525 1478 595 1520 καὶ
630 1474 856 1537 ὀδύρονται
891 1475 1044 1529 πάντες
1080 1478 1188 1522 καθ’
1229 1476 1409 1531 αὗτούς·
1459 1479 1573 1526 οὕτω
1610 1482 1656 1525 δὲ
1684 1481 1763 1539 τὴν

252 1549 485 1606 τυραννίδα
511 1549 582 1592 καὶ
616 1549 864 1592 δυναστείαν
900 1547 1032 1593 αὐτοῦ
1064 1546 1328 1608 πεφόβηνται
1366 1549 1473 1596 ὥστε
1512 1560 1760 1611 κατηγορεῖν

251 1619 313 1676 ’μὴ
348 1622 534 1676 τολμᾶν,
571 1618 682 1664 ἀλλὰ
712 1623 850 1663 ταῦτα
876 1620 982 1675 μὲν,
1028 1617 1086 1672 ὥς
1117 1619 1448 1681 προειρήκαμεν,
1498 1622 1677 1668 εὕθυνεν
1707 1623 1800 1668 ἄν24

347 1743 386 1780 4.
410 1739 478 1790 ἐφ’
502 1737 539 1789 ὃ]
565 1741 604 1789 ἐξ
628 1736 682 1780 οἷν
699 1743 747 1778 G.
877 1745 934 1781 14.
958 1744 1076 1791 Vulgo
1098 1745 1264 1793 ἰολίσθη.
1291 1742 1435 1793 αἰλίσθη
1454 1746 1498 1784 Α.
1626 1745 1679 1789 ὦς
1702 1759 1762 1783 ac-

347 1791 457 1826 cessit
477 1802 520 1826 ex
542 1791 586 1827 P.
693 1793 752 1828 16.
777 1788 870 1840 οἶπίῃ
891 1793 1082 1830 Eusebius.
1110 1793 1224 1841 ἀπείη
1242 1795 1285 1830 Ρ.
1312 1792 1416 1841 οἷπήν
1432 1795 1480 1829 G.
1587 1796 1643 1833 18.
1670 1793 1762 1831 ὀδύ-

347 1841 557 1927 ξΐὸἒῗὲιὲ.
682 1837 822 1883 πάντες
845 1840 928 1901 add.
949 1840 995 1877 P.
1132 1844 1194 1882 20.
1225 1840 1389 1880 εὕθυνεν
1409 1841 1599 1879 Eusebius.
1643 1843 1759 1890 Vulgo

253 2007 422 2031 concrum
441 1995 681 2032 contuberniis
696 1997 866 2041 retentas,
881 2008 1028 2044 quorum
1040 1996 1220 2034 criminum
1237 1997 1295 2033 vel
1311 1996 1455 2034 aliorum
1472 2008 1493 2032 a
1510 1996 1646 2033 medela
1663 2001 1761 2033 certe

250 2043 358 2090 longe
376 2043 571 2090 positorum
590 2044 668 2091 ipse
685 2045 863 2088 conscius,
891 2045 978 2080 alios
1000 2045 1035 2080 in
1053 2045 1202 2089 delictis,
1228 2053 1318 2092 quae
1340 2046 1451 2091 gestis
1467 2045 1657 2092 verbisque
1677 2057 1759 2092 per-

251 2097 394 2138 petrat,
419 2092 656 2138 deprehensos
676 2092 770 2128 nulla
784 2096 888 2128 tenus
905 2093 1103 2139 redarguit,
1128 2094 1211 2139 (sed
1229 2106 1342 2140 neque
1364 2093 1434 2140 ipsi
1451 2105 1585 2140 poenae
1602 2093 1670 2128 sibi
1692 2093 1759 2127 im-

251 2138 439 2184 pendentis
458 2143 552 2175 metu
569 2140 771 2186 episcopum
790 2152 958 2177 accusare
977 2141 1052 2176 ausi
1070 2143 1191 2186 sunt),
1214 2142 1282 2176 imo
1306 2146 1346 2176 ut
1366 2141 1563 2176 muneribus
1581 2140 1758 2184 delinivit,

253 2186 308 2219 ita
326 2186 482 2222 vicissim
504 2187 598 2235 apud
615 2189 736 2223 horum
755 2192 950 2224 sectatores
974 2189 1010 2224 in
1033 2189 1145 2235 pretio
1165 2193 1219 2224 est
1237 2193 1274 2224 et
1293 2188 1540 2233 admiratione,
1567 2188 1650 2235 quid
1675 2200 1758 2223 ver-

253 2231 310 2267 bis
331 2234 466 2268 referre
484 2246 628 2270 necesse
647 2235 730 2271 est?
754 2236 832 2271 Hoc
850 2241 968 2279 certe,
994 2236 1134 2281 dilecti,
1159 2241 1317 2280 constat,
1341 2235 1543 2282 episcopum
1565 2241 1601 2271 et
1620 2247 1757 2271 sacrum

253 2291 388 2315 omnem
414 2287 548 2318 coetum
573 2283 738 2318 bonorum
764 2283 913 2320 omnium
928 2296 1071 2330 operum
1089 2284 1267 2330 exemplar
1287 2283 1414 2329 populo
1429 2283 1670 2330 propositum3
1693 2295 1757 2318 ne—

255 2339 325 2374 que
347 2339 409 2362 nos
433 2328 523 2363 latet
548 2329 684 2375 aliquos
713 2342 757 2365 ex
778 2331 842 2366 tali
869 2331 1052 2367 mulierum
1081 2330 1251 2367 societate
1270 2330 1411 2377 lapsoS‚
1437 2330 1525 2366 alios
1548 2331 1584 2366 in
1603 2331 1757 2366 criminis

254 2375 487 2421 suspicionem
517 2377 676 2420 venisse3
708 2389 816 2424 quare
841 2378 955 2424 quivis
981 2378 1065 2413 licet
1102 2377 1292 2420 concedat,
1324 2377 1410 2412 nihil
1436 2390 1511 2414 eum
1541 2378 1756 2425 impuritatis

255 2423 487 2466 contrahere,
522 2423 753 2470 suspicionem
777 2425 885 2460 nihilo
911 2426 1028 2460 secius
1053 2437 1098 2460 ex
1123 2425 1323 2460 huiusmodi
1348 2426 1523 2462 consortio
1549 2431 1686 2469 natam,
1710 2439 1756 2461 ne

255 2470 427 2517 quosdam
451 2470 489 2506 in
513 2470 647 2506 ruinam
672 2472 890 2517 impelleret,
922 2473 1099 2515 revereri3
1129 2473 1235 2516 alios,
1269 2477 1309 2507 ut
1334 2473 1500 2509 virtutem
1536 2473 1756 2509 imitarentur

256 2518 424 2565 exemplis
451 2518 585 2554 hortari
612 2531 757 2554 necesse
782 2519 860 2554 fuit.
909 2520 990 2562 Qua
1012 2531 1161 2567 namque
1182 2521 1299 2557 fronte
1314 2520 1550 2568 reprehendet
1571 2521 1676 2557 alium
1696 2521 1754 2556 vel

254 2565 478 2610 admonebit,
500 2578 544 2601 ne
563 2566 726 2601 familiari
747 2578 826 2602 cum
848 2567 992 2603 muliere
1015 2572 1135 2603 utatur
1155 2568 1340 2611 convictu,
1365 2573 1405 2603 ut
1424 2568 1522 2604 iuxta
1546 2569 1755 2615 scripturam

255 2613 358 2649 etiam
376 2613 444 2648 sibi
461 2625 590 2650 cavens
612 2625 681 2648 non
706 2614 866 2657 labatur,
891 2615 951 2661 qui
968 2615 1125 2650 nimirum
1148 2627 1250 2651 unam
1269 2615 1460 2662 legitimam
1480 2616 1641 2662 ablegat,
1667 2616 1755 2651 alias

253 2666 370 2696 tamen
388 2661 478 2697 duas
498 2665 617 2697 aetate
643 2661 799 2703 floridas,
826 2662 918 2697 facie
944 2663 1107 2698 liberales
1119 2663 1324 2704 adsciscit?
1357 2663 1397 2698 Si
1416 2675 1491 2698 eam
1509 2665 1634 2699 abesse
1651 2663 1752 2699 domo

253 2709 455 2756 contingat,
480 2721 595 2745 secum
624 2708 875 2744 circumducit?
909 2709 960 2744 Et
979 2711 1066 2746 haec
1084 2711 1223 2758 quidem
1246 2711 1341 2746 fastu
1366 2711 1488 2758 plenus
1509 2715 1546 2746 et
1573 2711 1752 2746 iactabun-

253 2757 320 2792 dus
340 2761 524 2800 exerceat,
549 2769 694 2804 quorum
711 2769 816 2792 causa
830 2763 966 2792 secreto
985 2763 1127 2803 gemunt
1145 2759 1261 2794 cuncti
1272 2771 1283 2802 3
1308 2758 1396 2794 adeo
1416 2770 1500 2793 vero
1520 2758 1669 2794 hominis
1690 2770 1754 2805 po-

255 2804 399 2840 tentiam
425 2809 463 2840 et
481 2805 701 2840 atrocitatem
727 2804 999 2851 pertimescunt,
1024 2810 1064 2840 ut
1089 2806 1202 2841 nulius
1228 2806 1265 2842 in
1293 2818 1371 2842 eum
1389 2817 1527 2841 causam
1549 2806 1670 2840 dicere
1691 2817 1755 2840 au-

253 2851 350 2889 deat.
397 2853 450 2891 Et
475 2853 564 2889 haec
591 2851 752 2901 quidem,
781 2864 827 2890 ex
852 2853 1075 2902 praemissis,
1099 2853 1176 2891 viro
1200 2859 1348 2891 mentem
1374 2854 1519 2890 habenti
1548 2852 1754 2890 catholicam
