1800 3236
230 209 334 258 644
704 211 961 259 GEORGII
992 211 1277 257 SYNCELLI

71 336 116 373 V.
139 335 209 372 271
234 331 318 388 φοῦ
339 344 382 371 τε
401 325 571 384 γνησίου
594 326 662 369 καὶ
684 325 805 369 θείου
826 324 933 381 πρὸς
949 323 1110 382 πατρὸς
1130 325 1198 367 καὶ
1221 322 1359 368 ἄλλων
1392 325 1560 368 πολλῶν
1588 337 1734 380 συγγε-

232 403 331 452 νῶν,
368 398 435 440 καὶ
455 400 539 440 τῶν
558 395 600 439 ἓν
615 396 822 455 γερουσία.
862 396 927 438 ἐπὶ
949 399 1052 438 πᾶσι
1076 395 1119 437 δ’
1148 395 1278 439 αὐτοῦ
1297 401 1387 446 τοῖς
1406 390 1646 450 ἀτυχήμασι
1666 393 1735 436 καὶ

223 460 304 514 ’τὸν
326 472 492 526 πρῶτον
513 465 621 509 κατὰ
641 469 913 523 Χριστιανῶν
936 465 1163 517 ἐνεδείξατο
1184 465 1367 523 διωγμὸν
1375 498 1389 519 ,
1425 462 1548 522 ἡνίκα
1566 463 1735 521 Πέτρος

232 541 301 585 καὶ
326 542 501 587 Παῦλος
529 535 568 579 οἱ
589 534 804 580 θειότατοι
826 533 1053 580 ἀπόστολοι
1081 540 1140 596 τῷ
1168 534 1272 594 ῦπὲρ
1294 538 1488 594 Χριστοῦ
1512 531 1736 593 μαρτυρή-

232 626 381 659 σαντες
399 605 751 665 κατεστὲφθησαν
781 606 932 663 ἀγῶνι,
973 605 995 650 ὁ
1016 607 1092 662 μὲν
1113 606 1222 650 κατὰ
1252 610 1436 666 κεφαλῆς
1453 605 1766 650 ἀνασκολοπι-5

232 682 373 733 σθεὶς,
412 676 469 729 ὥς
490 677 619 728 αὐτὸς
641 675 887 736 ᾖρετίσατο,
928 675 950 721 ὃ
972 678 1018 721 δὲ
1043 677 1120 734 τὴν
1142 675 1263 735 ἁγίαν
1284 678 1509 734 ἔκτμηθεὶς
1535 674 1736 733 κεφαλὴν,

234 754 436 801 Παῦλος·
474 749 566 805 περὶ
595 742 653 792 ὧν
686 746 708 792 ὅ
736 746 966 804 Ῥωμαϊκὸς
1009 747 1275 806 συγγραφεὺς
1303 745 1611 805 Τερτυλλιανός
1635 743 1737 789 τάδε

193 819 403 881 Βγράφει·
427 817 631 875 ἔνετῦχετε
651 825 741 870 τοῖς
759 817 1058 875 ὑπομνήμασιν
1073 817 1218 875 ὖμῶνς
1256 819 1342 863 ἐκεῖ·
1356 815 1549 875 εὑρήσετε
1568 820 1738 875 πρῶτον

234 893 415 951 Νέρωνα
434 893 562 934 τοῦτο
591 891 907 947 δογματίσαντα
917 923 931 944 ,
969 887 1091 946 ἡνίκα
1109 888 1296 946 μάλιστα
1315 891 1359 933 ἐν
1375 886 1516 947 Ῥώμῃ
1537 886 1614 944 τὴν
1633 886 1739 931 ἀνα-

233 963 361 1020 τολὴν
392 965 535 1006 πᾶσαν
563 958 780 1012 ὖποτάξας
813 959 928 1016 ὠμὸς
959 955 1013 1016 ’ἦν
1038 963 1097 1011 εἷς
1126 959 1289 1011 πάντας
1317 957 1508 1015 ὃιώκτης.
1555 955 1736 1017 τοιούτῳ
1752 966 1798 1001 10

233 1039 312 1092 τῆς
340 1030 550 1082 κολάσεως
582 1029 703 1087 ἡμῶν
738 1030 905 1090 ἀρχηγῷ
936 1029 1210 1087 καυχώμεθα.
1270 1028 1291 1074 ὃ
1323 1030 1404 1088 γὰρ
1435 1028 1555 1080 εἰδώς
1586 1029 1738 1073 ἐκεῖνον

234 1109 385 1162 νοῆσαι
406 1101 584 1146 δύναται
605 1101 680 1146 οῦκ
703 1099 754 1144 ἃν
764 1134 777 1155 ,
818 1103 853 1145 εἰ
879 1101 938 1157 μὴ
957 1101 1150 1159 μέγιστον
1169 1100 1349 1158 ἀγαθῶν
1369 1096 1420 1157 ἦν
1439 1098 1521 1143 ὕπὸ
1542 1099 1740 1158 Νέρωνος

233 1177 558 1232 κατακριθῆναι.
595 1170 732 1229 ταύτῃ
754 1175 854 1229 γοῦν
876 1166 1000 1223 οὗτος
1021 1169 1238 1227 θεομάχος
1254 1173 1297 1216 ἓν
1315 1178 1404 1222 τοῖς
1415 1168 1602 1226 μάλιστα
1622 1174 1740 1228 πρῶ-

234 1264 307 1298 τος
327 1245 635 1301 ἀνακηρυχθεὶς
663 1243 729 1285 ἐπὶ
755 1241 834 1293 τὰς
863 1243 970 1286 κατὰ
995 1247 1080 1286 τῶν
1101 1241 1348 1286 ἀποστόλων
1366 1239 1535 1298 ἐπήρθη
1558 1239 1738 1300 σφαγάς.

233 1320 411 1366 Παῦλος
431 1314 484 1370 δὴ
512 1309 587 1357 οὗν
611 1314 677 1356 ἐπὶ
699 1316 778 1368 τῆς
794 1310 958 1368 Ῥώμης
986 1313 1064 1370 τὴν
1086 1313 1271 1372 κεφαλὴν
1304 1311 1531 1369 ἀπετμήθη
1557 1314 1625 1355 καὶ
1648 1312 1738 1355 Πέ-
1753 1319 1797 1357 15

233 1404 338 1446 τρος
364 1382 567 1435 ὡσαύτως
599 1383 1018 1440 ἀνασκολοπισθῆναι
1052 1384 1152 1428 κατ’
1191 1383 1320 1428 αὐτὸν
1347 1383 1519 1440 λέγεται.
1568 1384 1639 1426 καὶ
1668 1401 1739 1425 πι-

235 1457 414 1502 στοῦταί
437 1473 480 1513 γε
507 1455 584 1512 τὴν
610 1452 843 1512 ἷστοριάνῆ
867 1453 1047 1498 Παύλου
1077 1456 1146 1498 καὶ
1165 1454 1336 1513 Πέτρου
1358 1456 1418 1505 εἷς
1438 1456 1560 1512 δεῦρο
1582 1451 1740 1511 κρατή-

236 1545 351 1573 σασα
374 1528 441 1571 ἕπὶ
459 1530 544 1570 τῶν
569 1523 725 1569 αὐτόθι
743 1527 1024 1583 κοιμητηρίων
1049 1523 1293 1584 πρόρρησις.
1330 1523 1496 1575 τούτοις
1517 1525 1587 1567 καὶ
1611 1521 1742 1574 Γάϊος

80 1612 123 1647 Ρ.
140 1606 210 1646 341
238 1598 466 1657 ἱστορικὸς,
507 1595 614 1655 ἀνὴρ
640 1596 998 1652 ἕκκλησιαστικὸς,
1039 1595 1164 1650 ὅμοια
1188 1594 1339 1655 γράφει
1356 1593 1541 1655 Πρόκλῳ
1566 1596 1646 1639 τινὶ
1664 1599 1742 1651 τῆς

242 1673 424 1728 Φρυγῶν
446 1667 643 1726 αἱρέσεως
669 1665 959 1723 διαλεγόμενος
983 1668 1024 1711 ἐν
1049 1675 1138 1718 τοῖς
1154 1665 1325 1725 χρόνοις
1345 1667 1582 1724 Ζεφυρίνου
1594 1699 1607 1719 ,
1643 1682 1742 1708 πεν-
1760 1675 1800 1710 ΞΕ

238 1739 530 1790 τεκαιδέκατος
559 1741 636 1794 τῆς
656 1735 873 1793 Ῥωμαίων
905 1739 1125 1795 ἐκκλησίας
1156 1739 1381 1789 ἐπίσκοπος
1412 1736 1522 1780 κατὰ
1557 1740 1749 1793 Σεβῆρον

235 1809 453 1868 Ῥωμαίων
476 1805 785 1866 αὐτοκράτορα.
824 1808 903 1866 ἐγὼ
924 1810 970 1853 δὲ
992 1809 1045 1853 τὰ
1067 1806 1253 1868 τρόπαια
1277 1812 1366 1853 τῶν
1389 1804 1636 1852 ἀποστόλων
1654 1806 1746 1863 ἔχω.

336 1925 372 1960 6.
395 1918 591 1969 ᾐρετίσατο
606 1904 654 1957 Ἀ.
677 1917 886 1968 ᾔρει-ἥσατο
899 1921 948 1958 G.
1045 1922 1080 1957 7.
1106 1921 1224 1968 Vulgo
1242 1918 1503 1967 Τερτυλιανὸς.
1601 1921 1638 1956 8.
1661 1919 1751 1954 Vul-

334 1981 381 2016 go
398 1967 578 2016 ἐντύχετε.
674 1967 854 2015 εὑρήσητε
871 1971 912 2005 A.
938 1964 1136 2015 εὑρήσεται
1153 1969 1198 2005 Β.
1307 1970 1363 2006 12.
1386 1967 1561 2015 μέγιστον
1576 1978 1622 2002 ιιι.
1644 1968 1750 2013 μεγί-

335 2030 406 2065 στη
426 2018 474 2053 G.
563 2018 617 2053 17.
642 2013 666 2063 ἡ
686 2016 832 2061 Πέτρου
848 2016 912 2052 καὶ
929 2015 1088 2053 Παύλου
1101 2017 1149 2052 G.
1246 2017 1302 2053 18.
1327 2012 1437 2062 γάϊος
1458 2016 1532 2050 BP.
1558 2013 1682 2056 Γαΐας
1700 2016 1750 2050 G.

338 2066 466 2161 ΣΙβΞΟ.
494 2063 730 2148 Ζέῃυρίνου]
755 2062 797 2107 ὃς
815 2063 958 2112 ἐγένετο
974 2064 1075 2101 addit
1092 2075 1137 2100 m.
1233 2063 1293 2099 21.
1318 2061 1480 2113 σεύηρον
1497 2063 1539 2098 Α.
1563 2061 1750 2110 σεήρονΒ.

376 2126 390 2149 ε
419 2125 512 2161 ηραν
571 2138 580 2147 .

241 2204 322 2241 vita
342 2217 504 2252 germano
522 2205 625 2243 fratri
642 2218 710 2242 nec
729 2218 797 2242 non
817 2209 946 2254 patruo
969 2205 1237 2253 consanguineis
1259 2205 1416 2252 pluribus
1435 2215 1476 2240 ac
1490 2202 1670 2239 senatoria
1693 2202 1750 2237 di-

246 2253 383 2299 gnitate
404 2254 601 2300 conspicuis
616 2254 704 2290 viris
722 2255 905 2301 adempta3
929 2254 1122 2289 sceleribus
1142 2254 1296 2298 cunctis,
1320 2253 1421 2288 velut
1436 2251 1648 2293 coronidem,
1676 2250 1752 2297 pri-

245 2311 335 2335 mam
355 2299 391 2333 in
409 2301 626 2336 Christianos
644 2301 922 2347 persecutionem
948 2301 1103 2343 adiecit,
1127 2312 1195 2346 qua
1214 2301 1342 2336 Petrus
1369 2303 1405 2334 et
1425 2298 1559 2334 Paulus
1583 2298 1667 2332 fidei
1695 2297 1753 2331 vi-

243 2346 359 2382 ctoria
377 2346 531 2382 redimiti
551 2354 654 2391 sunt3
679 2348 735 2382 hic
754 2361 798 2382 ex
816 2348 921 2383 animi
948 2347 1123 2382 desiderio
1150 2347 1267 2392 capite
1293 2348 1435 2381 inverso
1466 2345 1563 2380 cruci
1586 2345 1749 2386 suffixus,

243 2393 305 2429 ille
323 2405 407 2429 vero
419 2419 430 2436 ‚
453 2405 575 2440 nempe
591 2394 721 2430 Paulus
740 2407 840 2429 sacro
860 2394 977 2440 capite
999 2398 1180 2440 amputato
1199 2398 1362 2436 necatus,
1386 2393 1432 2428 de
1456 2393 1584 2440 quibus
1604 2392 1751 2427 Tertul-

242 2441 359 2476 lianus
383 2441 535 2487 scriptor
557 2442 706 2476 Latinus
734 2443 821 2476 haec
846 2442 962 2476 habet.
1012 2441 1271 2476 Commentaria
1297 2446 1421 2476 nostra
1439 2440 1607 2486 legistis?
1639 2440 1678 2474 In
1699 2439 1752 2473 eis

246 2488 314 2523 hoc
328 2488 476 2534 primum
493 2487 668 2523 Neronem
688 2489 900 2524 sancientem
922 2488 1132 2534 reperietis3
1156 2501 1232 2524 cum
1260 2489 1406 2523 maxime
1433 2487 1568 2522 oriente
1586 2485 1752 2521 Romanis

244 2534 384 2580 legibus
402 2535 570 2577 subacto,
595 2536 695 2570 ferox
718 2541 924 2582 persecutor
945 2535 983 2570 in
1007 2547 1123 2570 omnes
1139 2535 1318 2571 insanivit.
1369 2534 1453 2570 Tali
1476 2545 1664 2580 poenarum
1686 2545 1750 2566 no-

246 2586 398 2617 strarum
417 2586 561 2617 auctore
577 2582 776 2628 gloriamur.
827 2583 898 2624 Qui
914 2583 1004 2618 enim
1024 2582 1194 2618 hominem
1211 2582 1373 2625 noverit,
1396 2581 1551 2627 ingentis
1570 2591 1751 2615 successus

246 2629 564 2664 condemnationem
586 2629 661 2665 eius
681 2641 761 2664 esse
782 2634 899 2675 potest
922 2630 1092 2675 cogitare.
1141 2631 1220 2666 Hoc
1249 2634 1353 2677 pacto
1379 2629 1500 2675 itaque
1525 2628 1584 2663 ille
1608 2628 1675 2662 deo
1694 2627 1752 2660 in-

245 2675 367 2711 fensus
387 2677 499 2711 hostis
516 2676 609 2711 inter
627 2675 784 2721 insignes
809 2677 937 2722 primus
956 2677 1180 2712 renunciatus
1211 2678 1255 2712 ad
1279 2676 1510 2723 apostolorum
1539 2674 1751 2721 perpetran-

246 2722 324 2757 dam
343 2724 485 2758 caedem
506 2723 674 2770 impulsus
692 2727 758 2758 est.
807 2724 938 2759 Paulus
954 2724 1062 2769 igitur
1082 2725 1214 2759 Romae
1231 2724 1349 2770 capite
1370 2722 1544 2764 abscisso,
1568 2726 1605 2755 et
1623 2722 1752 2756 Petrus

247 2770 387 2815 pariter
405 2770 519 2805 crucis
544 2770 712 2817 supplicio
743 2770 818 2805 eius
847 2777 1006 2817 tempore
1033 2771 1147 2807 fertur
1175 2772 1380 2812 damnatus3
1401 2773 1442 2805 et
1465 2769 1504 2804 in
1524 2769 1617 2804 hunc
1639 2779 1752 2813 usque

247 2817 340 2851 diem
356 2817 393 2851 in
414 2817 585 2863 sepulcris
605 2829 725 2852 eorum
743 2819 931 2852 encomium
952 2830 1192 2864 perseverans,
1216 2818 1396 2853 historiam
1412 2827 1532 2851 veram
1559 2827 1637 2850 esse
1665 2826 1750 2849 con-

247 2863 374 2898 firmat.
424 2864 492 2899 His
508 2876 576 2899 non
595 2863 765 2900 absimilia
778 2865 889 2900 Caius
907 2865 1092 2900 historicus
1106 2865 1164 2902 vir
1181 2865 1355 2900 ecclesiae
1375 2862 1542 2909 obsequio
1566 2861 1751 2908 mancipa-

245 2913 304 2944 tus
327 2922 402 2945 cum
426 2911 551 2946 Proclo
580 2912 742 2958 quopiam
770 2924 790 2946 e
811 2912 992 2958 Phrygum
1018 2918 1116 2947 secta
1135 2912 1392 2958 disceptatione
1421 2911 1516 2950 edita
1535 2908 1659 2944 scribit
1678 2909 1749 2943 Ze-

247 2956 389 3003 phyrini
406 2958 637 2994 Romanorum
666 2958 837 2996 ecclesiae
862 2958 1039 3007 pontificis
1067 2959 1112 2997 15
1140 2963 1180 2996 et
1196 2957 1323 2996 Severi
1340 2958 1428 3006 Imp.
1449 2962 1620 3003 tempore.
1668 2955 1749 3000 Ego
