1800 3236
257 182 362 235 246
507 168 577 175 ”
722 188 975 238 GEORGII
1002 189 1291 237 SYNCELLI

260 304 331 349 καὶ
342 299 507 362 Ἄαρῶν
522 301 591 352 καὶ
617 304 719 346 πᾶσι
735 307 824 353 τοῖς
841 301 1137 361 πρεσβυτέροις
1147 300 1319 360 Ἰσραὴλ
1330 335 1344 356 ,
1381 300 1480 360 περί
1494 300 1538 347 τε
1555 303 1757 360 δικαστη-

261 374 362 434 ρίων
387 372 556 432 χρηστὰ
584 370 903 430 συμβουλεύσας
935 372 1142 426 ἀνέζευξεν
1172 373 1230 423 εἲς
1260 371 1450 428 Μαδιὰμ
1468 375 1761 431 προπεμφθεὶς

225 443 346 489 Οὗπὸ
379 442 622 494 Μωῢσέως·
658 447 735 487 τοῦ
769 443 816 486 δὲ
845 442 979 499 μηνὸς
1004 446 1080 486 τοῦ
1111 443 1255 500 τρίτου
1283 446 1361 499 τῆς
1387 440 1531 495 ἐξόδου
1555 447 1640 487 τῶν
1658 443 1762 487 υἱῶν

256 514 427 574 Ἰσραὴλ
459 514 504 557 ἐκ
538 517 615 570 γῆς
642 509 864 570 Αἶγῦπτου
877 545 891 566 ,
929 516 981 571 τῇ
1007 510 1145 573 ἡμέρᾳ
1163 510 1297 571 ταύτῃ
1320 507 1459 570 ’ἦλθον
1483 514 1539 564 εἷς
1558 512 1634 569 τὴν
1664 511 1763 570 ἕρη-

261 603 345 644 μον
361 584 439 641 τὴν
457 585 594 637 Σιναῖ·,
637 584 705 626 καὶ
726 582 987 641 παρέβαλλεν
1002 582 1265 640 ἕκεῒἸσραὴλ
1285 583 1501 627 κατέναντι
1523 586 1600 627 τοῦ
1621 581 1794 642 &pom-,5

263 657 335 700 καὶ
362 657 560 711 Μωϋσῆς
588 652 718 710 ἀνέβη
747 653 804 704 εἷς
836 651 884 697 τὸ
920 651 1019 711 ὄρος
1047 656 1124 697 τοῦ
1151 656 1272 697 θεοῦ.
1308 650 1403 697 τότε
1420 654 1768 711 μυσταγωγηθεῖς

262 728 462 782 Μωῢσῆς
478 723 534 768 τὰ
554 722 661 782 πρὸς
680 722 754 768 τὸν
773 722 878 767 λαὸν
897 722 1088 779 καταβὰς
1108 719 1326 780 ἀπήγγειλε
1346 730 1435 774 τοῖς
1451 724 1763 782 πρεσβυτέροις,

225 821 230 823 ἡ
263 800 350 841 τῶν
373 795 420 840 δὲ
437 794 706 850 συνθεμένων
726 791 904 838 ὗπείκειν
924 797 1016 855 θεῷ
1040 792 1150 838 κατὰ
1172 790 1332 848 πάντα,
1371 791 1549 852 ἀνήγαγε
1568 793 1675 853 πρὸς
1693 793 1769 837 τὸν

263 865 370 911 θεὸν
404 864 506 916 τοὺς
539 862 688 923 λόγους
716 863 870 910 αὐτῶν.
908 866 978 908 καὶ
1009 863 1201 920 καταβὰς
1226 861 1352 908 πάλιν
1382 861 1689 923 διεμαρτύρατο
1708 867 1768 924 τῷ

265 940 356 997 λαῷ
387 933 557 980 πάντων
584 938 816 992 μολυσμῶν
847 939 1128 994 καθαρθῆναι
1161 935 1231 978 καὶ
1260 940 1624 993 περιρραντισμοῖς
1653 933 1800 993 ἀφα-Ῑ

262 1008 494 1066 γνίσασθαι
515 1006 649 1064 τρισὶν
673 1003 848 1064 ἡμέραις
868 1004 1148 1063 ἀπεχομένους
1168 1006 1237 1049 καὶ
1256 1009 1332 1049 τοῦ
1351 1002 1503 1062 γάμου.
1541 1004 1664 1064 τῇδὲ
1679 1005 1772 1064 τρί-

264 1095 320 1137 τῃ
347 1074 485 1138 ἡμέρᾳ
511 1075 619 1135 πρὸς
647 1074 811 1136 ὄρθρον
839 1078 977 1136 φωναὶ
997 1077 1066 1120 καὶ
1088 1075 1303 1135 ἀστραπαὶ
1321 1073 1526 1133 γεγόνασι.
1563 1076 1633 1119 καὶ
1651 1074 1772 1133 νεφέ-

230 1139 324 1205 maj
346 1144 570 1206 γνοφώᾷης
590 1147 656 1190 ε’πὶ
674 1150 751 1190 τοῦ
772 1145 912 1206 ὅρους,
951 1144 1009 1198 ὥς
1030 1145 1189 1206 ἀφανὲς
1209 1146 1252 1191 ἒν
1270 1143 1407 1206 κύκλῳ
1427 1149 1504 1190 τοῦ
1528 1143 1655 1204 ὄρους
1670 1143 1776 1189 εἶναι

267 1222 329 1279 τῷ
355 1214 500 1278 γνόφῳ
541 1216 892 1274 συνειλημμένον,
930 1215 1121 1276 φοβεράν
1159 1234 1204 1261 τε
1230 1216 1309 1274 τὴν
1335 1215 1444 1260 θέαν
1474 1216 1656 1272 ἐμποιεῖν
1684 1222 1776 1267 τοῖς

268 1287 400 1347 ὁρῶσι
426 1284 724 1344 καπνιζόμενον
743 1285 880 1347 κύκλῳ
896 1289 996 1347 πυρὶ
1017 1289 1088 1332 καὶ
1106 1284 1331 1346 σάλπιγγος
1354 1284 1634 1347 καταπλήκτῳ
1654 1290 1800 1345 φωνῇ]

266 1355 604 1418 περιηχούμενον.
642 1357 716 1417 ἔφ’
753 1355 817 1409 οἷς
841 1356 953 1410 ἅπας
973 1358 1114 1416 ἐξέστη
1136 1355 1158 1403 ὅ
1180 1357 1283 1409 λαὸς
1302 1356 1588 1414 αὐξανομένης
1604 1354 1777 1416 σφόδρα

268 1433 347 1486 τῆς
375 1433 521 1487 φωνῆς
545 1432 625 1485 τῆς
656 1425 882 1486 σάλπιγγος
908 1429 973 1473 ἐπὶ
1009 1433 1062 1488 τῇ
1096 1426 1328 1482 καταβάσει
1357 1431 1433 1471 τοῦ
1464 1431 1571 1471 θεοῦ
1605 1428 1670 1470 ε’πὶ
1699 1431 1776 1471 τοῦ

268 1498 419 1558 ὅρους,
457 1498 681 1550 Μωϋσέως
715 1515 760 1542 τε
791 1499 1084 1556 διαλεγομένου
1108 1500 1177 1542 καὶ
1209 1502 1287 1544 τοῦ
1306 1501 1412 1542 θεοῦ
1432 1497 1774 1556 ἀποκρινομένου.

268 1567 364 1615 τότε
383 1566 560 1626 ἔλάλησε
576 1566 719 1628 κύριος
740 1567 846 1628 πρὸς
864 1573 1064 1627 ΖΙΊωϋσῆν
1083 1569 1161 1627 τὴν
1184 1567 1359 1626 νομικὴν
1378 1565 1614 1626 δεκάλογον.

118 1644 158 1680 Ρ.
184 1642 248 1682 131
377 1637 419 1683 α’
449 1637 556 1699 Ἐγώ
591 1641 673 1696 εἶμι
697 1636 841 1699 κύριος
870 1637 893 1685 ὅ
925 1637 1028 1693 θεός
1049 1657 1153 1696 σου,
1191 1637 1213 1686 ὅ
1235 1636 1446 1698 ἐξαγαγών
1463 1654 1509 1683 σε
1530 1639 1575 1683 ἐκ
1593 1643 1670 1698 γῆς
1692 1639 1800 1684 AM

273 1707 448 1769 γῦπτου.

369 1776 405 1813 2.
429 1771 763 1822 συμβουλεύσασαν
786 1773 929 1819 ἔζευξεν
947 1775 996 1813 G.
1029 1773 1235 1810 eorrectum
1254 1784 1299 1809 ex
1315 1774 1358 1810 Β.
1461 1775 1498 1813 5.
1522 1772 1595 1822 τήν
1612 1772 1719 1811 σιναῒ
1739 1774 1781 1808 Β.

368 1819 442 1869 τὴν
458 1824 545 1859 σινᾶ
564 1824 607 1859 A.
631 1824 704 1859 τοῦ
725 1820 826 1859 Σινὰ
852 1823 901 1857 G.
996 1823 1032 1861 6.
1058 1823 1230 1868 Μωϋσῆς
1245 1821 1319 1858 ΑΒ.
1345 1822 1490 1868 Μωσῆς
1507 1823 1553 1857 G.
1659 1823 1694 1858 9.
1718 1821 1783 1858 καὶ

370 1881 438 1905 om.
461 1870 509 1905 G.
606 1872 663 1908 10.
686 1882 904 1915 περιραν-
925 1869 969 1905 Α.
1066 1872 1124 1907 11.
1148 1870 1214 1905 καὶ
1237 1881 1304 1905 om.
1334 1871 1381 1905 G.
1490 1871 1547 1907 13.
1570 1866 1692 1916 κύκλῳ
1712 1871 1783 1905 τοῦ

369 1914 487 1962 ὅρους
503 1917 546 1965 Β.
570 1914 695 1966 κύκλῳ
713 1916 758 1954 τὰ
783 1916 873 1964 ὄρος
893 1917 942 1954 G.
1039 1919 1095 1953 16.
1120 1915 1247 1963 ἐξέστη
1266 1917 1343 1952 Bm.
1367 1914 1484 1962 ἐξέστι
1509 1917 1558 1952 G.
1664 1915 1784 1960 αὐξα-

368 1963 510 2010 νομένη
533 1965 577 2003 Α.
695 1966 751 2002 17.
786 1964 848 2001 ἐπὶ
873 1963 958 2009 τοῦ]
984 1961 1046 2001 ἐπὶ
1068 1976 1134 2000 om.
1153 1965 1196 2000 B.
1318 1965 1376 2000 19.
1401 1965 1560 2010 μωῢσῆν
1579 1965 1655 2000 ΑΒ.
1688 1968 1783 2000 ,Μω-

369 2013 439 2060 σῆν
462 2013 511 2047 G.
615 2013 674 2048 20.
699 2011 872 2046 Praefixit
892 2011 928 2044 G
954 2006 1063 2048 οὗτοι
1087 2011 1126 2048 οἱ
1153 2009 1244 2048 δέκα
1263 2009 1369 2059 λόγοι
1391 2007 1460 2055 οὓς
1487 2011 1591 2049 εἶπεν
1611 2011 1742 2060 κύριος
1761 2008 1782 2049 ὁ

368 2058 464 2102 θεὸς
485 2060 540 2107 τῷ
565 2060 690 2107 Μωσῇ
712 2057 752 2096 ἐν
774 2057 854 2106 ὄρει
870 2056 982 2095 Σινά.
1267 2071 1270 2075 ’

280 2129 441 2165 convivio
465 2129 628 2176 datisque
663 2129 709 2164 ad
736 2128 868 2165 iudicia
894 2128 1130 2175 promovenda
1157 2128 1311 2164 consiliis
1332 2129 1497 2173 utilibus,
1522 2129 1561 2165 in
1581 2129 1727 2165 Madian
1763 2143 1786 2166 a

281 2176 385 2212 Mose
413 2177 608 2220 deductus,
632 2188 796 2213 reversus
815 2181 880 2211 est.
928 2175 1053 2211 Tertio
1077 2187 1162 2211 vero
1191 2188 1310 2212 mense
1329 2178 1373 2212 ab
1392 2178 1491 2213 exitu
1511 2177 1660 2213 filiorum
1675 2178 1785 2213 Israel

282 2223 328 2258 de
354 2229 452 2259 terra
479 2224 655 2271 Aegypti,
685 2223 805 2259 eodem
829 2235 898 2269 quo
928 2223 1088 2258 exierant
1117 2222 1195 2266 die,
1219 2228 1390 2260 venerunt
1417 2224 1455 2260 in
1485 2225 1663 2260 desertum
1687 2224 1786 2268 Sina,

283 2270 347 2305 ubi
365 2282 407 2306 ex
423 2272 550 2307 montis
582 2272 732 2307 adverso
757 2271 867 2306 Israel
894 2274 949 2306 est
967 2275 1084 2306 castra
1103 2275 1274 2312 metatus,
1299 2276 1337 2307 et
1360 2271 1479 2308 Moses
1496 2272 1542 2307 ad
1559 2272 1617 2307 dei
1637 2277 1785 2307 montem

283 2318 497 2354 conscendit.
544 2319 648 2353 Tunc
674 2319 793 2354 Moses
813 2317 857 2353 de
886 2317 1040 2363 regendo
1069 2317 1197 2365 populo
1217 2318 1429 2354 caelestibus
1452 2319 1601 2355 oraculis
1617 2319 1785 2362 eruditus,

283 2365 499 2401 descendens
514 2378 534 2401 e
549 2370 664 2401 monte
682 2370 810 2401 cuncta
836 2364 1030 2400 senioribus
1048 2365 1267 2410 enunciavit3
1293 2366 1382 2413 ipsis
1400 2371 1515 2402 autem
1536 2367 1603 2402 deo
1621 2379 1660 2402 se
1681 2367 1787 2402 obse—

283 2416 453 2458 quuturos
484 2413 648 2459 pollicitis
676 2413 720 2448 ad
739 2412 839 2448 deum
871 2424 989 2448 eorum
1009 2413 1119 2447 verba
1139 2413 1272 2450 retulit.
1318 2414 1452 2450 Iterato
1471 2413 1685 2450 descendens
1703 2426 1787 2448 cun-

283 2459 352 2494 ctis
379 2460 540 2495 sordibus
567 2459 755 2507 expurgari
785 2464 822 2495 et
849 2460 1114 2495 lustrationibus
1135 2460 1271 2507 expiari
1298 2460 1458 2507 populum
1477 2464 1515 2496 et
1530 2461 1677 2509 nuptiali
1692 2472 1786 2495 com-

283 2505 413 2541 mercio
440 2507 554 2542 tribus
577 2508 699 2543 diebus
727 2507 910 2542 continere
933 2508 1189 2544 obtestabatur.
1239 2508 1368 2543 Tertio
1395 2520 1480 2544 vero
1503 2508 1562 2543 die
1584 2507 1679 2544 circa
1694 2507 1787 2542 dilu-

284 2553 399 2588 culum
418 2554 535 2590 factae
549 2559 629 2589 sunt
650 2566 756 2590 voces
777 2559 814 2589 et
839 2554 980 2600 fulgura
1001 2559 1039 2590 et
1056 2555 1166 2590 nubes
1190 2554 1382 2602 caliginosa
1400 2567 1507 2602 super
1527 2559 1675 2591 montem
1690 2555 1787 2590 fumo

285 2600 548 2637 circumtectum
575 2605 699 2638 coacta
735 2612 811 2636 eum
847 2601 956 2636 oculis
983 2601 1138 2648 eripuit3
1169 2601 1237 2638 imo
1263 2614 1359 2638 mons
1384 2602 1461 2650 ipse
1484 2601 1696 2637 suffumante
1722 2614 1789 2649 per

283 2658 409 2693 gyrum
425 2647 438 2683 i
466 2660 510 2684 ne
525 2649 675 2684 vallatus
691 2651 728 2684 et
749 2647 902 2683 terribili
921 2649 1028 2683 tubae
1057 2649 1172 2684 sonitu
1192 2654 1420 2698 perstrepens
1438 2652 1556 2692 totus,
1580 2649 1790 2685 horrendum

283 2694 442 2730 cernenti
468 2707 508 2731 us
535 2696 726 2731 exhibebat
751 2695 985 2742 spectaculum
1015 2699 1053 2731 et
1076 2696 1315 2733 invalescente
1340 2697 1452 2744 magis
1483 2708 1525 2732 ac
1549 2697 1659 2743 magis
1682 2698 1790 2731 tubae

283 2740 419 2785 sonitu,
443 2742 510 2778 deo
532 2743 570 2778 in
597 2746 745 2778 montem
772 2741 1024 2785 descendente,
1048 2742 1219 2791 Moseque
1246 2756 1324 2779 cum
1342 2744 1409 2780 deo
1435 2755 1613 2779 sermones
1641 2743 1790 2780 familia-

282 2787 358 2823 rius
385 2790 608 2833 conferente,
631 2790 782 2837 ipsoque
809 2789 965 2824 vicissim
981 2789 1073 2824 Mosi
1101 2791 1342 2839 colloquente,
1366 2802 1412 2838 po
1438 2791 1517 2826 ulus
1541 2791 1653 2827 omnis
1671 2791 1789 2826 stabat

283 2835 407 2871 animis
437 2840 688 2874 consternatus.
737 2837 843 2873 Tunc
875 2836 967 2883 legis
987 2836 1190 2884 decalogum
1221 2838 1386 2875 audiente
1404 2802 1507 2874 1310oe
1524 2838 1684 2875 dominus
1703 2850 1788 2886 pro-

284 2882 477 2919 nunciavit.
977 2906 979 2909 ·

378 2931 407 2969 Ι.
431 2930 510 2979 Ego
543 2942 619 2969 sum
637 2930 795 2969 dominus
817 2928 906 2968 deus
923 2933 1028 2975 tuus,
1052 2930 1114 2979 qui
1132 2931 1236 2968 eduxi
1254 2935 1290 2970 te
1311 2931 1356 2970 de
1373 2934 1472 2971 terra
1487 2931 1656 2981 Aegypti.
1704 2931 1788 2969 Non
