1800 3236
213 156 315 206 642
681 162 932 211 GEORGII
962 162 1250 209 SYNCELLI

214 279 495 335 ρακαλοῦντες
525 273 655 321 αὐτὸν
682 275 910 319 ἐπιστεῖλαι
938 279 999 335 τῷ
1023 272 1186 335 Ἀνάνῳ
1215 273 1365 332 μηκέτι
1392 279 1569 320 τοιαῦτα
1591 273 1729 336 πράτ-

210 360 322 391 τειν·
358 347 468 403 μηδὲ
497 346 577 405 γὰρ
603 346 652 391 τὸ
687 350 856 405 πρῶτον
888 346 1037 404 ὀρθῶς
1069 346 1199 390 αὐτὸν
1229 342 1518 403 πεποιηκέναι’·
1546 349 1665 399 ’τινὲς
1685 348 1731 391 δὲ

211 419 298 466 καὶ,
322 421 382 478 τῷ
403 417 581 476 Ἀλβίνῳ
619 414 961 478 ὖπαντιάζουσιν,
986 415 1071 460 ἀπὸ
1105 408 1181 474 τῆς
1207 411 1523 476 Ἀλεξανδρείας
1556 412 1729 462 ὁδοιπο-

212 491 378 547 ροῦντι,
417 489 484 531 καὶ
510 483 780 531 διδάσκουσιν
803 485 860 538 ὥς
884 486 962 531 οὗκ
983 486 1076 539 ἐξὸν
1097 482 1149 545 ἦν
1165 485 1326 547 Ἀνάνῳ
1341 489 1475 547 χωρὶς
1495 492 1574 546 τῆς
1597 488 1728 533 αὐτοῦ

210 556 378 616 γνώμης
409 559 585 602 καθίσαι
602 557 839 616 συνέδριον.
873 557 1067 612 Ἀλβῖνος
1089 559 1135 602 δὲ
1152 560 1341 610 πεισθεὶς
1374 565 1462 610 τοῖς
1496 560 1754 617 λεγομένοιςΓ

209 627 360 688 γράφει
386 627 482 684 μετ’
517 627 646 687 ὄργῆς
676 632 736 688 τῷ
752 625 912 690 Ἀνάνῳ
934 626 1156 684 λήψεσθαι
1179 629 1286 688 παρ’
1311 628 1444 673 αὐτοῦ
1470 630 1590 681 δίκας
1612 629 1729 674 ἄπει-

211 703 307 743 λῶν.
331 700 399 743 καὶ
415 696 437 743 ὅ
455 698 654 755 βασιλεὺς
668 697 899 758 Ἀγρίππας
920 698 991 742 διὰ
1008 703 1132 744 τοῦτο
1147 703 1223 756 τῆς
1243 697 1551 758 ἀρχιερωσύνης
1571 699 1728 760 ἀφελό-

174 778 340 826 Βμενος
370 768 501 815 αὐτὸν
533 768 723 834 ἄρξαντα
761 773 900 828 μῆνας
926 777 1038 829 τρεῖς
1056 770 1222 828 Ἰησοῦν
1242 769 1316 815 τὸν
1330 770 1582 828 Ἰδαμμαίου
1606 772 1729 816 κατέ-

57 1511 99 1547 Ρ.
125 1510 197 1549 340

211 855 352 898 στησε.

1226 924 1231 938 x

658 960 929 1004 KOEMOY
961 961 1096 1002 ETH
1127 955 1268 1020 ‘eaep‘gyst

573 1045 682 1099 Τῆς,
712 1042 835 1093 θείας
879 1038 1133 1099 σαρκώσεως
1179 1039 1251 1097 ἴτη
1299 1036 1373 1098 ξγ’.

616 1129 683 1175 Τὰ
711 1129 944 1176 ’ὑπόλοιπα
972 1131 1057 1174 τοῦ
1087 1126 1316 1187 Νέρωνος.

285 1204 290 1214 ’
315 1215 467 1277 Νέρων
496 1221 666 1276 πρῶτος
697 1217 806 1262 κατὰ
834 1219 1107 1275 Χριστιανῶν
1132 1214 1306 1273 κινήσας
1339 1214 1521 1273 διωγμὸν
1542 1213 1648 1273 πρὸς
1670 1219 1730 1275 τῷ

210 1289 313 1333 τέλει
343 1293 420 1345 τῆς
452 1289 670 1345 αἰσχίστης
703 1291 810 1345 ζωῆς
831 1289 900 1332 καὶ
918 1288 1138 1344 βασιλείας
1160 1286 1316 1342 αὐτοῦ,
1356 1286 1468 1331 καθ’
1495 1284 1542 1330 ὃν
1561 1286 1730 1344 Πέτρος

211 1361 280 1404 καὶ
313 1362 491 1410 Παῦλος
522 1357 821 1418 ἐμαρτύρησαν
851 1358 892 1402 οἳ
923 1362 1036 1401 θεῖοι
1068 1355 1314 1413 ἀπόστολοι,
1352 1356 1539 1408 πολλοὺς
1560 1359 1630 1401 καὶ
1652 1356 1729 1400 ἄλ-

211 1434 312 1482 λους
330 1433 603 1488 Χριστιανῶν
624 1429 755 1474 ἀνεῖλε
767 1464 782 1485 ,
821 1429 1016 1479 πλείονας
1038 1426 1250 1480 ἔκδιιῦξας.

317 1500 470 1559 Νέρων
490 1500 591 1552 τοὺς
615 1501 763 1552 θείους
786 1497 1050 1550 ἀποστόλους
1071 1499 1237 1557 Πέτρον
1258 1499 1327 1543 καὶ
1346 1501 1527 1542 Παῦλον
1554 1495 1726 1550 ἀνελών,

213 1568 396 1622 πολλούς
428 1588 473 1615 τε
504 1574 777 1630 Χριστιανῶν
818 1571 1075 1629 διαφθείρας
1103 1572 1172 1613 καὶ
1205 1570 1400 1620 πλείονας
1437 1566 1616 1622 διώξας,
1664 1568 1730 1610 ἐπὶ

212 1639 380 1694 τούτοις
400 1642 680 1703 κιθαρῳδίαις
703 1644 772 1686 καὶ
792 1642 1047 1704 τραγῳδίαις
1069 1638 1179 1685 κατά
1201 1658 1246 1685 τε
1265 1637 1430 1697 Ῥώμην
1454 1640 1523 1683 καὶ
1543 1638 1619 1696 τὴν
1634 1636 1731 1681 Ἑλ-

307 1766 343 1802 2.
366 1762 484 1802 αὐτὸν
502 1776 570 1800 om.
590 1765 640 1800 G.
760 1765 797 1802 3.
820 1763 886 1801 καὶ
912 1763 978 1813 τῷ]
1007 1762 1046 1801 ἐκ
1070 1763 1147 1800 ταῖν
1166 1763 1284 1811 vulgo.
1319 1760 1359 1800 ἐκ
1379 1762 1456 1799 τῶν
1474 1760 1576 1818 κατά,
1592 1759 1659 1798 τὸν
1684 1759 1726 1795 B.

374 1810 540 1861 Ἀλβίνῳ]
570 1813 683 1859 Vulgo
708 1813 921 1861 Σαλβίνων.
954 1811 1111 1859 οἳλβίνον
1136 1812 1179 1846 Β.
1291 1809 1325 1847 4.
1360 1807 1497 1856 αὐτοῦ]
1526 1811 1655 1846 αυτ-ὦν
1678 1810 1726 1842 G.

379 1863 415 1897 7.
439 1857 640 1906 ἆελόμενος
664 1859 754 1906 (sic)
772 1861 814 1895 B.
911 1862 946 1899 8.
971 1860 1183 1906 ἰδαμμαίοὺ
1201 1859 1242 1894 Β.
1268 1859 1480 1905 Ιδουμαῖον
1500 1858 1549 1894 G.
1575 1856 1728 1902 Corrige

309 1909 513 1954 Δαμναίου
533 1919 580 1944 ex
597 1908 749 1954 Iosepho
775 1920 812 1956 p.
834 1908 917 1946 976.
1027 1910 1085 1945 12.
1109 1908 1180 1945 τοῦ
1199 1906 1283 1942 add.
1305 1906 1349 1942 B.

216 2025 349 2072 ciisque
369 2025 456 2060 clam
478 2025 524 2061 ad
552 2037 670 2072 regem
697 2024 837 2069 missis,
860 2025 1043 2061 mandaret
1060 2025 1206 2068 Anano,
1230 2036 1274 2059 ne
1309 2021 1392 2070 quid
1421 2021 1593 2076 deinceps.
1614 2019 1728 2055 simile

215 2073 416 2115 moliretur,
439 2076 715 2119 suggesserunt3
741 2084 817 2108 nam
847 2085 912 2109 nec
934 2073 1052 2120 priora
1079 2074 1167 2109 haec
1198 2077 1296 2108 recte
1328 2069 1482 2117 gessisse
1505 2068 1727 2103 mamfestum

216 2123 305 2154 erat.
353 2120 523 2155 Nonnulli
543 2132 681 2167 quoque
700 2120 860 2156 Albinum
880 2120 1125 2156 Alexandriam
1149 2119 1342 2155 venientem
1361 2117 1499 2153 obviam
1518 2115 1605 2150 facti
1633 2126 1728 2169 com-

216 2170 375 2209 monent,
401 2172 437 2202 et
455 2169 590 2215 absque
610 2179 725 2203 eorum
745 2179 915 2202 consensu
933 2168 1118 2203 concilium
1137 2168 1258 2202 Anano
1277 2175 1472 2201 convocare
1490 2163 1589 2197 nefas
1609 2161 1730 2196 clami·-

216 2215 307 2249 tant.
355 2214 422 2249 His
448 2221 560 2250 motus
583 2214 730 2250 Albinus
757 2215 838 2250 stilo
869 2215 1012 2250 duriore
1040 2220 1077 2251 et
1104 2214 1208 2250 bilem
1228 2213 1410 2249 redolente
1437 2209 1562 2245 scribit
1591 2210 1727 2250 Anauo,

219 2263 256 2295 et
279 2271 411 2307 poenas
444 2261 488 2296 de
508 2262 568 2296 illo
595 2274 633 2296 se
662 2266 877 2308 sumpturum
907 2263 1058 2297 minatur
1089 2266 1126 2297 et
1148 2261 1310 2306 Agrippa
1334 2270 1397 2293 rex
1423 2268 1498 2292 eam
1520 2258 1565 2292 ob
1587 2266 1726 2291 causam

218 2306 444 2354 pontificatu,
469 2308 525 2343 cui
550 2320 685 2344 menses
715 2312 789 2344 tres
821 2309 1046 2356 praefuerat,
1071 2321 1112 2345 eo
1140 2308 1325 2349 abdicato,
1349 2306 1464 2341 Iesum
1493 2315 1625 2350 genere
1643 2303 1727 2338 Idu-

218 2365 351 2390 maeum
371 2354 405 2390 ei
423 2355 640 2402 subrogavit.

690 2434 847 2478 ANNI
874 2437 1072 2478 MUNDI
1101 2437 1229 2482 5563.

640 2506 802 2543 Dwmffl
836 2506 1122 2542 Incmnnxoms
1154 2516 1215 2541 AN.
1241 2505 1299 2543 63.

702 2567 873 2620 Reliqua
902 2567 1075 2607 Neronis
1106 2572 1229 2619 gesta.

312 2632 412 2669 Nero
436 2633 532 2670 circa
558 2633 781 2670 foedissimae
809 2647 893 2669 suae
917 2636 1015 2671 vitae
1043 2633 1249 2681 imperiique
1271 2632 1376 2668 finem
1395 2629 1671 2679 persecutionem
1688 2630 1724 2665 in

218 2679 440 2717 Christianos
457 2681 591 2727 primus
609 2687 744 2725 movet,
770 2694 839 2728 qua
858 2683 986 2718 Petrus
1006 2688 1042 2718 et
1060 2682 1194 2717 Paulus
1217 2680 1330 2715 divini
1350 2679 1499 2726 apostoli
1518 2678 1723 2723 martyrium

218 2728 424 2771 subierunt3
449 2729 724 2764 Christianorum
751 2741 889 2777 quoque
910 2730 998 2765 alios
1027 2730 1151 2765 multos
1173 2728 1339 2770 sustulit,
1362 2726 1480 2774 plures
1506 2725 1544 2760 in
1566 2724 1723 2760 exsilium

219 2775 305 2820 egit.

312 2821 411 2857 Nero
436 2821 565 2858 divinis
594 2826 707 2870 apost.
732 2822 840 2858 Petro
864 2826 902 2858 et
922 2823 1031 2859 Paulo
1059 2822 1278 2862 interfectis,
1303 2819 1464 2868 pluribus
1491 2818 1596 2855 etiam
1619 2818 1724 2853 Chri-

217 2867 408 2904 stianorum
444 2869 563 2905 ultimo
602 2870 771 2917 supplicio
797 2869 964 2913 affectis,
998 2869 1153 2916 plurimis
1190 2867 1311 2905 exsilio
1353 2867 1543 2914 relegatis,
1583 2866 1724 2901 cithara

216 2915 445 2963 cantibusque
470 2927 546 2953 cum
563 2917 695 2954 Romae
721 2921 801 2954 tum⁴
823 2929 889 2966 per
907 2917 1094 2954 Graeciam
1122 2928 1255 2960 ovans,
1279 2915 1380 2951 vario
1400 2926 1538 2962 quoque
1559 2924 1722 2949 curruum

1745 972 1789 1006 10

1744 1365 1787 1401 15
