1800 3236
150 113 152 115 ’
214 138 319 187 606
661 142 916 189 GEORGII
944 143 1233 190 SYNCELLI

383 251 387 255 ¹
456 251 461 258 ’
495 259 565 308 To?
592 258 822 308 ὑπόλοιποι
846 259 1058 319 Ἡρώδου
1087 262 1196 308 υἷοῦ
1221 259 1447 321 Ἡρώδου.
1486 253 1489 256 ”
1544 286 1547 290 <
1591 252 1598 256 Χ
1668 255 1671 258 ’

176 364 209 400 c
637 351 684 394 K
698 351 848 394 οΣΜ
862 351 899 393 ο
915 352 956 393 Y
984 352 1025 392 E
1036 353 1141 394 ΤΗ
1169 349 1317 413 ,εφλβὶ

691 446 784 500 Τῆς
805 440 1057 502 σαρκώσεως
1077 442 1148 502 ἴτη
1170 443 1252 500 λβ’.

246 568 252 571 .
312 522 510 582 Ἰωάννην
520 525 596 569 τὸν
612 525 854 583 βαπτιστὴν
874 527 944 569 καὶ
963 524 1209 585 πρόδρομον
1223 529 1482 584 βαπτίζοντα
1492 528 1535 572 ἓν
1546 531 1606 588 τῷ
1618 525 1727 571 ῧδα-

209 616 249 643 τι
277 599 335 648 εἷς
359 594 587 652 μετάνοιαν
607 598 676 639 καὶ
697 600 758 656 τῷ
779 597 822 640 ἓν
845 595 1051 653 πνεύματι
1072 600 1336 655 βαπτίσματι
1361 601 1762 659 προοδοποιοῦντα5

208 668 257 712 τὸ
286 671 363 712 τοῦ
396 667 506 711 κατὰ
533 667 727 725 Χριστὸν
759 667 996 725 εὐαγγελίου
1030 666 1226 727 κήρυγμα
1257 670 1374 728 παρὰ
1401 668 1571 714 πάντων
1605 687 1649 713 τε
1671 667 1729 721 ὥς

207 736 432 797 προφήτην
464 736 700 794 τιμώμενον
732 736 1000 796 φοβούμενος
1032 737 1230 798 ἸΙρώδης
1270 740 1428 785 ἀνεῖλεν
1471 739 1630 795 οὕτως,
1671 738 1730 791 ὥς

204 806 438 866 Ἰώσηππός
457 825 610 867 φησιν,
651 806 709 859 ὥς
729 810 774 852 δὲ
800 807 821 853 ὃ
850 813 969 861 θεῖος
991 809 1280 868 εὖαγγελιστὴς
1303 810 1599 870 ἀκριβέστερόν
1621 828 1728 870 φησι

209 882 279 924 καὶ
310 877 367 930 ὥς
395 879 617 937 ἐλέγχοντα
650 879 780 923 αὐτὸν
803 880 868 923 ἐπὶ
897 882 1062 943 μοιχείᾳ
1091 886 1169 938 τῆς
1193 882 1389 940 γυναικὸς
1414 884 1627 926 Φιλίππου
1648 886 1726 926 τοῦ

209 950 398 1009 ἀδελφοῦ
429 951 560 995 αὐτοῦ
579 948 858 1010 Ἡρωδιάδος.
1739 963 1787 999 10

663 1070 936 1113 ΚΟΣΜΟΥ
965 1071 1101 1112 ΕΤΗ
1130 1067 1273 1132 ,εφλγῖ

170 1172 205 1208 D
269 1165 274 1171 '
572 1166 618 1205 Τ
614 1166 664 1220 ἥς
707 1163 832 1214 θείας
877 1161 1128 1221 σαρκώσεως
1181 1163 1251 1221 ἴτη
1291 1162 1367 1223 λγ’.

311 1242 381 1287 ’.Εν
401 1241 540 1304 τούτῳ
561 1249 621 1305 τῷ
645 1243 774 1306 ,εφλῆβ
797 1244 875 1289 ἔτει
897 1245 978 1290 ἀπὸ
1003 1246 1175 1298 κτίσεως
1192 1244 1352 1303 κόσμου
1362 1281 1376 1302 ,
1416 1244 1517 1304 ὅπερ
1545 1251 1622 1303 τῆς
1647 1264 1725 1290 κα-

207 1313 263 1359 τὰ
283 1312 423 1373 σάρκα
443 1319 519 1359 τοῦ
543 1320 736 1374 σωτῆρος
755 1314 876 1372 ἡμῶν
898 1314 1062 1373 ἡλικίας
1081 1315 1142 1375 λγ’
1163 1316 1325 1376 ’ὑπῆρχε
1336 1351 1350 1372 ,
1389 1322 1466 1375 τῆς
1488 1318 1534 1361 δὲ
1563 1315 1618 1361 ια’
1648 1335 1725 1361 πε-

209 1382 354 1442 ριόδου
387 1390 473 1429 τῶν
503 1384 606 1445 φλβ’
632 1390 837 1430 κυκλικῶν
859 1388 963 1431 ἐτῶν
985 1385 1081 1445 σιγ’,
1120 1388 1229 1432 κατὰ
1249 1389 1298 1432 τὸ
1318 1386 1381 1433 ιθ’
1404 1387 1497 1440 ἔτος
1527 1390 1724 1446 Τιβερίου
1739 1394 1783 1432 15

206 1457 455 1514 Καίσαρος,
494 1454 516 1500 ὅ
539 1454 682 1516 κύριος
702 1455 823 1514 ἡμῶν
844 1459 913 1501 καὶ
936 1458 1039 1509 θεὸς
1055 1458 1220 1515 Ἰησοῦς
1245 1458 1267 1504 ὃ
1295 1459 1513 1518 Χριστὸς,
1554 1457 1576 1503 ὃ
1602 1457 1726 1517 φύσει

206 1526 436 1584 μονογενὴς
445 1561 458 1581 ,
499 1524 521 1571 ὃ
543 1525 769 1583 ὃμοούσιος
787 1532 865 1572 τοῦ
890 1527 1113 1586 ἀγεννήτου
1138 1530 1324 1587 πατρὸς,
1358 1530 1451 1582 υἱὸς
1473 1528 1726 1589 προαιώνιος

208 1599 277 1641 καὶ
300 1599 515 1650 συναί’”διος
537 1603 596 1659 τῷ
627 1597 840 1659 ὅμοουσίῳ
874 1597 1107 1656 πνεύματι,
1148 1599 1170 1645 ὅ
1209 1599 1268 1653 εἷς
1303 1605 1380 1658 τῆς
1414 1601 1613 1645 ἆκτίστου
1654 1602 1725 1644 καὶ

207 1673 475 1728 παντουργοῦ
499 1667 696 1728 τριάδος,
721 1669 829 1726 μετὰ
849 1669 927 1727 τὴν
952 1672 995 1714 ἐκ
1018 1671 1236 1730 παρθένου
1260 1676 1478 1732 θεοπρεπῆ
1498 1673 1567 1716 καὶ
1587 1669 1723 1729 ἀπόρ-

207 1756 336 1798 ρητον
362 1739 576 1798 γέννησιν,
612 1742 682 1784 καὶ
705 1741 753 1785 τὸ
783 1739 868 1785 ὑπὸ
888 1739 1086 1786 Ἰωάννου
1120 1744 1164 1786 ἐν
1187 1741 1380 1803 Ἰορδάνῃ
1409 1741 1633 1799 βάπτισμα
1653 1744 1783 1786 anaizo

302 1838 340 1876 4.
366 1838 407 1876 ἐν
424 1840 492 1888 τῷ]
520 1839 561 1878 ἐν
581 1852 648 1876 om.
670 1841 718 1877 G.
847 1843 882 1878 6.
916 1841 990 1877 τοῦ
1009 1842 1129 1878 addidi
1148 1855 1192 1878 ex
1210 1843 1253 1878 Β.
1381 1845 1415 1881 7.
1441 1840 1507 1889 ὥς]
1533 1840 1553 1880 ὁ
1579 1842 1627 1879 G.

302 1889 337 1925 8.
363 1900 503 1935 φησιν,
539 1885 591 1931 ὥς
616 1886 659 1925 δὲ
674 1909 720 1915 -
740 1885 1003 1938 ἀκριβέστερον
1022 1890 1143 1925 addidi
1161 1902 1206 1926 ex
1227 1891 1271 1927 Β.
1366 1894 1403 1930 9.
1428 1891 1561 1939 μοιχίᾳ
1583 1892 1627 1926 Β.

303 1937 362 1996 13.
388 1935 470 2019 ἒτᾶς
489 1936 561 1972 ΑΒ.
589 1935 663 1973 ἔτει
683 1938 732 1973 Gr.
839 1940 897 1976 13.
921 1935 1020 1975 κατὰ
1042 1936 1164 1985 σάρκα
1184 1951 1250 1974 om.
1269 1938 1318 1975 G.
1431 1940 1489 1977 15.
1521 1940 1594 1976 τοῦ
1615 1939 1723 1987 Τιβε-

300 1996 388 2029 ριου
454 2010 464 2020 .

447 2067 622 2109 Herodis
653 2069 821 2110 alterius
850 2069 1027 2110 Herodis
1055 2070 1133 2110 filii
1162 2071 1326 2112 residua
1354 2077 1479 2124 gesta.

694 2140 843 2181 ANNI
873 2141 1077 2181 MUNDI
1107 2142 1232 2187 5532.

634 2207 798 2244 Dlvmffl
824 2209 1116 2246 INcARNA'rIoNIs
1149 2222 1212 2247 AN.
1237 2211 1294 2248 32.

305 2262 468 2301 Ioannem
485 2265 677 2313 baptistam
695 2272 733 2303 et
751 2279 1015 2314 praecursorem
1031 2268 1270 2314 poenitentiae
1289 2267 1498 2315 baptismum
1521 2280 1614 2316 aqua
1631 2280 1722 2316 per-

208 2310 382 2347 ficientem
407 2318 444 2347 et
471 2314 648 2360 spirituali
679 2316 854 2361 baptismo
877 2316 1050 2362 evangelii
1075 2316 1208 2351 Christi
1227 2316 1481 2363 praedicationi
1506 2317 1599 2352 viam
1628 2322 1721 2352 ster-

208 2364 370 2402 nentem,
394 2360 492 2395 velut
526 2363 733 2407 prophetam
765 2363 810 2397 ab
839 2364 996 2398 omnibus
1029 2363 1186 2398 habitum
1209 2364 1372 2399 Herodes
1397 2366 1534 2400 veritus
1561 2377 1581 2399 e
1604 2364 1719 2399 medio

209 2407 371 2450 sustulit3
394 2407 447 2442 ita
462 2408 573 2444 refert
590 2410 781 2455 Iosephus,
806 2411 900 2457 quod
919 2410 1083 2446 adulterii
1105 2410 1143 2446 in
1161 2411 1398 2448 Herodiadem
1417 2412 1575 2462 Philippi
1598 2411 1721 2448 fratris

209 2465 365 2503 uxorem⁴
375 2454 518 2492 admissi
537 2468 616 2492 eum
630 2459 809 2503 argueret.

687 2530 840 2572 ANNI
869 2528 1081 2572 MUMDI
1110 2531 1238 2576 5533.

631 2597 795 2634 DIVINAE
820 2599 1111 2636 IncARNA'rIoms
1144 2611 1206 2636 AN.
1231 2601 1292 2638 33.

298 2655 487 2693 Praesenti
504 2669 526 2694 a
545 2657 663 2694 mundi
681 2658 822 2694 conditu
843 2671 931 2695 anno
956 2661 1051 2698 5533
1063 2686 1074 2703 ‚
1098 2657 1158 2706 qui
1175 2658 1362 2695 salvatoris
1377 2657 1506 2695 aetatis
1523 2659 1571 2696 33
1588 2660 1719 2701 exstat,

205 2701 428 2741 circularium
450 2717 614 2741 annorum
629 2707 719 2749 532,
745 2707 882 2752 periodi
903 2710 968 2751 11,
994 2720 1084 2743 anno
1100 2707 1184 2750 213,
1207 2707 1348 2743 Tiberii
1365 2705 1530 2742 Caesaris
1554 2707 1619 2749 19,
1652 2705 1719 2740 do-

205 2751 317 2787 minus
337 2756 457 2788 noster
479 2756 517 2789 et
543 2753 630 2789 deus
646 2753 809 2789 Christus
826 2755 944 2798 Iesus,
969 2755 1029 2802 qui
1047 2759 1174 2791 natura
1205 2754 1408 2801 unigenitus
1438 2758 1476 2790 et
1502 2753 1608 2789 unius
1637 2764 1718 2788 cum

206 2797 364 2843 ingenito
381 2804 484 2847 patre
505 2805 672 2844 naturae,
696 2801 789 2837 filius
807 2806 889 2837 ante
906 2803 1057 2846 saecula,
1081 2807 1117 2839 et
1135 2801 1276 2848 spiritui
1293 2801 1447 2837 eiusdem
1475 2812 1552 2836 eum
1570 2812 1613 2836 eo
1633 2801 1718 2834 sub-

208 2845 361 2881 stantiae
381 2852 586 2884 coaeternus
600 2874 612 2892 ,
644 2849 821 2885 increatae
849 2852 886 2885 et
914 2851 1063 2886 omnium
1095 2849 1231 2896 opificis
1257 2848 1429 2884 trinitatis
1458 2859 1530 2884 una
1552 2855 1716 2895 persona,

208 2897 291 2939 post
314 2905 475 2932 arcanum
507 2900 545 2932 et
563 2895 628 2933 deo
650 2908 843 2943 congruum
860 2910 905 2934 ex
922 2898 1063 2945 virgine
1085 2902 1202 2934 ortum
1230 2900 1266 2932 et
1293 2897 1502 2944 baptismum
1527 2895 1565 2931 in
1590 2894 1716 2931 Iorda-
