1800 3236
214 192 318 243 238
683 198 941 246 GEORGII
968 197 1255 248 SYNCELLI

211 305 377 372 χρόνων
407 304 478 356 καὶ
512 308 741 370 Φορωνέως
770 311 828 362 εἷς
857 310 912 355 τὰ
948 309 1168 366 μετέπειτα
1191 309 1373 370 φέρεται.
1412 310 1478 355 διὸ
1500 311 1569 354 καὶ
1588 308 1715 355 Πλά-

214 400 302 428 των
331 383 375 427 ἓν
405 382 572 441 Τιμαίῳ
605 385 666 442 τῷ
689 380 868 441 διαλόγῳ
891 385 976 425 τῶν
1013 381 1243 439 Φορωνέως
1267 381 1535 438 ἐπιμέμνηται
1551 379 1716 438 χρόνων

215 451 275 505 ὥς
302 451 411 497 πάνυ
441 455 631 496 παλαιῶν
649 453 718 495 καὶ
741 450 907 508 Νιόβης
926 452 994 494 καὶ
1013 455 1089 495 τοῦ
1110 451 1218 495 κατὰ
1228 451 1408 510 ’Ώγυγον
1433 449 1716 509 ἀρχαιοτάτου

149 547 152 551 ’
216 526 539 580 κατακλυσμοῦ,
578 520 626 573 ὃς
651 521 809 579 λέγεται
828 521 937 565 κατὰ
960 521 1162 581 Φορωνέα
1184 523 1253 565 καὶ
1262 521 1415 567 ’Άπιδα
1433 523 1642 581 γενέσθαι.

850 615 1077 660 Θεσσαλία.
1719 626 1744 664 5

179 706 211 742 C
323 695 451 741 Κατὰ
475 692 653 748 τούτους
674 695 774 748 τοὺς
788 693 970 754 χρόνους
991 700 1158 755 πρῶτος
1177 695 1416 752 ἐβασίλευσε
1439 698 1674 748 Θεσσαλίας
1695 694 1717 740 ὃ

215 771 260 813 Γ
255 772 400 828 ραικοῦ
422 774 520 819 παΐς
543 766 759 819 Θὲσσαλος
769 801 783 822 ,
821 766 903 826 ἀφ’
930 761 977 811 οὗ
999 769 1066 812 καὶ
1086 765 1112 824 ἦ
1127 764 1249 824 χώρα
1272 767 1348 818 ἕως
1365 772 1438 811 νῦν
1460 765 1714 823 ὠνόμασται.

311 837 492 896 ’Ώγυγος
523 842 689 896 πρῶτος
720 838 917 891 βασιλεὺς
942 837 1114 895 Ἀκτῆς,
1152 842 1228 894 τῆς
1251 842 1326 882 νῦν
1352 836 1568 895 Ἀττικῆς,
1614 834 1717 881 τοῦ-

214 926 304 961 τοις
322 915 411 961 τοῖς
427 905 596 968 χρόνοις
618 909 867 968 ἕγνωρίζετο.
1308 961 1310 963 ¹

64 1019 108 1057 v,
134 1021 201 1060 101
572 1006 574 1008 ’
770 1001 951 1060 ’Ώγυγος
969 1000 1012 1045 ἐν
1027 999 1165 1060 Ἀκτῇ.
1715 1007 1774 1064 210

325 1080 550 1142 Τριτῶνιὸι
571 1074 695 1143 λίμνῃ
709 1083 873 1141 Ἀθηνᾶ
895 1083 1001 1141 παρ’
1025 1081 1221 1139 ’Ἑλλησιν
1246 1078 1493 1141 ὠνομάσθη.

324 1159 518 1211 Τελχῖνες
537 1156 606 1199 καὶ
623 1152 863 1215 Καροιάται
883 1153 990 1214 πρὸς
1015 1153 1217 1213 Φορωνέα
1236 1155 1305 1197 καὶ
1321 1153 1598 1214 Παρρασίους
1617 1153 1715 1198 ἐπο-

218 1223 416 1283 λε’μησαν.

717 1303 1036 1374 ΚοΣΜοΥ
1063 1329 1224 1372 ΕΤΗ.

323 1421 548 1474 ,Μωῢσέως
571 1421 641 1479 ἔτη
668 1419 745 1481 ρκ’.
772 1426 849 1466 τοῦ
876 1423 921 1466 δὲ
945 1418 1104 1477 κόσμου
1130 1415 1182 1477 ἦν
1217 1418 1310 1473 ἔτος
1331 1417 1480 1484 Ιγψλζ.
1726 1426 1772 1465 15

326 1497 402 1553 Τῷ
423 1491 548 1554 Ιγωις’
577 1493 654 1537 ἔτει
683 1496 759 1536 τοῦ
783 1490 967 1547 κόσμου,
1012 1491 1232 1542 Μωϋσέως
1251 1490 1319 1546 π’,
1357 1490 1623 1549 πληρωθέντι
1648 1491 1718 1534 καὶ

177 1562 442 1624 Βᾶρξαμένῳ
471 1561 569 1618 πα’,
609 1561 755 1621 πρώτῃ
786 1560 923 1623 ἡμέρᾳ
952 1565 1037 1606 τῶν
1064 1559 1232 1617 ἀζύμων
1242 1595 1256 1617 ,
1294 1561 1403 1605 κατὰ
1436 1561 1514 1617 τὴν
1543 1559 1718 1617 σελήνην

215 1633 297 1689 ιδ’,
335 1631 544 1691 μεσούσης
574 1638 650 1690 τῆς
673 1633 849 1687 νυκτὸς,
888 1629 1029 1691 κύριος
1061 1630 1238 1684 ἐπάταξε
1266 1636 1350 1676 πᾶν
1378 1629 1646 1690 πρωτότοκον
1675 1633 1719 1675 ἐν

215 1709 267 1765 γῇ
290 1702 496 1765 Αἰγύπτῳ
505 1737 520 1758 ,
560 1704 641 1748 ἀπὸ
671 1701 940 1763 πρωτοτόκου
969 1706 1132 1762 Φαραῶ
1161 1706 1237 1746 τοῦ
1267 1702 1510 1760 καθημένου
1543 1703 1609 1745 ἐπὶ
1640 1705 1716 1746 τοῦ

311 1818 348 1855 3.
365 1817 514 1864 νηωβῆς
529 1816 571 1852 Α.
665 1816 700 1853 5.
718 1815 832 1860 Vulgo
848 1811 1045 1851 Θεσσάλιοι.
1138 1816 1173 1852 6.
1196 1814 1416 1860 Θεσσαλίας]
1443 1815 1656 1852 &sacocum
1666 1814 1715 1850 G.

382 1866 417 1901 7.
453 1861 477 1911 ἡ
503 1876 569 1899 om.
590 1864 638 1899 G.
745 1865 800 1899 11.
822 1859 888 1898 Ἐν
915 1860 1115 1908 Τριτώνιδι
1133 1874 1177 1899 m.
1279 1865 1336 1899 12.
1363 1861 1587 1907 καρροιάται
1604 1863 1646 1897 Β.

313 1909 524 1957 παρασιοὺς
544 1912 586 1945 Β.
709 1908 765 1946 14.
791 1907 854 1955 ἔτη
872 1911 948 1945 Bm.
976 1911 1121 1945 ΕΤΟΣ
1143 1910 1191 1946 G.
1315 1910 1372 1946 15.
1395 1907 1442 1957 ἦν
1463 1908 1557 1957 ἔτοςζ
1566 1909 1646 1947 add.
1672 1909 1716 1946 B.

383 1960 439 1995 17.
462 1956 605 2006 πρώτῃ]
631 1955 819 2005 ἀρξαμένῃ
837 1958 884 1992 G.
915 1956 1008 1993 Vide
1024 1956 1140 1992 Exod.
1161 1956 1256 2000 XII,
1279 1958 1339 1993 29.

221 2062 266 2098 ab
283 2061 405 2098 Inachi
442 2066 478 2098 et
494 2062 667 2098 Phoronei
691 2072 836 2108 moxque
859 2061 1015 2108 sequutis
1041 2060 1254 2107 temporibus
1286 2060 1479 2106 contigisse
1508 2059 1718 2108 praedican-

221 2114 289 2144 tur.
338 2110 426 2144 Eam
446 2112 489 2145 ob
517 2122 589 2145 rem
607 2108 779 2145 Phoronei
797 2120 839 2143 ac
859 2109 994 2144 Niobes
1018 2112 1227 2155 temporum,
1251 2110 1291 2142 ut
1307 2113 1522 2143 vetustarum
1544 2119 1658 2143 rerum
1679 2111 1717 2141 et

223 2157 454 2203 antiquissimi
485 2157 607 2193 diluvii
638 2156 759 2203 Ogygi
790 2159 997 2202 tempestate
1028 2156 1117 2201 visi,
1149 2155 1394 2202 Phoroneique
1427 2160 1464 2191 et
1492 2155 1580 2202 Apis
1606 2152 1715 2191 aetati

220 2203 412 2251 adscripti,
436 2204 539 2240 Plato
561 2204 712 2240 meminit
730 2203 767 2238 in
787 2203 932 2239 Timaeo
953 2202 1105 2250 dialogo.

826 2273 1019 2310 Thessalae
1039 2285 1108 2309 res.

315 2331 646 2389 Temporibus-istis
670 2332 852 2370 Thessalis
878 2333 1008 2381 primus
1030 2331 1215 2380 imperavit
1237 2331 1432 2369 Thessalus
1459 2328 1594 2365 Graeci
1609 2327 1716 2371 filius,

222 2389 246 2415 a
263 2390 332 2426 quo
350 2383 417 2415 toti
436 2392 569 2426 regioni
588 2392 720 2416 nomen.
903 2390 905 2393 ’

218 2426 466 2509 ὺηωῖἕὲςυε
484 2427 614 2475 primus
631 2429 757 2472 Actes,
782 2439 874 2476 quae
890 2439 982 2464 nunc
1005 2426 1143 2471 Attica,
1165 2438 1232 2463 rex
1248 2426 1372 2463 iisdem
1393 2423 1607 2473 temporibus
1623 2422 1717 2459 ‹zele-¹

804 2533 955 2580 Ogygus
974 2532 1012 2569 in
1031 2533 1131 2570 Acte.

312 2591 347 2627 A
365 2588 549 2627 Tritonide
570 2589 649 2626 lacn
667 2590 850 2627 Minervae
870 2604 991 2628 nomen
1011 2593 1246 2639 imposuerunt
1264 2589 1407 2627 Graeci.

313 2637 503 2675 Telchines
519 2641 557 2674 et
575 2639 686 2674 Cares
705 2639 890 2675 Phoroneo
911 2640 1184 2687 Parrhasiisque
1200 2639 1324 2677 bellum
1340 2637 1505 2675 inferunt.

767 2723 924 2764 ANNI
960 2724 1183 2765 MUNDI.

314 2788 426 2825 Mosis
445 2789 525 2826 anni
545 2791 613 2827 120
632 2801 654 2826 a
669 2790 784 2826 mundi
803 2792 897 2829 3737
915 2790 1097 2839 incipiunt.

314 2838 412 2873 An'no
440 2837 559 2874 mundi
589 2838 703 2881 3816,
743 2838 857 2874 Mosis
888 2840 936 2875 80
962 2839 1132 2885 completo
1159 2838 1297 2885 iamque
1321 2837 1366 2874 81
1391 2835 1551 2883 incepto,
1594 2837 1717 2871 exorto

223 2882 432 2928 Azy-morum
453 2886 535 2928 die,
558 2884 641 2920 luna
660 2884 707 2923 14
734 2890 836 2922 nocte
864 2885 996 2930 media,
1021 2886 1197 2933 percussit
1213 2885 1370 2920 dominus
1389 2895 1487 2919 omne
1504 2881 1718 2931 primogeni-

223 2933 297 2966 tum
316 2931 355 2967 in
372 2935 470 2970 terra
487 2933 663 2981 Aegypti,
686 2943 709 2970 a
726 2933 919 2971 Pharaonis
939 2934 978 2970 in
994 2934 1123 2970 throno
1141 2931 1295 2970 sedentis
1318 2931 1567 2980 primogenito,
1590 2930 1636 2967 ad
1656 2939 1718 2965 ca-
