1800 3236
543 181 1079 230 CHRONOGRAPHIA.
1463 175 1567 225 313

27 338 29 340 -
69 299 294 361 στρατείαν
310 294 528 358 γενῦμενος
544 292 735 353 συνήθης
750 298 811 356 τῷ
831 296 1055 354 στρατηγῷ
1077 295 1164 337 τῶν
1180 293 1465 348 Βαβυλωνίων
1484 292 1562 338 ὕπ’

69 373 225 416 ἐκείνου
263 366 511 429 παρεκλήθη
554 370 787 412 καταλῦσαι
825 365 903 422 τὴν
933 369 1019 409 τῶν
1041 364 1272 422 Ἀσσυρίων
1302 361 1565 421 ἦγεμονίαν.”

68 446 207 486 ταῦτα
239 438 264 485 ὅ
282 437 504 497 Διόδωρος
520 439 612 495 περὶ
634 442 711 494 τῆς
735 432 1101 492 Σαρδαναπάλλου
1138 438 1458 493 καταστροφῆς,
1497 437 1567 478 καὶ

71 510 137 556 ὅτι
166 508 225 555 λε’
250 509 334 554 dmi
364 510 497 553 Νίνου
524 508 660 566 γέγονε
686 505 884 563 βασιλεὺς
907 505 1162 564 Ἀσσυρίων,
1200 502 1249 548 ὃν
1274 509 1444 560 πρῶτον
1463 502 1565 549 εἶναι

42 588 65 622 ὁ
71 581 248 637 βασιλέα
274 584 362 624 τῶν
394 578 535 623 αὐτῶν
562 577 794 636 Ἀσσυρίων
822 574 1049 635 προλαβὼν
1081 574 1283 634 ἀνωτέρω.
1308 574 1391 634 ἔφη
1428 574 1563 627 οὕτως
1584 582 1628 619 Ρ.
1655 583 1724 620 166

68 651 156 707 ,,τό
185 649 366 694 παλαιὸν
398 650 540 693 τοίνυν
566 648 673 692 κατὰ
693 646 770 705 τὴν
786 646 928 691 Ἀσίαν
947 644 1135 705 ὑπῆρχον
1153 643 1339 704 ἐγχώριοι
1356 650 1560 701 -βασιλεῖς,

70 716 130 766 ὧν
148 720 245 765 οὔτε
282 717 453 778 πράξεις
483 720 677 776 ἐπίσημοι
703 717 799 762 οὔτε
830 715 1018 772 ὀνόματα
1044 714 1359 773 μνημονεύεται.
1395 721 1565 774 πρῶτος

70 792 119 835 δὲ
147 795 233 836 τῶν
263 790 427 851 ἱστορίᾳ
447 790 516 834 καὶ
541 787 688 848 μνήμῃ
709 787 1048 847 παραδεδομένος
1064 788 1194 838 Νίνος
1213 784 1235 831 ὅ
1257 786 1456 842 βασιλεὺς
1475 792 1562 831 τῶν

62 861 295 920 Ἀσσυρίων
324 858 507 918 μεγάλας
532 858 701 914 πράξεις
719 857 1032 903 ἓπετελέσατο.”
1066 859 1134 900 καὶ
1151 856 1260 913 μεθ’
1280 857 1402 916 ἕτερα
1418 857 1563 914 »μετὰ

11 935 58 972 10
70 932 116 975 δὲ
143 935 281 975 ’ταῦτα
296 928 498 988 γεννήσας
526 931 572 973 ἔκ
588 926 870 987 Σεμιράμιδος
887 928 981 972 υἱὸν
999 925 1164 972 Νινύαν
1188 925 1446 985 ἐτελεύτησε,
1482 927 1559 985 τὴν

24 1039 29 1042 .
64 1007 240 1060 γυναῖκα
258 999 473 1045 ἀπολιπὼν
492 1001 758 1055 βασίλισσαν.
785 999 861 1044 τὸν
880 1000 926 1043 δὲ
943 1000 1076 1042 Νίνον
1098 995 1126 1054 ἦ
1147 998 1377 1057 Σεμίραμις
1396 997 1562 1055 ἔθαψεν

66 1073 111 1116 ἓν
130 1079 221 1123 τοῖς
246 1070 516 1125 βασιλείοις.”
550 1072 619 1114 καὶ
648 1068 786 1128 ἐπάγει
811 1068 958 1127 ,,αὖ’τη
980 1070 1059 1126 μὲν
1079 1063 1154 1113 οὖν
1177 1066 1467 1125 βασιλεύσασα
1487 1073 1564 1126 τῆς

58 1141 202 1193 Ἀσίας
231 1139 396 1198 ἁπάσης
418 1141 527 1198 πλὴν
549 1140 692 1185 Ἰνδῶν
722 1138 956 1197 ἐτελεύτησε
975 1139 1049 1184 τὸν
1068 1138 1366 1198 προειρημένον
1385 1137 1559 1197 τρόπον,

57 1209 261 1267 νβιώσασα
293 1212 371 1268 μὲν
400 1210 472 1269 ἴτη
504 1209 593 1266 ξβ’,
627 1209 915 1265 βασιλεύσασα
939 1211 986 1255 δὲ
1020 1207 1097 1254 δύο
1130 1209 1237 1268 πρὸς
1255 1216 1346 1261 τοῖς
1361 1207 1453 1266 μ’.”
1487 1211 1598 1254 καὶΒ

9 1282 323 1340 15μεθ’.ἕτερα
349 1283 686 1340 ,,παραπλησίως
716 1282 762 1325 δὲ
791 1282 861 1325 καὶ
898 1281 938 1325 οἳ
958 1282 1095 1324 λοιποὶ
1122 1283 1308 1334 βασιλεΐς
1327 1286 1427 1332 παῖς
1444 1280 1563 1339 παρὰ

66 1350 228 1411 πατρὸς
261 1349 543 1408 διαδεχόμενοι
575 1352 655 1410 τὴν
676 1352 809 1410 ἀρχὴν
827 1352 1100 1406 ἐβασίλευσαν
1120 1351 1184 1395 ε’πὶ
1204 1350 1343 1408 γενεὰς
1359 1348 1425 1406 με’
1442 1351 1563 1410 μέχρι

42 1415 51 1422 ’
66 1421 446 1481 Σαρδαναπάλλου.
483 1423 549 1466 ἐπὶ
577 1420 730 1467 τούτου
758 1422 840 1480 γὰρ
872 1420 901 1479 ἢ
919 1426 1005 1465 τῶν
1020 1421 1251 1479 Ἀσσυρίων
1271 1419 1469 1478 ἡγεμονία
1484 1438 1562 1476 με·

64 1492 229 1537 τὲπεσεν
256 1494 314 1544 εἷς
331 1491 517 1549 Μήδους
542 1492 612 1549 ἔτη
641 1494 887 1548 διαμείνασα
906 1493 1032 1536 πλείω
1055 1497 1141 1535 τῶν
1157 1488 1213 1551 ,α’
1234 1493 1303 1534 καὶ
1319 1488 1382 1545 τ’,
1418 1488 1562 1534 καθά-

65 1580 143 1618 περ
165 1564 268 1621 φησὶ
285 1564 477 1620 Κτησίας
499 1561 521 1606 ὃ
541 1564 715 1612 Κνίδιος
736 1564 780 1607 ἐν
803 1566 856 1620 τῇ
876 1559 920 1618 β’
938 1563 1088 1621 βιβλῳ.
1124 1560 1179 1604 τὰ
1202 1561 1249 1604 δὲ
1265 1557 1453 1616 ὀνόματα
1473 1565 1557 1604 τῶν
1575 1567 1621 1603 V.
1646 1567 1715 1606 133

9 1647 58 1683 20
65 1633 274 1689 βασιλέων
301 1634 371 1677 καὶ
391 1632 439 1677 τὸ
457 1636 626 1690 πλῆθος
643 1637 729 1677 τῶν
750 1633 854 1678 ἐτῶν
875 1630 924 1676 οὗ
949 1631 1171 1689 κατεπείγει
1189 1628 1387 1690 γράφειν,
1423 1630 1493 1675 διὰ
1511 1630 1560 1675 τὸ

160 1747 196 1782 1.
221 1743 430 1802 στρατείαν]
464 1743 579 1791 Vulgo
605 1744 843 1791 στρατηγίαν.
878 1742 1121 1789 στρατηγείαν
1138 1742 1183 1778 Β.
1217 1742 1364 1778 Correxi
1394 1754 1442 1778 ex
1470 1742 1560 1778 Dio-

160 1793 260 1829 doro.
352 1791 388 1829 4.
415 1790 458 1829 ὀυ
474 1792 648 1837 Scaliger.
684 1793 798 1838 Vulgo
823 1785 889 1827 ὧν.
981 1792 1018 1827 5.
1042 1790 1114 1827 τόν
1133 1788 1250 1827 αὐτὸν
1272 1791 1320 1824 G.
1414 1787 1558 1826 ἀνωτέ-

158 1840 228 1887 ρω]
254 1839 343 1885 Cap.
366 1843 396 1875 1.
422 1840 525 1874 Conf.
548 1839 737 1874 Eusebium
761 1839 799 1880 Ι,
825 1837 881 1875 14.
906 1851 943 1885 p.
967 1839 1025 1874 37.
1142 1834 1266 1881 οὕτως
1289 1837 1332 1875 Β.
1364 1831 1479 1879 miros·
1507 1838 1557 1872 G.

229 1889 266 1924 6.
289 1885 465 1933 παλαιὸν]
492 1883 608 1923 πάλαι
628 1888 676 1923 G.
777 1886 811 1923 8.
833 1883 1145 1931 παραδιδομένων
1161 1885 1235 1923 ΑΒ.
1334 1885 1413 1921 τοῖν
1430 1896 1495 1920 om.
1514 1884 1557 1920 Β.

229 1935 267 1970 9.
292 1931 509 1971 α’πετέλεσεν
527 1934 570 1971 Β.
661 1929 753 1981 μεθ’
774 1932 898 1980 ἕτερα]
924 1933 1012 1979 Cap.
1029 1935 1064 1970 7.
1135 1959 1138 1961 >
1166 1934 1223 1970 12.
1247 1933 1330 1974 τοῖς
1347 1944 1412 1967 om.
1438 1933 1488 1968 G.

161 1981 218 2018 15.
243 1978 286 2017 δὲ
307 1982 387 2028 καὶ]
411 1981 475 2017 καὶ
495 1993 562 2016 om.
582 1981 631 2018 G.
740 1984 833 2023 παῖς
852 1981 895 2015 Β.
916 1981 1052 2023 παῖδες
1069 1981 1117 2016 G.
1231 1981 1288 2019 16.
1312 1978 1388 2025 με’]
1412 1976 1447 2015 λ’
1470 1977 1560 2026 ἐβοι-

159 2031 334 2066 olzavam·
350 2029 526 2065 Diodorus
546 2040 624 2076 cap.
638 2029 699 2069 21.
766 2029 825 2065 20.
844 2027 1092 2077 βασιλειῶνΒ.
1163 2022 1237 2064 οὔκ
1254 2024 1497 2075 ἐπεγεγράφει
1509 2027 1557 2062 G.

65 2133 143 2157 mm
165 2121 247 2156 duci
267 2122 496 2165 coniunctus,
520 2122 595 2157 eius
621 2122 820 2163 hortatibus
840 2135 882 2158 ac
906 2121 1045 2157 monitis
1066 2120 1284 2168 Assyriorum
1310 2120 1478 2156 exstinxit
1494 2119 1563 2155 im-

66 2168 238 2216 perium.’'
283 2171 383 2205 Haec
404 2170 449 2204 de
465 2170 598 2204 infelici
617 2169 847 2216 Sardanapali
865 2182 887 2205 a
904 2170 1000 2206 Nino
1018 2169 1116 2214 regis
1133 2169 1353 2215 Assyriorum
1371 2168 1486 2215 quinti
1504 2179 1564 2201 su-

65 2226 134 2262 pra
160 2216 375 2252 tricesimum
401 2217 497 2252 exitu
522 2216 707 2252 Diodorus.
753 2217 884 2252 Ninum
910 2221 1027 2252 autem
1051 2222 1312 2251 memoratorum
1339 2215 1564 2262 Assyriorum

65 2263 212 2308 primum
235 2275 356 2309 regem
378 2264 563 2306 extitisse,
587 2268 710 2298 auctor
733 2263 826 2299 idem
851 2264 888 2298 in
914 2263 1154 2309 superioribus
1170 2263 1239 2297 hoc
1259 2266 1362 2309 pacto
1385 2262 1563 2297 declarat:

66 2309 176 2352 „olim
194 2310 331 2356 quidem
351 2310 388 2346 in
403 2311 489 2346 Asia
508 2322 552 2345 ex
568 2310 743 2356 indigenis
763 2312 971 2346 creabantur
990 2322 1118 2356 reges,
1140 2321 1283 2357 quorum
1302 2314 1406 2356 gesta
1424 2309 1482 2344 vel
1498 2319 1563 2342 no-

65 2355 160 2390 mina
179 2357 273 2392 nulla
289 2357 461 2392 hominum
477 2358 640 2392 memoria
658 2358 824 2393 celebrat.
869 2357 1007 2393 Primus
1026 2361 1142 2393 autem
1160 2369 1301 2404 quorum
1319 2356 1488 2392 historiae
1505 2354 1563 2389 vel

64 2402 239 2438 hominum
261 2404 408 2439 notitiae
425 2405 519 2440 fama
537 2405 775 2439 commendata
793 2408 868 2446 est,
890 2404 959 2439 fuit
974 2404 1093 2440 Ninus
1111 2405 1333 2450 Assyriorum
1349 2415 1411 2438 rex
1436 2413 1565 2438 memo-

64 2449 253 2485 nudorum
270 2450 464 2485 facinorum
480 2450 637 2486 auctor.”
683 2451 733 2486 Et
748 2452 826 2486 aliis
840 2451 1057 2494 interiectis,
1084 2451 1183 2494 „filio
1206 2451 1325 2498 Ninya
1343 2462 1387 2486 ex
1408 2449 1564 2484 Semira-

64 2496 159 2531 mide
185 2502 374 2543 suscepto,
405 2498 573 2543 regnique
598 2498 743 2533 habenis
769 2499 872 2534 uxori
891 2498 1160 2541 commendatis,
1182 2498 1357 2533 occubuit.
1407 2495 1562 2531 Semira-

64 2542 130 2578 mis
146 2544 184 2578 in
198 2544 299 2590 regia.
312 2543 406 2579 Nino
425 2545 588 2579 tumulum
605 2544 758 2589 posuit.”
788 2546 845 2582 Ad
860 2546 949 2582 haec
967 2545 1099 2581 infert:
1123 2546 1235 2588 „haec
1253 2546 1373 2591 itaque
1390 2555 1469 2579 cum
1484 2541 1563 2575 uni-

65 2601 194 2625 versae
221 2592 348 2633 Asiae,
379 2590 530 2638 demptis
557 2591 675 2634 Indis,
706 2593 933 2639 imperasset,
963 2593 1065 2628 modo
1093 2593 1253 2639 praefato
1276 2597 1389 2627 morte
1425 2588 1563 2624 sublata

65 2641 143 2679 est,
166 2637 265 2672 vitae
284 2638 423 2684 quidem
443 2649 569 2672 annum
591 2650 699 2683 agens
723 2642 793 2682 62,
813 2640 952 2686 imperii
964 2651 1051 2675 vero
1073 2640 1262 2675 secundum
1284 2650 1392 2684 supra
1411 2634 1564 2681 qnadra-

66 2683 270 2729 gesimam?
303 2685 355 2719 Et
373 2691 455 2731 post
472 2685 647 2727 nonnulla,
667 2686 728 2727 „in
746 2688 837 2723 hunc
853 2687 963 2722 ferme
981 2686 1115 2721 modum
1132 2687 1260 2732 reliqui
1275 2696 1383 2729 reges
1404 2684 1566 2718 decesso-

64 2741 144 2765 rum
161 2730 351 2774 haeredes,
375 2737 537 2777 suscepto
554 2743 576 2766 a
595 2733 756 2778 patribus
770 2745 900 2780 regno,
924 2734 969 2769 ad
988 2733 1107 2780 capita
1124 2735 1193 2775 35,
1216 2734 1283 2767 hoc
1303 2736 1358 2766 est
1373 2755 1384 2771 ³
1413 2728 1458 2764 ud
1478 2729 1564 2761 Sar·

65 2775 274 2822 danapalum
286 2803 299 2820 ‚
321 2783 528 2824 potestatem
548 2783 632 2814 sunt
646 2780 789 2827 adepti3
812 2781 888 2816 eins
911 2782 1001 2816 enim
1019 2781 1235 2826 temporibus
1254 2776 1474 2823 Assyriorum
1498 2774 1566 2809 im-

64 2823 203 2869 perium
227 2825 319 2871 quod
334 2837 357 2860 a
373 2826 484 2872 primo
501 2829 627 2861 exortu
642 2828 720 2872 plus
737 2840 841 2874 quam
867 2839 934 2874 per
952 2839 1061 2863 annos
1081 2827 1175 2862 mille
1201 2831 1240 2861 et
1256 2827 1435 2860 trecentos
1455 2824 1569 2875 stete-

65 2875 150 2913 rat,
182 2870 229 2906 nd
255 2871 380 2908 Medos
409 2878 583 2919 postremo
604 2875 809 2911 transhtum
830 2881 904 2918 est,
936 2881 980 2909 nt
995 2874 1106 2909 sentit
1131 2874 1235 2908 etiam
1256 2869 1395 2906 Ctesias
1418 2867 1568 2903 Cnidius

64 2915 156 2953 libro
175 2918 341 2955 necundo.
388 2920 524 2966 Regum
548 2931 634 2956 vero
653 2922 791 2959 nomina
809 2922 868 2958 vel
890 2933 1010 2959 eorum
1034 2931 1233 2962 numerum,
1254 2916 1350 2965 quod
1367 2915 1455 2951 nibil
1476 2913 1565 2962 ipsis
