1800 3236
213 183 318 232 368
659 189 914 236 GEORGII
943 189 1233 237 SYNCELLI

720 292 979 355 Ἀθηναίων
1008 300 1218 356 βασιλεῖς.

174 385 205 420 c
244 369 487 428 Ἀθηναίων
506 367 566 424 κζ’
585 370 828 426 ἐβασίλευσε
851 373 1056 424 Θεσπιεὺς
1074 373 1325 433 Ἀρίφρονος
1343 372 1417 432 ἔτη
1435 371 1521 430 κζ’,
1559 374 1668 419 κατὰ
1688 376 1735 420 δὲ

349 441 505 493 ἄλλους
527 441 599 498 ἔτη
622 440 681 497 μ’.
720 447 797 485 τοῦ
819 444 864 486 δὲ
886 431 1047 499 ἐόσμου
1069 440 1121 501 ἦν
1147 445 1240 496 ἔτος
1259 444 1407 506 ,δχοαῖ
1446 457 1448 459 ’

235 513 476 570 Ἀθηναίων
504 509 570 569 κη’
591 513 856 568 ἐβασίλευσεν
871 513 1150 574 Ἀγαμήστωρ
1178 517 1390 568 Θεσπιέως
1413 515 1484 572 ἔτη
1510 512 1559 568 ιζ’
1571 548 1586 569 ‚
1623 515 1733 560 κατὰ

347 584 394 626 δὲ
419 581 574 633 ἄλλους
592 583 664 640 ἔτη
685 581 757 636 κζ’.
795 587 871 627 τοῦ
892 585 938 628 δὲ
956 583 1116 640 κόσμου
1133 581 1184 643 ἦν
1208 586 1300 638 ἔτος
1319 585 1466 648 ‘152an
1736 593 1759 628 5

235 653 478 711 Ἀθηναίων
507 651 580 697 κθ’
613 655 879 710 ἐβασίλευσεν
903 654 1115 712 Αἰσχύλος
1132 656 1203 714 ἔτη
1223 656 1291 702 ιδ’.
1329 662 1406 702 τοῦ
1431 658 1477 701 δὲ
1496 653 1657 713 κόσμου
1678 651 1731 714 ’ἦν

349 723 441 776 ἔτος
466 722 618 785 flung..

314 793 537 852 Αἰσχύλου
572 799 633 856 τῷ
668 793 724 852 ιβ’
754 794 833 840 ἔτει
854 796 1130 857 πληρουμένῳ
1160 799 1229 841 καὶ
1252 797 1469 858 ἀρχομένῳ
1493 802 1553 857 τῷ
1575 794 1626 855 ιγ’
1650 796 1730 841 αὗ-
1775 811 1777 814 ·

207 870 285 912 τοῦ
320 865 422 921 ἔτει,
469 865 515 918 ὃς
543 861 595 923 ἦν
634 865 707 911 κθ’
736 868 936 922 βασιλεὺς
950 866 1189 924 Ἀθηναίων
1218 868 1300 912 ἀπὸ
1319 873 1395 912 τοῦ
1416 867 1457 912 α’
1478 868 1618 912 αὐτῶν
1642 869 1731 912 Κέ-

170 945 369 998 Βκροπος
401 942 478 981 τοῦ
510 937 702 996 διφυὲος,
742 936 800 994 ιβ’
833 940 878 982 δὲ
909 943 995 982 τῶν
1021 939 1091 982 διὰ
1115 941 1219 995 ,βίου
1258 937 1474 998 ἀρχόντων
1483 973 1497 994 ,
1533 937 1728 997 ἡπρώτη
1742 945 1788 982 10

209 1007 418 1064 ὀλυμπιὰς
446 1007 564 1065 ἤχθη
585 1008 693 1052 κατὰ
714 1009 763 1052 τὸ
788 1007 933 1069 ‘duma‘
957 1008 1049 1060 ἔτος
1071 1009 1155 1054 ἀπὸ
1172 1010 1309 1066 Ἀδὰμ
1319 1044 1334 1065 ,
1365 1010 1558 1069 Ἀζαρίου
1578 1011 1625 1054 δὲ
1644 1015 1730 1063 βα-

209 1080 355 1131 σιλέως
372 1077 513 1122 Ἰούδα
537 1079 606 1136 ἔτη
634 1077 722 1134 λ9“’,
763 1078 821 1131 ὥς
840 1078 1066 1138 πρόκειται.

312 1150 549 1206 Ὀλυμπιὰς
562 1151 610 1194 δέ
629 1152 716 1194 ἔστι
729 1151 834 1208 παρ’
851 1149 1023 1207 Ἕλλησι
1043 1151 1361 1209 τετραετηρικός
1368 1149 1539 1210 χρόνος,
1555 1145 1606 1195 οὗ
1620 1150 1729 1194 κατὰ

206 1221 285 1279 τὴν
303 1219 604 1279 συμπλήρωσιν
621 1221 854 1279 ἀρχομένου
874 1226 950 1265 τοῦ
973 1221 1092 1272 ἔτους
1112 1219 1133 1265 ὃ
1150 1222 1438 1278 Ὀλυμπιακὰς
1457 1222 1569 1279 ἀγών
1589 1221 1726 1279 ἤγετο.

207 1289 577 1348 τοῦτονἙλλήνων
591 1295 735 1343 παῖδες
748 1291 1017 1350 ἀσυμφώνως
1029 1293 1243 1349 ἱστοροῦσι
1257 1296 1596 1349 καταὸεὸεΐχθαι.
1619 1293 1727 1344 τινὲς
1740 1301 1786 1337 15

205 1363 286 1422 γὰρ
302 1363 442 1407 αὐτῶν
456 1362 539 1407 ἀπὸ
559 1367 636 1419 τῆς
655 1361 739 1407 ὑπὸ
754 1361 1014 1421 εΗροικλέους
1033 1367 1110 1406 τοῦ
1124 1362 1358 1421 Ἀλκμήνης
1377 1369 1453 1408 τοῦ
1467 1364 1629 1420 ἀγῶνος
1649 1363 1728 1407 θέ-

205 1452 312 1485 σεως
332 1433 380 1477 τὸ
402 1438 572 1492 πρῶτον
593 1430 817 1492 ’ἦρχθαιτὸ
841 1438 916 1490 τῆς
931 1433 1219 1490 Ὀλυμπιακῆς
1242 1433 1466 1493 ἀθλήσεως
1493 1433 1601 1485 εἶδός
1621 1450 1728 1492 φασι

204 1506 286 1564 πρὸ
298 1503 340 1562 χ’
354 1506 458 1548 ἐτῶν
479 1506 608 1561 τῆσδε
628 1509 704 1562 τῆς
726 1503 895 1563 πρώτης
917 1502 1177 1560 ὀλυμπιάδος
1191 1519 1199 1528 ·
1224 1505 1342 1549 ἄλλοι
1366 1507 1412 1549 δὲ
1429 1503 1511 1549 ὑπὸ
1530 1505 1726 1549 Ἀεθλίου

42 1588 85 1624 Ρ.
111 1588 181 1626 196
205 1581 385 1633 τεθῆναι
403 1575 478 1619 τὸν
502 1576 658 1633 ἀγῶνα,
682 1575 910 1619 κάντεῦθεν
932 1574 1128 1631 ἀθλητὰς
1151 1574 1435 1631 ὀνομάζεσθαι
1455 1576 1555 1628 τοὺς
1576 1575 1727 1633 ἀγωνι-

202 1647 329 1701 στὰς,
378 1646 484 1703 μεθ’
533 1646 579 1690 ὃν
616 1646 778 1697 Ἐπειὸς
817 1652 917 1697 παῖς
952 1645 1084 1689 αὐτου
1096 1679 1109 1699 ,
1162 1645 1250 1690 εἶτα
1285 1647 1354 1691 Ἔν
1347 1649 1539 1704 ὃυμίων,
1587 1647 1726 1690 ἔπειτα
1738 1654 1785 1690 20

299 1727 318 1762 1
344 1735 411 1759 οιιι.
436 1726 477 1759 A.
597 1724 632 1760 5.
657 1720 708 1768 κζ’
733 1723 776 1760 B.
802 1721 838 1768 μ’
863 1724 909 1758 G.
1036 1724 1070 1759 8.
1096 1719 1160 1770 ιβ’]
1186 1724 1392 1770 Legebatur
1408 1723 1457 1773 β’.
1508 1724 1658 1760 Correxi
1683 1736 1726 1760 ex

296 1770 454 1808 Eusebio
479 1782 515 1818 p.
539 1772 620 1809 137
727 1769 788 1818 ιγ’]
815 1771 1021 1828 Legebatur
1039 1769 1083 1817 γ’.
1194 1775 1250 1808 10.
1276 1771 1449 1819 διφυέος]
1474 1772 1579 1807 Ιιιιιιιο
1607 1773 1727 1819 διφυ-

297 1821 380 1862 οῦς.
415 1818 582 1864 διφυὲως
601 1820 674 1855 ΑΒ.
802 1821 857 1855 11.
884 1815 1026 1868 δψκοί]
1053 1815 1178 1876 δψκς’
1202 1832 1244 1854 ιιι.
1350 1821 1421 1857 τοῦ
1446 1819 1558 1865 Αδοὶμ
1581 1821 1628 1855 G.

299 1869 357 1903 12.
394 1866 472 1912 λθ’]
497 1866 553 1914 με’
578 1879 622 1902 ιιι.
761 1862 813 1909 ὥς
839 1856 1061 1913 πρόκειται]
1095 1863 1297 1904 ὑπόκειται
1328 1869 1377 1906 G.
1508 1867 1564 1904 14.
1598 1867 1670 1903 τοῦ
1698 1865 1725 1904 ε’

300 1914 411 1956 ἔτους
435 1916 482 1950 G.
583 1915 638 1950 15.
664 1915 818 1960 τοῦτον]
845 1915 1052 1972 Legebatur
1072 1912 1231 1952 τούτων.
1328 1918 1385 1953 16
1411 1911 1487 1953 υπό
1516 1927 1581 1950 οιιι.
1608 1917 1656 1950 G.

299 1959 537 2019 ἡρακλέοςΑ.
563 1958 752 2020 ἡρακλέως
778 1963 822 1998 Β.
944 1960 1214 2019 ἀγωνοθέσεως
1240 1963 1290 1997 G.
1408 1965 1463 2000 17.
1489 1964 1557 2008 τῆς
1585 1975 1650 1997 om.
1674 1962 1723 1999 G.

382 2012 439 2046 18.
471 2007 502 2057 χ’
527 2023 571 2048 ιιι.
598 2008 663 2057 ὄχ’
690 2011 737 2045 G.
856 2010 914 2046 20.
942 2005 986 2047 ὃν
1008 2010 1052 2044 Β.
1081 2004 1134 2045 ὧν
1155 2010 1203 2045 G.
1324 2006 1490 2057 Ἐπειός]
1521 2010 1725 2056 Legebatur

289 2054 433 2101 Ἄπιος.
481 2059 689 2093 Coxrectum
708 2070 752 2093 ex
772 2057 931 2093 Eusebio
956 2069 992 2105 p.
1018 2054 1097 2094 140.

724 2130 1034 2170 Atheniensium
1065 2145 1192 2182 reges.

252 2185 518 2221 Atheniensium
542 2198 606 2222 rex
629 2187 676 2222 27
701 2186 913 2233 Ἰῑιεεερίειιε,
940 2188 1152 2234 Ariphronis
1174 2185 1287 2229 filius,
1306 2185 1405 2221 annis
1426 2186 1495 2229 27,
1520 2189 1558 2222 et
1582 2189 1622 2222 ut
1645 2184 1724 2221 aliis

324 2233 464 2268 videtur
480 2233 528 2271 40
540 2260 551 2277 ,
576 2233 693 2268 mundi
710 2246 795 2269 vero
816 2233 922 2272 4671.

253 2280 515 2316 Atheniensium
540 2293 604 2316 rex
628 2283 676 2317 28
697 2283 913 2327 Agamestor,
930 2280 1102 2327 Thespiei
1118 2280 1221 2324 filius,
1242 2280 1344 2315 annis
1356 2281 1415 2323 17,
1432 2280 1622 2316 secundum
1639 2279 1726 2316 alio-

327 2339 402 2362 rum
421 2333 617 2374 computum
638 2327 706 2371 40,
731 2328 850 2363 mundi
871 2340 958 2363 vero
980 2328 1085 2365 4698.

252 2375 513 2410 Atheniensium
538 2387 600 2411 rex
624 2377 670 2413 29
695 2376 889 2422 Aeschylus
909 2377 1008 2410 annis
1031 2374 1094 2418 14,
1120 2374 1238 2410 mundi
1258 2387 1344 2410 vero
1362 2373 1470 2412 4715.

298 2423 463 2469 Aeschyli
482 2435 572 2457 anno
592 2423 771 2458 undecimo
794 2423 932 2469 expleto
953 2429 990 2458 et
1009 2422 1151 2458 ineunte
1170 2422 1388 2466 duodecimo,
1415 2423 1503 2469 (fuit
1520 2426 1635 2459 autem
1654 2424 1724 2458 Ae-

204 2469 346 2516 schylus
366 2481 388 2504 a
403 2470 544 2505 biformi
563 2470 723 2516 Cecrope
739 2482 826 2515 rege
846 2471 957 2516 primo
976 2483 1088 2505 nonus
1116 2475 1153 2506 et
1179 2470 1387 2514 vicesimus,
1413 2472 1613 2517 praesidum
1642 2482 1726 2517 per-

203 2524 385 2574 petuorum
409 2517 504 2563 12),
529 2518 647 2563 coepit
666 2518 849 2564 Olympias
874 2518 1008 2564 prima,
1035 2519 1079 2552 ab
1104 2517 1214 2553 Adam
1236 2523 1357 2553 creato
1384 2529 1473 2554 anno
1490 2516 1606 2562 4726,
1630 2520 1724 2554 Aza-

203 2565 282 2601 riae
300 2564 398 2610 regis
415 2565 503 2600 Iuda
522 2564 591 2607 45,
616 2571 720 2611 plout
739 2566 775 2599 iu
793 2566 1021 2611 sequentibus
1043 2566 1244 2612 exponitur.

301 2611 485 2659 Olympias
504 2624 607 2659 poiro
627 2612 878 2659 quadriennale
896 2614 1044 2659 spatium
1064 2614 1216 2648 Graecis
1241 2613 1411 2656 habetur3
1437 2612 1482 2648 ad
1504 2612 1605 2648 cuius
1620 2613 1724 2647 finem

202 2658 348 2695 ineunte
367 2660 435 2694 iam
455 2672 543 2695 anno
562 2660 700 2706 quinto,
726 2660 913 2706 Olympica
930 2661 1066 2695 ludicra
1087 2660 1387 2696 instaurabantur.
1435 2660 1626 2695 Exordium
1646 2660 1724 2694 illo-

205 2718 281 2742 rum
301 2707 448 2754 primum
467 2719 535 2743 non
553 2719 622 2742 una
645 2707 782 2742 ratione
803 2708 937 2742 Gnaeoi
961 2709 1131 2744 refeiunt.
1179 2710 1209 2742 A
1231 2708 1339 2754 primo
1361 2707 1536 2754 siquidem
1564 2708 1725 2742 certami-

205 2766 287 2789 num
308 2754 442 2790 illorum
469 2755 587 2802 positu
619 2755 663 2789 ab
694 2755 848 2790 Hercule
873 2755 1055 2791 Alcmenes
1083 2755 1155 2790 filio
1178 2755 1351 2802 quondam
1380 2755 1570 2790 adinvento
1599 2755 1723 2800 Olym—

205 2801 308 2848 picae
338 2802 556 2838 celebritatis
584 2803 727 2837 formam
756 2808 794 2837 et
812 2802 924 2849 prima
953 2808 1087 2838 statuta
1116 2802 1304 2838 inolevisse
1330 2806 1412 2838 ante
1432 2814 1541 2837 annos
1565 2802 1723 2837 nimirum

206 2849 309 2883 huius
335 2849 556 2896 Olympiadis
585 2850 717 2896 primae
745 2855 927 2887 sexcentos
951 2850 1105 2885 nonnulli
1135 2850 1365 2885 arbitrantur.
1415 2850 1486 2884 Alii
1512 2851 1556 2885 ab
1581 2849 1723 2885 Aethlio

206 2896 342 2941 positos
360 2909 490 2943 agones
511 2899 662 2939 docent,
686 2897 780 2932 unde
798 2897 940 2932 athletis
959 2898 1004 2932 de
1026 2898 1139 2944 palma
1158 2897 1420 2933 decertantibus
1439 2899 1569 2932 sactum
1588 2908 1722 2938 nomen,

206 2943 266 2978 cui
291 2943 328 2980 in
353 2945 550 2982 huiusmodi
577 2945 740 2983 instituto
767 2944 859 2980 filius
886 2944 999 2992 Apius
1020 2945 1215 2988 successit,
1244 2945 1372 2981 deiude
1399 2944 1618 2992 Endymion,
1650 2950 1722 2979 tum
