1754 3236
150 183 219 233 26
613 177 871 228 GEORGII
899 173 1187 231 SYNCELLI

150 300 363 358 πατρικῶν
388 297 633 355 μαρτυριῶν
663 294 732 337 καὶ
760 296 837 349 τῆς
859 293 1039 350 φυσικῆς
1065 292 1151 333 τῶν
1183 284 1443 349 πραγμάτων
1471 285 1653 333 ἀκολου-

150 371 279 421 θίας·
316 369 385 412 καὶ
416 368 460 410 ἐκ
487 366 564 423 μὲν
582 368 659 421 τῆς
685 366 851 422 γραφῆς
881 359 991 405 οὕτω
1015 357 1217 417 λεγούσης
1246 361 1347 415 »καὶ
1375 358 1542 415 ἐξέβαλε
1576 359 1652 404 τὸν

22 446 65 482 Ρ.
87 446 132 484 15
147 439 283 496 Ἀδὰμ
294 472 309 494 ,
346 439 415 483 καὶ
437 433 662 497 κατῴκισεν
691 433 818 478 αὐτὸν
848 431 1043 476 ἀπέναντι
1063 434 1140 474 τοῦ
1161 432 1418 490 παραδείσου
1447 434 1525 488 τῆς
1547 447 1652 488 τρυ-

154 510 281 571 φῆς”.
352 506 380 565 ἧ
401 509 446 551 δὲ
467 505 749 563 Βαβυλωνίων
772 508 823 562 γῆ
848 504 916 546 καὶ
942 499 969 559 ἦ
1000 501 1107 545 καθ’
1135 499 1248 558 ἡμᾶς
1281 500 1502 559 οῗκουμένη
1534 506 1654 545 πᾶσα

152 580 298 639 πόρρω
317 596 398 623 που
419 584 548 623 κεῖται
574 580 650 633 τῆς
678 574 773 619 κατ’
804 572 1015 623 ἀνατολὰς
1035 571 1160 628 ’Effe-„u
1170 605 1185 627 ,
1218 572 1327 617 ἔνθα
1348 572 1424 617 τὸν
1448 569 1683 631 παρόδω-5

155 669 232 698 σον
253 654 418 695 κεῖσθαι
437 647 587 707 φαμέν.
625 648 695 691 καὶ
715 646 788 690 ἵνα
805 649 866 705 τῷ
890 641 1068 704 τοιούτῳ
1089 641 1199 702 λόγῳ
1218 640 1418 703 μάρτυρά
1437 661 1531 687 τινα
1554 648 1657 687 θεο-

157 719 291 781 φόρον
348 717 600 764 διδάσκαλον
644 713 1009 776 παραστήσωμεν,
1084 714 1282 773 παρέστω
1328 712 1430 772 ἡμῖν
1474 711 1496 758 ὅ
1539 719 1660 765 θεῖος

152 793 360 851 Ἐφραῖμ,
392 787 420 847 ἦ
449 785 761 847 ὥκεανόβρυτος
779 791 972 845 γλῶσσα,
1005 781 1181 844 φάσκων
1212 785 1256 829 ἓν
1284 792 1375 836 τοῖς
1405 786 1462 836 εἷς
1482 783 1557 830 τὸν
1576 803 1660 828 πα-

158 861 350 922 ράδεισον
384 862 649 918 δογματικοΐς
675 857 804 902 αὐτοῦ
843 855 980 915 λόγοις
1008 853 1144 907 οὕτως
1175 853 1386 911 „mirram
1419 860 1506 900 τῶν
1533 854 1662 912 ὕψω-

156 931 301 990 μάτων
323 935 408 976 τῶν
429 928 593 989 ὡραίων
614 927 879 988 ὑψηλότερος
896 926 917 972 ὃ
936 925 1205 985 παράδεισος.
1252 925 1274 971 ὃ
1300 928 1346 971 δὲ
1364 926 1661 983 κατακλυσμὸς
1674 934 1719 970 10

159 1003 267 1063 πρὸς
293 1002 347 1046 τὰ
372 1001 465 1059 ἴχνη
497 1000 627 1044 αὐτοῦ
658 999 860 1059 ἔφθασεν.
910 998 951 1043 οἱ
974 999 1020 1042 δὲ
1039 997 1122 1057 πρὸ
1152 1001 1229 1042 ‘coi'
1261 1002 1560 1054 κατακλυσμοῦ
1587 997 1665 1042 ἄν·

110 1079 330 1132 ,Βθρωποι
352 1072 433 1116 ἀνὰ
461 1071 590 1127 μέσον
613 1076 690 1115 τοῦ
710 1070 892 1115 ὠκεανοῦ
922 1071 991 1113 καὶ
1018 1073 1096 1113 τοῦ
1121 1070 1381 1128 παραδείσου
1401 1068 1595 1130 ᾤκησαν,
1633 1066 1664 1126 ἡ

162 1146 208 1189 δὲ
226 1143 343 1202 γενεὰ
363 1147 438 1187 τοῦ
460 1140 572 1187 Κάϊν
592 1143 649 1192 εἷς
671 1146 748 1199 γῆν
778 1140 1039 1197 καλουμένην
1049 1139 1134 1184 ’Ὸδ
1142 1174 1157 1195 ,
1190 1138 1285 1197 ἣτις
1309 1137 1666 1198 μεθερμηνεύεται

133 1243 135 1246 <
162 1215 397 1274 τρέμουσα,
432 1213 472 1257 οἷ
497 1213 544 1256 δὲ
570 1215 647 1256 τοῦ
676 1212 778 1269 Σὴθ
799 1214 855 1263 εἰς
880 1211 957 1268 τὴν
983 1209 1255 1269 ὑψηλοτέραν
1278 1209 1665 1268 ἔντεταλμένοιῦπὸ

163 1289 240 1330 τοῦ
255 1284 393 1340 Ἀδὰμ
416 1283 477 1340 μὴ
498 1284 813 1340 συμμίγνυσθαι
835 1284 893 1333 εἷς
920 1281 998 1338 τὴν
1027 1281 1169 1339 γενεὰν
1194 1285 1271 1325 τοῦ
1293 1279 1406 1326 Κάϊν
1434 1285 1511 1327 τοῦ
1540 1281 1665 1326 ἂδελ-
1678 1288 1723 1325 15

162 1353 386 1415 φοκτόνου.
424 1349 476 1411 ἧν
495 1354 539 1397 δὲ
559 1351 586 1410 ἡ
606 1353 721 1411 γενεὰ
749 1353 879 1397 αὐτοῦ
901 1354 1126 1409 χθαμαλοὶ
1152 1356 1207 1411 τῇ
1238 1350 1379 1414 ἡλικίᾳ
1400 1353 1470 1396 διὰ
1493 1352 1570 1410 τὴν
1589 1370 1669 1396 κα-

161 1424 298 1484 τάραν
318 1421 454 1469 Κάΐν·
496 1423 537 1468 οἶ
560 1424 605 1467 δὲ
626 1428 701 1467 τοῦ
721 1424 823 1481 Σὴθ
842 1425 1026 1482 γίγαντες
1055 1424 1124 1466 καὶ
1148 1421 1206 1474 ὥς
1228 1422 1393 1480 ἄγγελοι
1415 1427 1522 1468 θεοῦ
1543 1424 1585 1467 ἕν
1614 1428 1669 1482 τῇ

161 1494 307 1555 ὖψηλῇ
331 1493 466 1556 χώρᾳ.
540 1495 745 1538 ἐλθοῦσαι
774 1495 820 1539 δὲ
850 1495 894 1538 αἲ
919 1494 1155 1552 θυγατέρες
1182 1498 1259 1538 τοῦ
1279 1491 1393 1538 Κάῖν
1418 1494 1490 1538 διὰ
1515 1509 1670 1551 μουσι-

163 1571 248 1611 κῶν
280 1565 420 1609 αῧλῶν
441 1566 513 1608 καὶ
536 1569 715 1624 κινυρῶν
747 1562 981 1623 κατήγαγον
1005 1563 1161 1617 αὖτοὺς
1183 1565 1229 1608 ἐκ
1246 1568 1323 1622 τῆς
1342 1562 1487 1624 χώρας
1512 1564 1668 1619 αὐτῶν,

163 1639 233 1682 καὶ
269 1635 390 1693 ἴσχον
419 1635 574 1692 αὐτὰς,
613 1637 682 1680 καὶ
706 1637 1028 1693 πληθυνθείσης
1051 1640 1127 1693 τῆς
1152 1635 1330 1692 ἀνομίας
1351 1635 1493 1681 αὐτῶν
1510 1635 1731 1695 γέγονεν20

129 1706 191 1753 Οὸ
210 1703 517 1762 κατακλυσμός.
589 1708 659 1750 καὶ
678 1704 870 1765 ἐξήγαγεν
891 1705 914 1752 ὃ
937 1706 1041 1758 θεὸς
1068 1706 1146 1764 τὴν
1168 1706 1349 1763 κιβωτὸν
1372 1710 1472 1751 Νῶε
1493 1709 1552 1760 εἷς
1574 1706 1675 1766 ὄρος

259 1808 295 1843 2.
324 1806 392 1852 τῆς
408 1805 580 1852 γραφῆς]
615 1806 747 1841 Genes.
773 1806 846 1849 ΠΙ,
869 1804 928 1843 24.
1048 1804 1221 1853 ἐξέβαλεν
1244 1807 1293 1841 G.
1318 1802 1511 1853 ἐξέβαλλεν
1537 1808 1578 1842 Α.

258 1854 295 1892 8.
318 1853 530 1902 κατῴκησεν
548 1855 590 1888 Α.
691 1855 725 1890 5.
749 1856 870 1890 κεῖται
885 1855 954 1900 τῆς
969 1864 1014 1888 m.
1040 1856 1162 1890 κεῖται
1180 1854 1259 1889 ποῦ
1281 1854 1349 1900 τῆς
1367 1854 1417 1890 G.
1523 1855 1558 1890 6.
1580 1854 1674 1891 θεο-

260 1899 384 1948 φόρον
402 1903 445 1937 Α.
468 1898 674 1947 θεοφόρων
692 1901 741 1935 G.
838 1903 894 1940 12.
920 1899 1070 1948 ὥκησαν
1090 1913 1136 1936 m.
1162 1900 1344 1938 οἰκοῦσαν
1363 1900 1413 1938 G.
1511 1902 1568 1938 13.
1577 1899 1670 1946 Ὂδ]

263 1948 371 1986 Ναῒδ
388 1960 433 1984 m.
529 1947 585 1985 14.
609 1947 811 1996 τρέμουσα]
830 1938 989 1998 κατῴκει
1008 1948 1090 1985 add.
1101 1959 1146 1985 m.
1235 1949 1294 1986 15.
1320 1947 1619 1996 συμμίγνοισθαι
1629 1952 1670 1986 Α.

333 1997 388 2033 18.
411 1996 641 2044 θυγατέραις
657 1997 699 2031 Α.

170 2077 275 2114 seriei
292 2077 385 2112 nulla
407 2068 539 2112 non'ex
558 2081 660 2124 parte
680 2080 867 2121 consonat;
899 2077 1040 2113 divinae
1062 2075 1203 2124 quidem
1219 2077 1417 2125 scripturae
1435 2076 1587 2114 dicenti:
1610 2082 1674 2122 „et

171 2125 278 2161 eiecit
295 2124 425 2167 Adam,
451 2130 487 2160 et
504 2125 689 2160 collocavit
708 2137 785 2160 eum
801 2125 836 2160 in
857 2126 1004 2171 regione
1019 2125 1175 2172 paradisi
1192 2124 1423 2173 voluptatis.”
1460 2126 1675 2173 Babylonio-

171 2184 246 2208 rum
267 2175 383 2207 autem
401 2171 521 2218 regio,
545 2173 602 2207 vel
620 2184 663 2207 ea
679 2184 782 2219 quam
802 2172 999 2208 habitamus
1021 2178 1140 2208 terrae
1162 2184 1266 2220 pars,
1290 2174 1334 2208 ab
1353 2172 1487 2216 Edem,
1513 2173 1676 2209 orientali

172 2219 303 2267 plaga,
337 2219 373 2253 in
396 2230 465 2265 qua
491 2220 689 2266 paradisum
710 2224 852 2256 exstare
878 2220 1046 2263 dicimus,
1079 2231 1149 2255 non
1176 2219 1310 2255 modico
1339 2220 1451 2256 distat
1475 2220 1677 2256 intervallo.

173 2267 291 2313 Atque
307 2268 349 2301 ut
369 2266 472 2301 huius
491 2266 577 2301 dicti
598 2267 807 2303 deiferorum
828 2272 964 2314 patrum
991 2271 1115 2303 testem
1136 2267 1286 2314 aliquem
1311 2267 1565 2314 producamus,
1591 2279 1678 2315 pro-

176 2313 259 2348 deat
275 2312 376 2348 nobis
395 2313 534 2348 divinus
556 2314 744 2361 Ephraim,
773 2315 915 2361 lingua,
936 2315 1100 2362 inquam,
1124 2314 1185 2349 illa
1203 2315 1330 2362 pelago
1355 2314 1579 2362 eloquentiae
1597 2327 1679 2350 sca-

176 2361 335 2403 turiens,
380 2360 586 2406 dogmaticis
621 2362 694 2397 suis
729 2363 772 2397 de
797 2362 959 2409 paradiso
995 2362 1210 2397 sermonibus
1245 2362 1311 2397 hoc
1349 2367 1454 2410 pacto
1486 2362 1677 2398 disserens.

177 2407 340 2443 ‘Amoenis
352 2408 505 2443 omnibus
523 2408 608 2443 locis
624 2409 771 2444 excelsis
792 2410 976 2456 paradisus
995 2409 1184 2445 elevatior:
1208 2409 1254 2444 ad
1269 2409 1346 2444 eius
1363 2421 1448 2445 vero
1469 2409 1607 2446 radices
1624 2410 1682 2446 di-

175 2453 264 2490 luvii
288 2454 529 2500 pertinuerunt
549 2467 670 2502 aquae.
718 2457 883 2492 Homines
911 2457 1047 2492 diluvio
1068 2456 1285 2503 antiquiores
1301 2456 1395 2492 inter
1420 2456 1625 2504 paradisum
1643 2460 1682 2493 et

177 2512 343 2537 oceanum
380 2501 481 2537 sedes
517 2503 724 2539 habitationi
759 2504 951 2540 commodas
988 2504 1213 2547 obtinebant;
1259 2504 1350 2539 Cain
1388 2509 1504 2540 autem
1543 2504 1680 2540 soboles

178 2549 288 2585 omnis
307 2554 435 2583 terram
455 2549 513 2584 Od
525 2573 535 2592 ‚
562 2563 651 2596 quae
669 2552 819 2587 tremula
837 2552 1024 2599 exponitur
1036 2578 1046 2595 ‚
1070 2552 1272 2594 incolebat3
1305 2552 1392 2586 Seth
1416 2563 1502 2587 vero
1522 2551 1608 2595 filii,
1636 2563 1682 2587 ne

180 2606 259 2631 cum
279 2595 371 2631 Cain
389 2596 595 2632 fratricidae
613 2599 781 2644 progenie
804 2599 1131 2642 commiscerentur,
1154 2598 1190 2633 in
1211 2598 1402 2635 excelsiore
1429 2602 1550 2635 terrae
1577 2603 1683 2646 parte

180 2643 226 2678 ab
246 2643 377 2678 Adamo
392 2643 478 2678 iussi
497 2648 577 2679 sunt
596 2646 798 2681 consistere.
847 2646 938 2681 Erat
956 2651 1072 2681 autem
1094 2646 1205 2680 omnis
1225 2645 1287 2681 illa
1304 2645 1395 2681 Cain
1421 2645 1609 2693 progenies
1637 2647 1683 2682 ob

182 2689 382 2725 traductum
411 2701 486 2725 cum
510 2692 677 2737 sanguine
704 2705 726 2728 a
753 2696 856 2739 patre
880 2693 1099 2728 maledictum
1119 2693 1277 2739 corporis
1292 2693 1381 2728 mole
1399 2693 1541 2729 brevior
1556 2705 1599 2729 ac
1619 2692 1683 2730 de-

209 2748 309 2772 ressa
330 2738 459 2780 forma,
484 2750 526 2772 ex
546 2739 694 2774 adverso
716 2751 799 2776 vero
819 2740 883 2776 filii
899 2741 1009 2783 Seth,
1034 2751 1099 2775 ceu
1124 2740 1262 2787 proceri
1280 2741 1478 2786 Gigantes,
1501 2744 1538 2776 et
1562 2741 1682 2787 angeli

183 2747 264 2827 gei,
288 2784 325 2819 in
343 2785 481 2820 excelsa
502 2786 726 2821 morabantur
740 2788 894 2833 regione.
919 2788 1031 2823 Porro
1048 2787 1144 2824 filiae
1165 2787 1256 2823 Cain
1274 2788 1319 2823 ad
1334 2799 1394 2823 eos
1413 2789 1595 2836 profectae
1607 2800 1683 2824 mu-

182 2830 268 2866 sicis
297 2831 396 2867 tibiis
410 2857 421 2874 ,
452 2836 488 2867 et
507 2832 637 2879 cinyris
665 2834 797 2869 illectos
816 2835 913 2870 felici
935 2835 1012 2870 loco
1031 2840 1068 2871 et
1085 2835 1223 2870 excelsa
1248 2835 1394 2881 regione
1416 2835 1576 2872 deorsum
1597 2847 1684 2883 ege-

183 2882 291 2922 runt,
326 2884 592 2926 nupseruntque
624 2880 716 2924 illis,
749 2888 998 2928 crescenteque
1029 2894 1146 2918 eorum
1166 2882 1325 2929 nequitia
1353 2884 1483 2918 factum
1508 2887 1562 2919 est
1590 2883 1683 2919 dilu-

182 2924 292 2962 vium.
339 2926 388 2963 Et
404 2926 528 2963 eduxit
545 2927 700 2964 dominus
715 2940 832 2966 arcum
849 2930 931 2966 Nos
945 2930 982 2966 in
1000 2935 1149 2967 montem
1165 2932 1294 2967 Ararat
1305 2956 1316 2974 ,
1340 2935 1379 2967 et
1394 2931 1439 2968 ab
1460 2942 1502 2968 eo
1525 2935 1685 2979 tempore,
