1800 3236
255 140 361 192 562
714 142 974 191 GEORGII
1003 144 1288 191 SYNCELLI

258 259 423 319 ἤθεσιν.
461 250 586 310 οὗτος
614 254 792 317 ὕστερον
821 255 1012 317 “Υρκανῷ
1034 258 1236 316 φιλωθεὶς
1265 253 1435 317 πλούτῳ
1456 257 1526 301 καὶ
1557 254 1660 315 δόξῃ
1677 262 1762 302 τῶν

260 335 426 376 πολλῶν
454 335 641 388 προεῖχεν
668 328 896 387 ἔντρεχείας
916 326 1041 386 χάριν
1060 329 1128 371 καὶ
1149 331 1224 384 τῆς
1245 329 1337 385 περὶ
1356 327 1410 371 τὰ
1430 326 1763 385 κοινὰπράγμα-

261 419 317 447 τα
343 397 602 457 δεινότητος,
641 396 688 450 ὃς
721 398 939 442 ἀναπείθει
962 397 1037 441 τὸν
1057 395 1265 456 Ὑρκανὸν
1277 397 1426 459 Ἀρέτᾳ
1450 401 1510 458 τῷ
1532 402 1617 441 τῶν
1633 396 1762 455 Ἀρά-

260 477 351 529 βων
382 466 680 529 προσφυγόντα
720 471 892 523 βασιλεῖ
922 466 999 523 τὴν
1022 466 1239 511 Ἰουδαίων
1258 467 1392 527 ἀρχὴν
1421 465 1760 524 ἀνακτήσασθαι.

263 544 332 587 καὶ
356 541 409 598 δὴ
426 540 504 584 σὺν
529 538 643 597 αὐτῷ
657 538 806 589 νυκτὸς
826 536 1051 594 ἀναλαβὼν
1061 542 1136 594 τῆς
1156 536 1315 589 πόλεως
1336 536 1631 595 τὸνεῖρκανὸν
1652 537 1792 582 ἀπο-5

263 609 474 670 ὃιὸράσκει
503 608 610 667 πρὸς
632 608 804 666 Ἀρέταν
844 606 947 652 ὄντα
979 608 1087 651 κατὰ
1118 607 1194 665 τὴν
1226 609 1398 667 Πέτραν
1425 606 1547 652 πόλιν
1570 606 1764 666 Ἀράβων

261 682 480 739 βασίλεια,
516 681 584 723 καὶ
616 683 786 730 πολλοῖς
813 679 949 722 πείθει
980 676 1130 737 δώροις
1159 677 1491 736 συμμαχήσοντα
1517 685 1763 736 καταγαγεῖν

113 759 155 797 Ρ.
174 759 244 799 297
268 753 334 797 ε’πὶ
366 750 444 809 τὴν
473 750 626 801 ἀδίκως
655 749 960 808 ἀφαιρεθεῖσαν
988 747 1135 807 ἀρχήν.
1173 753 1249 793 τοῦ
1270 750 1316 793 δὲ
1327 748 1475 805 Ἀρέτα
1494 747 1672 805 δύναμιν
1695 749 1765 791 ἶπ-

264 822 389 880 πικὴν
406 822 475 865 καὶ
493 820 656 877 πεζικὴν
678 820 1035 878 πεντακισμυρίων
1056 820 1222 878 ἀνδρῶν
1243 819 1320 863 σὺν
1340 820 1483 870 αὐτοῖς
1499 819 1761 876 πέμψαντος,

266 893 344 939 οὒκ
379 891 550 950 ἐνεγκὼν
576 888 897 950 Ἀριστόβουλος
932 890 977 933 ἐκ
997 888 1168 948 πρώτης
1188 894 1404 947 συμβολῆς
1421 892 1478 941 εἷς
1491 887 1763 948 Ἱεροσόλυμα
1778 896 1800 931 11

266 961 428 1023 φεύγει·
451 963 520 1005 καὶ
539 956 591 1018 ἧν
610 958 961 1019 πολιορκούμενος
973 958 1051 1003 ὑπ’
1068 961 1222 1006 αὐτῶν.
1247 961 1355 1005 κατὰ
1366 952 1519 1019 κράτος
1533 977 1577 1003 τε
1596 958 1648 1004 ἂν
1668 958 1766 1017 ἐλή-

266 1038 363 1093 φθη
387 1033 588 1090 λειφθεὶς,
618 1033 653 1075 εἲ
669 1031 728 1088 μὴ
749 1034 942 1089 Σκαῦρος
966 1028 1205 1087 ἐνδημήσας
1221 1036 1450 1087 τηνικαῦτα
1470 1035 1521 1090 τῇ
1541 1032 1765 1090 Δαμασκῷ

265 1100 522 1162 προσφάτως
549 1099 631 1146 ὑπὸ
657 1105 698 1145 Γ
696 1102 867 1157 εμέλλου
895 1102 964 1144 καὶ
981 1102 1170 1145 Λολλίου
1192 1099 1407 1158 Ῥωμαίων
1429 1103 1499 1145 καὶ
1526 1101 1665 1144 αὐτῶν
1689 1104 1766 1157 λη-

265 1174 426 1233 φθείσῃ
455 1176 700 1231 στρατηγῶν
721 1168 1075 1229 ἐπεκηρυκεύσατο
1093 1171 1198 1230 πρὸς
1211 1170 1417 1230 εΥρκανόν
1438 1173 1507 1215 καὶ
1527 1171 1625 1222 τοὺς
1636 1170 1767 1229 ’Ἀρα-

263 1249 370 1301 βας,
407 1242 535 1301 ὀργὴν
565 1242 741 1286 ἀπειλῶν
775 1235 920 1292 αὐτοῖς
950 1244 1182 1298 Πομπηίου
1215 1245 1284 1286 καὶ
1312 1247 1388 1299 τῆς
1410 1241 1511 1298 ὅλης
1533 1239 1764 1299 συγκλήτου
1781 1247 1800 1283 1Ἰ

266 1314 327 1371 μὴ
355 1311 500 1357 λύουσι
530 1313 607 1369 τὴν
635 1312 744 1356 κατὰ
762 1310 1087 1371 Ἀριστοβούλου
1108 1314 1376 1371 πολιορκίαν,
1415 1313 1669 1371 τριακοσίοις
1688 1329 1766 1355 τα-

229 1382 437 1435 Βλάντοις
466 1380 488 1427 ὅ
521 1387 715 1442 Σκαῦρος
745 1390 835 1434 τοῖς
873 1382 993 1441 παρὰ
1008 1382 1334 1441 Ἀριστοβούλου
1365 1385 1528 1427 δοθεῖσι
1551 1386 1770 1440 παραβλε-

266 1452 459 1511 ψάμενος
490 1452 540 1498 τὸ
562 1455 735 1499 δίκαιον.
768 1452 940 1510 Ἀρέτας
960 1456 1237 1511 καταπλαγεὶς
1262 1455 1327 1497 ἐπὶ
1347 1454 1424 1510 τὴν
1435 1453 1637 1511 Ἀραβίαν
1663 1452 1768 1496 ἀνα-

266 1531 399 1584 χωρεῖ’
409 1521 543 1575 λύσας
561 1524 638 1581 τὴν
659 1525 915 1583 πολιορκίαν.
947 1521 1273 1582 Ἀριστόβουλος
1292 1525 1338 1568 δὲ
1357 1531 1444 1575 τοῖς
1465 1525 1558 1582 περὶ
1577 1523 1651 1567 τὸν
1664 1521 1767 1581 ζΥρ-

268 1595 397 1640 κανόν
433 1595 505 1638 καὶ
538 1593 811 1651 Ἀντίπατρον
850 1593 1082 1650 συμβαλὼν
1116 1597 1210 1653 περὶ
1242 1594 1314 1639 τὸν
1344 1598 1595 1652 Παπυρῶνα
1623 1594 1800 1638 κτείνει2

107 1669 152 1708 V.
174 1670 244 1709 237
273 1665 502 1712 Φαλλίωνα
520 1664 595 1709 τὸν
612 1664 794 1724 ἀδελφὸν
805 1662 1097 1723 Ἀντιπάτρου,
1136 1667 1206 1708 καὶ
1223 1666 1390 1716 πλείους
1408 1664 1434 1722 ἢ
1454 1662 1765 1720 ἑξακισχιλίους.

360 1744 398 1781 2.
421 1742 490 1788 τῆς
505 1761 552 1769 -
569 1738 784 1789 δεινότητος
803 1742 845 1778 Β.
869 1738 939 1788 τήν
955 1761 1002 1767 --
1021 1740 1219 1789 δεινότητα
1239 1741 1289 1777 G.
1402 1743 1439 1779 3.
1471 1740 1697 1778 ἀναπείθειν
1717 1741 1766 1778 G.

433 1788 503 1826 τόν
523 1800 590 1825 om.
608 1790 657 1824 G.
780 1787 815 1825 4.
848 1787 1107 1836 προσφυγόντι
1133 1790 1175 1824 Β.
1298 1788 1335 1826 7.
1361 1789 1544 1837 βασίλεια]
1569 1789 1767 1837 βασιλείων

362 1836 438 1873 ΑΒ.
464 1837 653 1884 βασιλείας
670 1838 720 1872 G.
755 1836 924 1884 Iosephus
949 1848 984 1882 p.
1011 1835 1091 1874 684.
1134 1834 1302 1885 Πέτραν,
1327 1832 1427 1873 ὅπου
1456 1836 1504 1873 τοὶ
1525 1839 1695 1885 βασίλεια
1717 1830 1767 1883 ἦν

362 1886 434 1920 τοῦ
451 1881 586 1931 Ἀρέτα.
699 1886 735 1921 7.
763 1882 1066 1931 συμμαχήσαντα
1081 1885 1126 1920 Β.
1236 1886 1291 1920 10.
1325 1886 1511 1932 συμβολῆς
1530 1885 1570 1919 Β.
1596 1885 1766 1932 συμβου-

363 1932 430 1977 λῆς
454 1933 503 1966 G.
616 1933 673 1968 11.
698 1928 788 1977 ὑπ’]
812 1931 911 1977 παρ’
930 1931 979 1967 G.
1091 1933 1149 1969 13.
1173 1930 1327 1979 γεμὲλου
1349 1933 1393 1967 Β.
1431 1931 1534 1966 Lollii
1565 1936 1603 1967 et
1630 1930 1767 1967 Metelli

362 1978 501 2014 nomina
520 1979 740 2014 restituenda
758 1990 800 2014 ex
820 1979 969 2026 Iosepho
990 1991 1026 2026 p.
1040 1981 1122 2017 685.
1237 1977 1366 2015 αὐτῶν
1385 1980 1428 2014 Β.
1454 1976 1574 2016 αὐτὸν
1593 1980 1672 2014 AG.

362 2027 577 2073 ληφθείσῃ]
613 2027 818 2072 Legebatur
841 2029 1043 2074 ληφθεῖσι,
1073 2027 1372 2062 consentientibus
1391 2027 1464 2064 AB.
1576 2024 1634 2063 14.
1657 2037 1768 2074 στρα-

363 2073 489 2121 τηγῶν
504 2074 548 2109 Β.
573 2072 781 2122 στρατηγὸν
796 2075 878 2110 AG.
980 2075 1041 2110 20.
1064 2075 1217 2119 κτείνει]
1239 2075 1375 2111 κτείνει
1394 2073 1464 2109 τόν
1485 2074 1534 2112 G.

271 2133 460 2168 assuefecit
482 2132 647 2168 moribus.
694 2132 764 2168 Hic
790 2133 834 2168 de
853 2133 1022 2180 Hyrcano
1042 2134 1131 2169 bene
1161 2133 1326 2175 meritus,
1348 2132 1482 2168 divitiis
1510 2136 1546 2167 et
1564 2132 1766 2174 honoribus,

271 2180 317 2214 ob
336 2191 410 2214 eam
429 2192 500 2226 qua
521 2181 686 2215 utebatur
713 2180 751 2215 in
769 2181 874 2216 rebus
897 2181 1045 2226 agendis
1069 2180 1285 2226 vigilantiam
1308 2183 1345 2214 et
1369 2179 1613 2214 dexteritatem
1643 2185 1768 2214 auctus

271 2229 348 2268 est3
373 2227 448 2262 eius
466 2239 551 2262 vero
581 2227 651 2262 suit
669 2227 762 2274 apud
779 2227 978 2274 Hyrcanum
998 2227 1238 2269 auctoritatis,
1262 2230 1302 2261 ut
1318 2226 1363 2261 ad
1382 2227 1522 2261 Aretam
1538 2227 1690 2262 Arabum
1708 2238 1768 2261 re-

270 2284 350 2318 gem
379 2273 539 2320 recipere
566 2286 605 2310 se
635 2279 673 2310 et
698 2286 843 2320 regnum
870 2286 1083 2321 recuperare
1113 2274 1289 2309 suaderet.
1334 2273 1456 2308 Noctu
1485 2274 1606 2320 itaque
1627 2286 1703 2309 cum
1723 2285 1767 2308 eo

271 2320 444 2366 profugus
460 2321 506 2356 ad
522 2321 659 2357 Aretam
678 2321 808 2356 Petrae
827 2322 1015 2368 praecipua
1029 2320 1130 2367 regni
1149 2320 1291 2356 Arabici
1306 2319 1452 2355 civitate
1467 2325 1656 2356 morantem
1685 2332 1768 2367 pro-

270 2367 385 2402 fectus
412 2370 488 2410 est,
523 2372 560 2402 et
584 2379 761 2403 munerum
779 2368 943 2403 immenso
969 2369 1125 2414 pondere
1145 2368 1285 2414 copias,
1320 2367 1445 2414 quibus
1469 2379 1612 2414 regnum
1640 2367 1768 2403 iniuria

270 2419 498 2460 praereptum
515 2414 583 2449 sibi
601 2418 794 2461 repararet,
818 2415 993 2461 impetrat.
1031 2416 1209 2451 Exoratus
1230 2417 1353 2449 Aretes
1369 2415 1523 2461 equitum
1543 2414 1768 2462 peditumque

272 2460 464 2496 exercitum
481 2461 526 2496 ad
541 2461 716 2507 myriadas
740 2462 909 2496 hominum
930 2461 1081 2509 quinque
1104 2474 1180 2497 cum
1210 2461 1261 2497 eis
1276 2461 1393 2497 mittit.
1444 2462 1661 2497 Aristobulus
1681 2473 1767 2496 con-

271 2507 406 2544 flictum
421 2508 593 2544 sustinere
604 2520 672 2544 non
689 2520 792 2544 ausus
808 2513 845 2544 et
862 2509 1136 2556 Hierosolymam
1154 2521 1192 2545 se
1203 2509 1379 2556 recipiens
1398 2508 1523 2544 stricta
1532 2509 1686 2554 cingitur
1704 2509 1768 2543 ob-

273 2554 427 2598 sidione3
449 2555 587 2602 iamque
603 2568 624 2591 a
641 2555 713 2590 suis
727 2555 913 2591 derelictus
932 2556 970 2591 in
990 2558 1140 2592 hostium
1155 2557 1311 2592 venisset
1328 2561 1548 2603 potestatem,
1567 2555 1635 2590 nisi
1653 2556 1767 2591 Scau-

273 2613 335 2637 rus
354 2614 377 2638 a
389 2602 547 2638 Gemello
564 2606 602 2638 et
612 2603 770 2638 Pollione
786 2609 945 2639 recenter
957 2605 1026 2640 dux
1037 2605 1231 2647 institutus,
1254 2604 1324 2639 iter
1339 2604 1547 2638 Damascum
1563 2613 1683 2649 agens,
1707 2606 1766 2638 ta-

273 2648 380 2685 lentis
402 2653 458 2686 ter
479 2654 614 2686 centum
641 2650 686 2684 ab
704 2649 907 2686 Aristobulo
927 2652 1082 2699 acceptis
1107 2652 1161 2687 ius
1187 2663 1286 2687 omne
1310 2655 1612 2697 praetergressus,
1638 2649 1767 2696 legatis

273 2697 322 2732 ad
339 2697 540 2743 Hyrcanum
556 2701 593 2733 et
610 2697 744 2733 Arabas
761 2697 897 2740 missis,
922 2699 1079 2746 Pompeii
1098 2705 1311 2745 senatusque
1326 2697 1608 2743 indignationem,
1633 2697 1671 2732 ni
1684 2697 1768 2732 Ari-

274 2744 444 2779 stobulum
460 2743 640 2780 obsidione
657 2744 868 2787 liberarent,
891 2746 1020 2782 fuisset
1037 2746 1274 2782 comminatus.
1321 2745 1448 2781 Aretas
1465 2744 1676 2786 exterritus,
1702 2755 1766 2778 ex-

272 2790 386 2826 ercitu
404 2791 538 2834 soluto,
562 2791 725 2828 Arabiam
740 2791 882 2838 repetit.
929 2793 1041 2829 Porro
1060 2794 1281 2830 Aristobulus
1300 2803 1375 2827 cum
1392 2791 1437 2826 iis
1453 2792 1514 2838 qui
1530 2796 1650 2837 partes
1665 2791 1766 2836 Hyr-

274 2837 355 2872 cani
372 2841 410 2873 et
429 2837 608 2885 Antipatri
629 2839 815 2874 tuebantur
842 2839 888 2874 ad
912 2840 1131 2888 Papyronem
1158 2851 1364 2886 congressus
1384 2838 1645 2886 Cephallionem
1665 2836 1766 2874 Anti·

275 2884 372 2931 patri
388 2885 532 2922 fratrem
548 2885 716 2922 interficit
727 2909 740 2931 ,
762 2886 972 2934 reliquorum
990 2899 1096 2937 supra
1112 2899 1175 2926 sex
1191 2887 1341 2925 minibus
1359 2886 1558 2935 prostratis.
