<?xml version="1.0" encoding="UTF-8"?>
<!DOCTYPE html PUBLIC "-//W3C//DTD XHTML 1.0 Transitional//EN"
    "http://www.w3.org/TR/xhtml1/DTD/xhtml1-transitional.dtd">
<html xmlns="http://www.w3.org/1999/xhtml" xml:lang="en" lang="en">
 <head>
  <title>
</title>
<meta http-equiv="Content-Type" content="text/html;charset=utf-8" />
  <meta name='ocr-system' content='tesseract 3.04.00' />
  <meta name='ocr-capabilities' content='ocr_page ocr_carea ocr_par ocr_line ocrx_word'/>
</head>
<body>
  <div class='ocr_page' id='page_1' title='image "./corpusscriptorum20niebuoft_0396.png"; bbox 0 0 1800 3236; ppageno 0'>
   <div class='ocr_carea' id='block_1_1' title="bbox 224 182 1266 240">
    <p class='ocr_par' dir='ltr' id='par_1_1' title="bbox 224 182 1266 240">
     <span class='ocr_line' id='line_1_1' title="bbox 224 182 1266 240; baseline 0.01 -10"><span class='ocrx_word' id='word_1_1' title='bbox 224 182 331 231; x_wconf 71' lang='lat'><strong>382</strong></span> <span class='ocrx_word' id='word_1_2' title='bbox 689 188 944 237; x_wconf 88' lang='lat' dir='ltr'><strong>GEORGII</strong></span> <span class='ocrx_word' id='word_1_3' title='bbox 975 192 1266 240; x_wconf 90' lang='lat' dir='ltr'><strong>SYNCELLI</strong></span> 
     </span>
    </p>
   </div>
   <div class='ocr_carea' id='block_1_2' title="bbox 174 299 1791 1714">
    <p class='ocr_par' dir='ltr' id='par_1_2' title="bbox 174 299 1791 1714">
     <span class='ocr_line' id='line_1_2' title="bbox 222 299 1735 363; baseline 0.011 -20"><span class='ocrx_word' id='word_1_4' title='bbox 222 299 439 358; x_wconf 71' lang='grc' dir='ltr'><strong><em>ἐμφαίνειν</em></strong></span> <span class='ocrx_word' id='word_1_5' title='bbox 466 299 513 346; x_wconf 75' lang='grc' dir='ltr'><strong><em>ἓν</em></strong></span> <span class='ocrx_word' id='word_1_6' title='bbox 540 299 648 361; x_wconf 82' lang='grc' dir='ltr'><strong><em>ποίῳ</em></strong></span> <span class='ocrx_word' id='word_1_7' title='bbox 676 299 819 363; x_wconf 80' lang='grc' dir='ltr'><em>χρόνῳ</em></span> <span class='ocrx_word' id='word_1_8' title='bbox 851 307 938 347; x_wconf 83' lang='grc' dir='ltr'><strong>τῶν</strong></span> <span class='ocrx_word' id='word_1_9' title='bbox 967 305 1178 360; x_wconf 74' lang='grc' dir='ltr'><strong><em>βασιλέων</em></strong></span> <span class='ocrx_word' id='word_1_10' title='bbox 1203 305 1344 353; x_wconf 75' lang='grc' dir='ltr'><strong><em>Ἰούδα</em></strong></span> <span class='ocrx_word' id='word_1_11' title='bbox 1373 309 1550 363; x_wconf 68' lang='grc' dir='ltr'><strong><em>ἕκαστος</em></strong></span> <span class='ocrx_word' id='word_1_12' title='bbox 1576 316 1663 357; x_wconf 81' lang='grc' dir='ltr'><strong>τῶν</strong></span> <span class='ocrx_word' id='word_1_13' title='bbox 1691 314 1735 359; x_wconf 74' lang='grc' dir='ltr'><strong><em>ἓν</em></strong></span> 
     </span>
     <span class='ocr_line' id='line_1_3' title="bbox 220 370 1733 437; baseline 0.009 -21"><span class='ocrx_word' id='word_1_14' title='bbox 220 372 441 433; x_wconf 71' lang='grc' dir='ltr'><strong><em>Σαμαρείᾳ</em></strong></span> <span class='ocrx_word' id='word_1_15' title='bbox 458 370 801 427; x_wconf 78' lang='grc' dir='ltr'><strong><em>βασιλευσάντων</em></strong></span> <span class='ocrx_word' id='word_1_16' title='bbox 819 372 979 432; x_wconf 69' lang='grc' dir='ltr'><strong><em>ἤρξατο</em></strong></span> <span class='ocrx_word' id='word_1_17' title='bbox 997 375 1250 433; x_wconf 78' lang='grc' dir='ltr'><strong><em>βασιλεύειν,</em></strong></span> <span class='ocrx_word' id='word_1_18' title='bbox 1280 380 1389 437; x_wconf 82' lang='grc' dir='ltr'><strong><em>μηδ’</em></strong></span> <span class='ocrx_word' id='word_1_19' title='bbox 1413 377 1468 425; x_wconf 74' lang='grc' dir='ltr'><strong>αὖ</strong></span> <span class='ocrx_word' id='word_1_20' title='bbox 1489 380 1616 427; x_wconf 78' lang='grc' dir='ltr'><strong><em>πάλιν</em></strong></span> <span class='ocrx_word' id='word_1_21' title='bbox 1634 384 1733 429; x_wconf 70' lang='grc' dir='ltr'><strong><em>ἕκα-</em></strong></span> 
     </span>
     <span class='ocr_line' id='line_1_4' title="bbox 221 440 1736 512; baseline 0.009 -26"><span class='ocrx_word' id='word_1_22' title='bbox 221 457 326 494; x_wconf 88' lang='grc' dir='ltr'><strong><em>στος</em></strong></span> <span class='ocrx_word' id='word_1_23' title='bbox 353 446 439 486; x_wconf 84' lang='grc' dir='ltr'><strong>τῶν</strong></span> <span class='ocrx_word' id='word_1_24' title='bbox 477 444 522 487; x_wconf 76' lang='grc' dir='ltr'><strong><em>ἓν</em></strong></span> <span class='ocrx_word' id='word_1_25' title='bbox 541 440 817 500; x_wconf 78' lang='grc' dir='ltr'><strong><em>Ἰερουσαλὴμ</em></strong></span> <span class='ocrx_word' id='word_1_26' title='bbox 836 444 1181 500; x_wconf 77' lang='grc' dir='ltr'><strong><em>βασιλευσάντων</em></strong></span> <span class='ocrx_word' id='word_1_27' title='bbox 1202 449 1246 493; x_wconf 75' lang='grc' dir='ltr'><strong><em>ἓν</em></strong></span> <span class='ocrx_word' id='word_1_28' title='bbox 1263 452 1371 512; x_wconf 85' lang='grc' dir='ltr'><strong><em>ποίῳ</em></strong></span> <span class='ocrx_word' id='word_1_29' title='bbox 1394 450 1473 495; x_wconf 63' lang='grc' dir='ltr'><strong><em>ἔτει</em></strong></span> <span class='ocrx_word' id='word_1_30' title='bbox 1500 457 1587 497; x_wconf 75' lang='grc' dir='ltr'><strong>τῶν</strong></span> <span class='ocrx_word' id='word_1_31' title='bbox 1607 459 1736 510; x_wconf 83' lang='grc' dir='ltr'><strong><em>βασι-</em></strong></span> 
     </span>
     <span class='ocr_line' id='line_1_5' title="bbox 221 512 1735 583; baseline 0.009 -27"><span class='ocrx_word' id='word_1_32' title='bbox 221 512 329 558; x_wconf 77' lang='grc' dir='ltr'><strong><em>λέων</em></strong></span> <span class='ocrx_word' id='word_1_33' title='bbox 355 512 527 572; x_wconf 82' lang='grc' dir='ltr'><strong><em>Ἰσραὴλ</em></strong></span> <span class='ocrx_word' id='word_1_34' title='bbox 556 512 715 571; x_wconf 70' lang='grc' dir='ltr'><strong><em>ἤρξατο</em></strong></span> <span class='ocrx_word' id='word_1_35' title='bbox 735 521 925 572; x_wconf 77' lang='grc' dir='ltr'><strong><em>κρατεῖν,</em></strong></span> <span class='ocrx_word' id='word_1_36' title='bbox 962 514 1087 572; x_wconf 84' lang='grc' dir='ltr'><strong><em>μόλις</em></strong></span> <span class='ocrx_word' id='word_1_37' title='bbox 1106 518 1331 578; x_wconf 74' lang='grc' dir='ltr'><strong>ἠδυνήθην</strong></span> <span class='ocrx_word' id='word_1_38' title='bbox 1351 520 1582 580; x_wconf 71' lang='grc' dir='ltr'><strong><em>σύμφωνον</em></strong></span> <span class='ocrx_word' id='word_1_39' title='bbox 1601 522 1735 583; x_wconf 83' lang='grc' dir='ltr'><strong><em>εὖρεῖν</em></strong></span> 
     </span>
     <span class='ocr_line' id='line_1_6' title="bbox 222 582 1763 651; baseline 0.008 -23"><span class='ocrx_word' id='word_1_40' title='bbox 222 583 272 628; x_wconf 77' lang='grc' dir='ltr'><strong><em>τὸ</em></strong></span> <span class='ocrx_word' id='word_1_41' title='bbox 309 588 478 642; x_wconf 84' lang='grc' dir='ltr'><strong><em>πρῶτον</em></strong></span> <span class='ocrx_word' id='word_1_42' title='bbox 512 582 606 635; x_wconf 65' lang='grc' dir='ltr'><strong><em>ἔτος</em></strong></span> <span class='ocrx_word' id='word_1_43' title='bbox 629 583 758 641; x_wconf 79' lang='grc' dir='ltr'><strong><em>Ὠσηὲ</em></strong></span> <span class='ocrx_word' id='word_1_44' title='bbox 787 585 894 643; x_wconf 81' lang='grc' dir='ltr'><strong><em>πρὸς</em></strong></span> <span class='ocrx_word' id='word_1_45' title='bbox 920 586 969 630; x_wconf 87' lang='grc' dir='ltr'><strong><em>τὸ</em></strong></span> <span class='ocrx_word' id='word_1_46' title='bbox 1000 585 1057 642; x_wconf 83' lang='grc' dir='ltr'><strong>ιβ’</strong></span> <span class='ocrx_word' id='word_1_47' title='bbox 1072 588 1222 646; x_wconf 75' lang='grc' dir='ltr'><strong><em>Ἄχαζ,</em></strong></span> <span class='ocrx_word' id='word_1_48' title='bbox 1262 592 1333 635; x_wconf 81' lang='grc' dir='ltr'><strong><em>διὰ</em></strong></span> <span class='ocrx_word' id='word_1_49' title='bbox 1356 592 1404 637; x_wconf 81' lang='grc' dir='ltr'><strong><em>τὸ</em></strong></span> <span class='ocrx_word' id='word_1_50' title='bbox 1425 591 1566 637; x_wconf 79' lang='grc' dir='ltr'><strong><em>πάντα</em></strong></span> <span class='ocrx_word' id='word_1_51' title='bbox 1585 596 1763 651; x_wconf 78' lang='grc' dir='ltr'><strong><em>σχεδόνό</em></strong></span> 
     </span>
     <span class='ocr_line' id='line_1_7' title="bbox 184 653 1733 724; baseline 0.01 -28"><span class='ocrx_word' id='word_1_52' title='bbox 184 654 282 698; x_wconf 65' lang='lat' dir='ltr'><strong>Bu&gt;</strong></span> <span class='ocrx_word' id='word_1_53' title='bbox 315 654 554 713; x_wconf 63' lang='lat' dir='ltr'><strong>‹ivrlypaaepa</strong></span> <span class='ocrx_word' id='word_1_54' title='bbox 581 653 655 698; x_wconf 80' lang='grc' dir='ltr'><strong>τὸν</strong></span> <span class='ocrx_word' id='word_1_55' title='bbox 691 656 830 699; x_wconf 79' lang='grc' dir='ltr'><strong><em>Φακεὲ</em></strong></span> <span class='ocrx_word' id='word_1_56' title='bbox 859 655 954 710; x_wconf 78' lang='grc' dir='ltr'><strong><em>υἱὸν</em></strong></span> <span class='ocrx_word' id='word_1_57' title='bbox 985 655 1198 714; x_wconf 84' lang='grc' dir='ltr'><strong><em>Ῥομελίου</em></strong></span> <span class='ocrx_word' id='word_1_58' title='bbox 1231 661 1258 719; x_wconf 76' lang='grc' dir='ltr'>ἢ</span> <span class='ocrx_word' id='word_1_59' title='bbox 1293 661 1348 719; x_wconf 86' lang='grc' dir='ltr'><strong><em>ιη’</em></strong></span> <span class='ocrx_word' id='word_1_60' title='bbox 1377 662 1448 720; x_wconf 71' lang='grc' dir='ltr'><strong><em>ξ’τη</em></strong></span> <span class='ocrx_word' id='word_1_61' title='bbox 1475 662 1502 721; x_wconf 76' lang='grc' dir='ltr'><em>ἢ</em></span> <span class='ocrx_word' id='word_1_62' title='bbox 1534 663 1571 708; x_wconf 88' lang='grc' dir='ltr'><strong>κ’</strong></span> <span class='ocrx_word' id='word_1_63' title='bbox 1604 666 1733 724; x_wconf 75' lang='grc' dir='ltr'><strong><em>λέγειν</em></strong></span> 
     </span>
     <span class='ocr_line' id='line_1_8' title="bbox 219 725 1732 798; baseline 0.007 -29"><span class='ocrx_word' id='word_1_64' title='bbox 219 725 512 783; x_wconf 75' lang='grc' dir='ltr'><strong><em>κεκρατηκέναι</em></strong></span> <span class='ocrx_word' id='word_1_65' title='bbox 543 729 628 770; x_wconf 84' lang='grc' dir='ltr'><strong>τῶν</strong></span> <span class='ocrx_word' id='word_1_66' title='bbox 659 726 703 769; x_wconf 74' lang='grc' dir='ltr'><strong><em>ἓν</em></strong></span> <span class='ocrx_word' id='word_1_67' title='bbox 733 729 956 789; x_wconf 69' lang='grc' dir='ltr'><strong><em>Σαμαρείᾳ</em></strong></span> <span class='ocrx_word' id='word_1_68' title='bbox 985 726 1012 771; x_wconf 86' lang='grc' dir='ltr'><strong><em>ι’</em></strong></span> <span class='ocrx_word' id='word_1_69' title='bbox 1046 735 1204 788; x_wconf 75' lang='grc' dir='ltr'><strong><em>φυλῶν.</em></strong></span> <span class='ocrx_word' id='word_1_70' title='bbox 1251 734 1294 776; x_wconf 70' lang='grc' dir='ltr'><strong><em>ἓν</em></strong></span> <span class='ocrx_word' id='word_1_71' title='bbox 1325 731 1383 776; x_wconf 76' lang='grc' dir='ltr'><strong><em>ἓνὶ</em></strong></span> <span class='ocrx_word' id='word_1_72' title='bbox 1409 735 1456 778; x_wconf 81' lang='grc' dir='ltr'><strong>δὲ</strong></span> <span class='ocrx_word' id='word_1_73' title='bbox 1487 734 1732 798; x_wconf 71' lang='grc' dir='ltr'><strong><em>ἀντιγράφω</em></strong></span> 
     </span>
     <span class='ocr_line' id='line_1_9' title="bbox 217 795 1784 862; baseline 0.008 -24"><span class='ocrx_word' id='word_1_74' title='bbox 217 797 313 839; x_wconf 85' lang='grc' dir='ltr'><strong><em>λίαν</em></strong></span> <span class='ocrx_word' id='word_1_75' title='bbox 341 795 615 856; x_wconf 73' lang='grc' dir='ltr'><strong><em>ἠκριβωμένῳ</em></strong></span> <span class='ocrx_word' id='word_1_76' title='bbox 646 795 756 840; x_wconf 80' lang='grc' dir='ltr'><strong><em>κατά</em></strong></span> <span class='ocrx_word' id='word_1_77' title='bbox 779 814 824 841; x_wconf 85' lang='grc' dir='ltr'><strong>τε</strong></span> <span class='ocrx_word' id='word_1_78' title='bbox 846 798 1024 855; x_wconf 81' lang='grc' dir='ltr'><strong><em>στιγμὴν</em></strong></span> <span class='ocrx_word' id='word_1_79' title='bbox 1043 802 1112 844; x_wconf 82' lang='grc' dir='ltr'><strong>καὶ</strong></span> <span class='ocrx_word' id='word_1_80' title='bbox 1132 804 1376 862; x_wconf 74' lang='grc' dir='ltr'><strong><em>προσῳδίαν</em></strong></span> <span class='ocrx_word' id='word_1_81' title='bbox 1396 805 1440 847; x_wconf 74' lang='grc' dir='ltr'><strong>ἐκ</strong></span> <span class='ocrx_word' id='word_1_82' title='bbox 1458 809 1535 862; x_wconf 79' lang='grc' dir='ltr'><strong>τῆς</strong></span> <span class='ocrx_word' id='word_1_83' title='bbox 1558 807 1601 849; x_wconf 79' lang='grc' dir='ltr'><strong><em>ἐν</em></strong></span> <span class='ocrx_word' id='word_1_84' title='bbox 1619 810 1733 850; x_wconf 86' lang='grc' dir='ltr'><strong><em>Και-</em></strong></span> <span class='ocrx_word' id='word_1_85' title='bbox 1777 836 1784 843; x_wconf 77' lang='grc'>-</span> 
     </span>
     <span class='ocr_line' id='line_1_10' title="bbox 217 867 1733 937; baseline 0.007 -27"><span class='ocrx_word' id='word_1_86' title='bbox 217 867 366 928; x_wconf 75' lang='grc' dir='ltr'><strong><em>σαρείᾳ</em></strong></span> <span class='ocrx_word' id='word_1_87' title='bbox 393 871 473 924; x_wconf 77' lang='grc' dir='ltr'><strong><em>τῆς</em></strong></span> <span class='ocrx_word' id='word_1_88' title='bbox 488 869 802 920; x_wconf 79' lang='grc' dir='ltr'><strong><em>Καππαδοκίας</em></strong></span> <span class='ocrx_word' id='word_1_89' title='bbox 830 867 1003 913; x_wconf 70' lang='grc' dir='ltr'><strong><em>ἐλθόντι</em></strong></span> <span class='ocrx_word' id='word_1_90' title='bbox 1021 872 1081 922; x_wconf 81' lang='grc' dir='ltr'><strong>εἷς</strong></span> <span class='ocrx_word' id='word_1_91' title='bbox 1105 873 1176 928; x_wconf 78' lang='grc' dir='ltr'><strong><em>ἐμὲ</em></strong></span> <span class='ocrx_word' id='word_1_92' title='bbox 1195 872 1505 932; x_wconf 79' lang='grc' dir='ltr'><strong><em>βιβλιοθήκης,</em></strong></span> <span class='ocrx_word' id='word_1_93' title='bbox 1544 876 1587 920; x_wconf 76' lang='grc' dir='ltr'><strong><em>ἐν</em></strong></span> <span class='ocrx_word' id='word_1_94' title='bbox 1607 871 1640 937; x_wconf 79' lang='grc' dir='ltr'><em>ᾧ</em></span> <span class='ocrx_word' id='word_1_95' title='bbox 1662 879 1733 921; x_wconf 76' lang='grc' dir='ltr'><strong>καὶ</strong></span> 
     </span>
     <span class='ocr_line' id='line_1_11' title="bbox 218 935 1791 997; baseline 0.008 -17"><span class='ocrx_word' id='word_1_96' title='bbox 218 938 493 996; x_wconf 74' lang='grc' dir='ltr'><strong><em>ἐπεγέγραπτο</em></strong></span> <span class='ocrx_word' id='word_1_97' title='bbox 515 935 571 989; x_wconf 82' lang='grc' dir='ltr'><strong><em>ὥς</em></strong></span> <span class='ocrx_word' id='word_1_98' title='bbox 590 935 611 981; x_wconf 82' lang='grc' dir='ltr'><em>ὃ</em></span> <span class='ocrx_word' id='word_1_99' title='bbox 634 938 765 995; x_wconf 78' lang='grc' dir='ltr'><strong><em>με’γας</em></strong></span> <span class='ocrx_word' id='word_1_100' title='bbox 783 940 853 982; x_wconf 80' lang='grc' dir='ltr'><strong>καὶ</strong></span> <span class='ocrx_word' id='word_1_101' title='bbox 872 944 993 992; x_wconf 82' lang='grc' dir='ltr'><strong><em>θεῖος</em></strong></span> <span class='ocrx_word' id='word_1_102' title='bbox 1019 944 1243 995; x_wconf 80' lang='grc' dir='ltr'><strong><em>Βασίλειος</em></strong></span> <span class='ocrx_word' id='word_1_103' title='bbox 1260 943 1312 988; x_wconf 75' lang='grc' dir='ltr'><strong><em>τὰ</em></strong></span> <span class='ocrx_word' id='word_1_104' title='bbox 1335 945 1379 997; x_wconf 72' lang='grc' dir='ltr'><strong>ἐξ</strong></span> <span class='ocrx_word' id='word_1_105' title='bbox 1399 939 1602 992; x_wconf 76' lang='grc' dir='ltr'><strong><em>ὧνὲκεῖνο</em></strong></span> <span class='ocrx_word' id='word_1_106' title='bbox 1627 947 1731 992; x_wconf 77' lang='grc' dir='ltr'><strong><em>ἀπε·</em></strong></span> <span class='ocrx_word' id='word_1_107' title='bbox 1744 956 1791 992; x_wconf 90' lang='grc'><strong>10</strong></span> 
     </span>
     <span class='ocr_line' id='line_1_12' title="bbox 214 1006 1731 1076; baseline 0.007 -25"><span class='ocrx_word' id='word_1_108' title='bbox 214 1006 359 1067; x_wconf 81' lang='grc' dir='ltr'><strong><em>γράφη</em></strong></span> <span class='ocrx_word' id='word_1_109' title='bbox 387 1007 626 1064; x_wconf 77' lang='grc' dir='ltr'><strong><em>ἇντιβαλών</em></strong></span> <span class='ocrx_word' id='word_1_110' title='bbox 656 1007 940 1067; x_wconf 74' lang='grc' dir='ltr'><strong><em>διωρθώσατο</em></strong></span> <span class='ocrx_word' id='word_1_111' title='bbox 968 1014 1139 1067; x_wconf 76' lang='grc' dir='ltr'><strong><em>βιβλία,</em></strong></span> <span class='ocrx_word' id='word_1_112' title='bbox 1180 1015 1223 1059; x_wconf 76' lang='grc' dir='ltr'><strong><em>ἐν</em></strong></span> <span class='ocrx_word' id='word_1_113' title='bbox 1258 1013 1396 1076; x_wconf 79' lang='grc' dir='ltr'><strong><em>τούτῳ</em></strong></span> <span class='ocrx_word' id='word_1_114' title='bbox 1429 1011 1502 1060; x_wconf 70' lang='grc' dir='ltr'><strong><em>οὖν</em></strong></span> <span class='ocrx_word' id='word_1_115' title='bbox 1524 1011 1646 1075; x_wconf 63' lang='grc' dir='ltr'><strong><em>εἷνρον</em></strong></span> <span class='ocrx_word' id='word_1_116' title='bbox 1665 1017 1731 1076; x_wconf 82' lang='grc' dir='ltr'><strong>κη’</strong></span> 
     </span>
     <span class='ocr_line' id='line_1_13' title="bbox 215 1077 1730 1145; baseline 0.007 -23"><span class='ocrx_word' id='word_1_117' title='bbox 215 1077 287 1136; x_wconf 74' lang='grc' dir='ltr'><strong><em>ἴτη</em></strong></span> <span class='ocrx_word' id='word_1_118' title='bbox 318 1082 395 1135; x_wconf 81' lang='grc' dir='ltr'><strong>τῆς</strong></span> <span class='ocrx_word' id='word_1_119' title='bbox 420 1080 638 1134; x_wconf 84' lang='grc' dir='ltr'><strong><em>βασιλείας</em></strong></span> <span class='ocrx_word' id='word_1_120' title='bbox 673 1081 833 1134; x_wconf 77' lang='grc' dir='ltr'><strong><em>Φακεὲ,</em></strong></span> <span class='ocrx_word' id='word_1_121' title='bbox 872 1083 942 1124; x_wconf 78' lang='grc' dir='ltr'><strong>καὶ</strong></span> <span class='ocrx_word' id='word_1_122' title='bbox 970 1085 1194 1141; x_wconf 78' lang='grc' dir='ltr'><strong><em>συγκρίνας</em></strong></span> <span class='ocrx_word' id='word_1_123' title='bbox 1224 1085 1331 1144; x_wconf 80' lang='grc' dir='ltr'><strong><em>πρὸς</em></strong></span> <span class='ocrx_word' id='word_1_124' title='bbox 1361 1086 1410 1130; x_wconf 85' lang='grc' dir='ltr'><strong><em>τὸ</em></strong></span> <span class='ocrx_word' id='word_1_125' title='bbox 1433 1087 1649 1145; x_wconf 76' lang='grc' dir='ltr'><strong><em>εἰρημένον</em></strong></span> <span class='ocrx_word' id='word_1_126' title='bbox 1673 1087 1730 1145; x_wconf 87' lang='grc' dir='ltr'><strong><em>ιβ’</em></strong></span> 
     </span>
     <span class='ocr_line' id='line_1_14' title="bbox 215 1147 1730 1215; baseline 0.007 -22"><span class='ocrx_word' id='word_1_127' title='bbox 215 1147 308 1200; x_wconf 68' lang='grc' dir='ltr'><strong><em>ἴτος</em></strong></span> <span class='ocrx_word' id='word_1_128' title='bbox 333 1148 466 1206; x_wconf 82' lang='grc' dir='ltr'><strong><em>’Άχαζ</em></strong></span> <span class='ocrx_word' id='word_1_129' title='bbox 488 1154 652 1206; x_wconf 84' lang='grc' dir='ltr'><strong><em>μᾶλλον</em></strong></span> <span class='ocrx_word' id='word_1_130' title='bbox 684 1151 848 1209; x_wconf 73' lang='grc' dir='ltr'><strong><em>ἐγγίζειν</em></strong></span> <span class='ocrx_word' id='word_1_131' title='bbox 876 1151 925 1196; x_wconf 83' lang='grc' dir='ltr'><strong><em>τὸ</em></strong></span> <span class='ocrx_word' id='word_1_132' title='bbox 954 1158 1124 1210; x_wconf 84' lang='grc' dir='ltr'><strong><em>πρῶτον</em></strong></span> <span class='ocrx_word' id='word_1_133' title='bbox 1155 1154 1247 1208; x_wconf 65' lang='grc' dir='ltr'><strong><em>ἔτος</em></strong></span> <span class='ocrx_word' id='word_1_134' title='bbox 1266 1156 1392 1213; x_wconf 80' lang='grc' dir='ltr'><strong><em>Ὠσηὲ</em></strong></span> <span class='ocrx_word' id='word_1_135' title='bbox 1418 1157 1526 1201; x_wconf 82' lang='grc' dir='ltr'><strong><em>κατὰ</em></strong></span> <span class='ocrx_word' id='word_1_136' title='bbox 1545 1158 1622 1215; x_wconf 83' lang='grc' dir='ltr'><strong>τὴν</strong></span> <span class='ocrx_word' id='word_1_137' title='bbox 1645 1163 1730 1203; x_wconf 84' lang='grc' dir='ltr'><strong>τῶν</strong></span> 
     </span>
     <span class='ocr_line' id='line_1_15' title="bbox 212 1221 1729 1286; baseline 0.007 -23"><span class='ocrx_word' id='word_1_138' title='bbox 212 1224 438 1276; x_wconf 82' lang='grc' dir='ltr'><strong><em>βασιλειῶν</em></strong></span> <span class='ocrx_word' id='word_1_139' title='bbox 465 1221 657 1280; x_wconf 82' lang='grc' dir='ltr'><strong><em>γραφὴν,</em></strong></span> <span class='ocrx_word' id='word_1_140' title='bbox 698 1221 810 1267; x_wconf 77' lang='grc' dir='ltr'><strong><em>οὕτω</em></strong></span> <span class='ocrx_word' id='word_1_141' title='bbox 842 1224 912 1265; x_wconf 81' lang='grc' dir='ltr'><strong>καὶ</strong></span> <span class='ocrx_word' id='word_1_142' title='bbox 947 1223 1228 1281; x_wconf 77' lang='grc' dir='ltr'><strong><em>ἐστοιχείωσα.</em></strong></span> <span class='ocrx_word' id='word_1_143' title='bbox 1266 1229 1370 1286; x_wconf 78' lang='grc' dir='ltr'><strong><em>φησὶ</em></strong></span> <span class='ocrx_word' id='word_1_144' title='bbox 1390 1227 1469 1286; x_wconf 76' lang='grc' dir='ltr'><strong><em>γὰρ</em></strong></span> <span class='ocrx_word' id='word_1_145' title='bbox 1493 1229 1599 1286; x_wconf 85' lang='grc' dir='ltr'><strong><em>πρὸς</em></strong></span> <span class='ocrx_word' id='word_1_146' title='bbox 1620 1230 1729 1282; x_wconf 78' lang='grc' dir='ltr'><strong><em>λέξιν</em></strong></span> 
     </span>
     <span class='ocr_line' id='line_1_16' title="bbox 210 1282 1786 1355; baseline 0.005 -21"><span class='ocrx_word' id='word_1_147' title='bbox 210 1288 238 1348; x_wconf 79' lang='grc' dir='ltr'>ἧ</span> <span class='ocrx_word' id='word_1_148' title='bbox 272 1289 310 1334; x_wconf 87' lang='grc' dir='ltr'><strong>δ’</strong></span> <span class='ocrx_word' id='word_1_149' title='bbox 340 1295 424 1335; x_wconf 84' lang='grc' dir='ltr'><strong>τῶν</strong></span> <span class='ocrx_word' id='word_1_150' title='bbox 450 1282 675 1347; x_wconf 82' lang='grc' dir='ltr'><strong><em>βασιλειῶν</em></strong></span> <span class='ocrx_word' id='word_1_151' title='bbox 694 1294 777 1347; x_wconf 59' lang='grc' dir='ltr'><strong>»ἓν</strong></span> <span class='ocrx_word' id='word_1_152' title='bbox 799 1293 877 1336; x_wconf 69' lang='grc' dir='ltr'><strong><em>ἔτει</em></strong></span> <span class='ocrx_word' id='word_1_153' title='bbox 898 1291 955 1349; x_wconf 86' lang='grc' dir='ltr'><strong>ιβ’</strong></span> <span class='ocrx_word' id='word_1_154' title='bbox 969 1292 1100 1351; x_wconf 75' lang='grc' dir='ltr'><strong><em>’Ἀχαζ</em></strong></span> <span class='ocrx_word' id='word_1_155' title='bbox 1118 1297 1325 1351; x_wconf 73' lang='grc' dir='ltr'><strong><em>βασιλέως</em></strong></span> <span class='ocrx_word' id='word_1_156' title='bbox 1343 1296 1484 1342; x_wconf 78' lang='grc' dir='ltr'><strong><em>Ἰούδα</em></strong></span> <span class='ocrx_word' id='word_1_157' title='bbox 1508 1300 1727 1355; x_wconf 73' lang='grc' dir='ltr'><strong><em>ἔβασίλευ-</em></strong></span> <span class='ocrx_word' id='word_1_158' title='bbox 1741 1305 1786 1343; x_wconf 86' lang='grc'><strong>15</strong></span> 
     </span>
     <span class='ocr_line' id='line_1_17' title="bbox 174 1360 1730 1426; baseline 0.006 -20"><span class='ocrx_word' id='word_1_159' title='bbox 174 1371 287 1406; x_wconf 79' lang='grc' dir='ltr'><strong><em>Οσεν</em></strong></span> <span class='ocrx_word' id='word_1_160' title='bbox 311 1360 438 1418; x_wconf 77' lang='grc' dir='ltr'><strong><em>Ὠσηὲ</em></strong></span> <span class='ocrx_word' id='word_1_161' title='bbox 467 1362 559 1414; x_wconf 75' lang='grc' dir='ltr'><strong><em>υἱὸς</em></strong></span> <span class='ocrx_word' id='word_1_162' title='bbox 581 1362 691 1407; x_wconf 72' lang='grc' dir='ltr'><strong><em>Ἠλεὶ</em></strong></span> <span class='ocrx_word' id='word_1_163' title='bbox 721 1365 768 1408; x_wconf 72' lang='grc' dir='ltr'><strong><em>ἐν</em></strong></span> <span class='ocrx_word' id='word_1_164' title='bbox 791 1365 1011 1425; x_wconf 72' lang='grc' dir='ltr'><strong><em>Σαμαρείᾳ</em></strong></span> <span class='ocrx_word' id='word_1_165' title='bbox 1033 1366 1098 1409; x_wconf 80' lang='grc' dir='ltr'><strong>ἐπὶ</strong></span> <span class='ocrx_word' id='word_1_166' title='bbox 1115 1366 1284 1426; x_wconf 83' lang='grc' dir='ltr'><strong><em>Ἰσραὴλ</em></strong></span> <span class='ocrx_word' id='word_1_167' title='bbox 1303 1366 1351 1412; x_wconf 87' lang='grc' dir='ltr'><strong>θ’</strong></span> <span class='ocrx_word' id='word_1_168' title='bbox 1371 1367 1455 1426; x_wconf 69' lang='grc' dir='ltr'><strong><em>ἔτη.</em></strong></span> <span class='ocrx_word' id='word_1_169' title='bbox 1471 1368 1498 1389; x_wconf 88' lang='grc'>”</span> <span class='ocrx_word' id='word_1_170' title='bbox 1534 1372 1571 1414; x_wconf 84' lang='grc' dir='ltr'><strong><em>εἲ</em></strong></span> <span class='ocrx_word' id='word_1_171' title='bbox 1587 1372 1730 1416; x_wconf 87' lang='grc' dir='ltr'><strong><em>τοίνυν</em></strong></span> 
     </span>
     <span class='ocr_line' id='line_1_18' title="bbox 209 1432 1730 1498; baseline 0.007 -23"><span class='ocrx_word' id='word_1_172' title='bbox 209 1434 347 1488; x_wconf 80' lang='grc' dir='ltr'><strong><em>δῶμεν</em></strong></span> <span class='ocrx_word' id='word_1_173' title='bbox 374 1432 450 1476; x_wconf 85' lang='grc' dir='ltr'><strong>τὸν</strong></span> <span class='ocrx_word' id='word_1_174' title='bbox 485 1434 645 1488; x_wconf 81' lang='grc' dir='ltr'><strong><em>Φακεὲ,</em></strong></span> <span class='ocrx_word' id='word_1_175' title='bbox 687 1433 744 1486; x_wconf 79' lang='grc' dir='ltr'><strong><em>ὥς</em></strong></span> <span class='ocrx_word' id='word_1_176' title='bbox 779 1433 833 1478; x_wconf 80' lang='grc' dir='ltr'><strong><em>τοὶ</em></strong></span> <span class='ocrx_word' id='word_1_177' title='bbox 866 1435 1002 1479; x_wconf 75' lang='grc' dir='ltr'><strong><em>πολλὰ</em></strong></span> <span class='ocrx_word' id='word_1_178' title='bbox 1024 1441 1108 1481; x_wconf 82' lang='grc' dir='ltr'><strong>τῶν</strong></span> <span class='ocrx_word' id='word_1_179' title='bbox 1132 1436 1424 1498; x_wconf 78' lang='grc' dir='ltr'><strong><em>ἀντιγράφων,</em></strong></span> <span class='ocrx_word' id='word_1_180' title='bbox 1462 1437 1525 1492; x_wconf 74' lang='grc' dir='ltr'><strong><em>οἷς</em></strong></span> <span class='ocrx_word' id='word_1_181' title='bbox 1549 1443 1618 1485; x_wconf 80' lang='grc' dir='ltr'><strong>καὶ</strong></span> <span class='ocrx_word' id='word_1_182' title='bbox 1639 1441 1730 1485; x_wconf 80' lang='grc' dir='ltr'><strong>Εὗ-</strong></span> 
     </span>
     <span class='ocr_line' id='line_1_19' title="bbox 208 1501 1729 1570; baseline 0.007 -24"><span class='ocrx_word' id='word_1_183' title='bbox 208 1503 348 1558; x_wconf 78' lang='grc' dir='ltr'><strong><em>σὲβιος</em></strong></span> <span class='ocrx_word' id='word_1_184' title='bbox 378 1501 672 1561; x_wconf 81' lang='grc' dir='ltr'><strong><em>ἠκολούθησεν</em></strong></span> <span class='ocrx_word' id='word_1_185' title='bbox 680 1539 695 1560; x_wconf 91' lang='grc'><strong><em>,</em></strong></span> <span class='ocrx_word' id='word_1_186' title='bbox 736 1505 807 1562; x_wconf 68' lang='grc' dir='ltr'><strong><em>ἔτη</em></strong></span> <span class='ocrx_word' id='word_1_187' title='bbox 841 1502 898 1563; x_wconf 83' lang='grc' dir='ltr'><strong><em>ιη’</em></strong></span> <span class='ocrx_word' id='word_1_188' title='bbox 919 1504 946 1563; x_wconf 79' lang='grc' dir='ltr'><em>ἢ</em></span> <span class='ocrx_word' id='word_1_189' title='bbox 969 1508 1040 1550; x_wconf 80' lang='grc' dir='ltr'><strong>καὶ</strong></span> <span class='ocrx_word' id='word_1_190' title='bbox 1061 1506 1099 1551; x_wconf 83' lang='grc' dir='ltr'><strong>κ’</strong></span> <span class='ocrx_word' id='word_1_191' title='bbox 1110 1542 1144 1562; x_wconf 20' lang='grc' dir='ltr'><strong>,Ι</strong></span> <span class='ocrx_word' id='word_1_192' title='bbox 1165 1507 1438 1567; x_wconf 69' lang='grc' dir='ltr'><strong><em>εὑρεθήσεται</em></strong></span> <span class='ocrx_word' id='word_1_193' title='bbox 1458 1508 1486 1568; x_wconf 82' lang='grc' dir='ltr'><em>ἢ</em></span> <span class='ocrx_word' id='word_1_194' title='bbox 1515 1510 1625 1569; x_wconf 80' lang='grc' dir='ltr'><strong><em>ἀρχὴ</em></strong></span> <span class='ocrx_word' id='word_1_195' title='bbox 1650 1516 1729 1570; x_wconf 83' lang='grc' dir='ltr'><strong>τῆς</strong></span> 
     </span>
     <span class='ocr_line' id='line_1_20' title="bbox 210 1573 1728 1643; baseline 0.006 -26"><span class='ocrx_word' id='word_1_196' title='bbox 210 1575 429 1628; x_wconf 84' lang='grc' dir='ltr'><strong><em>βασιλείας</em></strong></span> <span class='ocrx_word' id='word_1_197' title='bbox 458 1573 586 1632; x_wconf 80' lang='grc' dir='ltr'><strong><em>Ὠσηὲ</em></strong></span> <span class='ocrx_word' id='word_1_198' title='bbox 619 1580 679 1636; x_wconf 73' lang='grc' dir='ltr'><strong><em>τῷ</em></strong></span> <span class='ocrx_word' id='word_1_199' title='bbox 708 1574 751 1632; x_wconf 87' lang='grc' dir='ltr'><strong>β’</strong></span> <span class='ocrx_word' id='word_1_200' title='bbox 779 1574 859 1620; x_wconf 70' lang='grc' dir='ltr'><strong><em>ἔτει</em></strong></span> <span class='ocrx_word' id='word_1_201' title='bbox 881 1579 1158 1639; x_wconf 76' lang='grc' dir='ltr'><strong><em>πληρουμένῳ</em></strong></span> <span class='ocrx_word' id='word_1_202' title='bbox 1181 1585 1257 1623; x_wconf 80' lang='grc' dir='ltr'><strong><em>τοῦ</em></strong></span> <span class='ocrx_word' id='word_1_203' title='bbox 1269 1580 1400 1637; x_wconf 77' lang='grc' dir='ltr'><strong><em>Ἄχαζ</em></strong></span> <span class='ocrx_word' id='word_1_204' title='bbox 1416 1583 1485 1624; x_wconf 80' lang='grc' dir='ltr'><strong>καὶ</strong></span> <span class='ocrx_word' id='word_1_205' title='bbox 1509 1581 1728 1643; x_wconf 71' lang='grc' dir='ltr'><strong><em>ἀρχομένῳ</em></strong></span> 
     </span>
     <span class='ocr_line' id='line_1_21' title="bbox 206 1645 1784 1714; baseline 0.005 -24"><span class='ocrx_word' id='word_1_206' title='bbox 206 1649 268 1707; x_wconf 74' lang='grc' dir='ltr'><strong><em>τῷ</em></strong></span> <span class='ocrx_word' id='word_1_207' title='bbox 302 1645 446 1707; x_wconf 78' lang='grc' dir='ltr'><strong><em>τρίτῳ.</em></strong></span> <span class='ocrx_word' id='word_1_208' title='bbox 484 1645 533 1690; x_wconf 87' lang='grc' dir='ltr'><strong><em>τὸ</em></strong></span> <span class='ocrx_word' id='word_1_209' title='bbox 563 1647 610 1690; x_wconf 80' lang='grc' dir='ltr'><strong>δὲ</strong></span> <span class='ocrx_word' id='word_1_210' title='bbox 640 1647 782 1703; x_wconf 79' lang='grc' dir='ltr'><strong><em>τέλος,</em></strong></span> <span class='ocrx_word' id='word_1_211' title='bbox 823 1646 925 1708; x_wconf 81' lang='grc' dir='ltr'><strong><em>ὅπερ</em></strong></span> <span class='ocrx_word' id='word_1_212' title='bbox 953 1649 1065 1693; x_wconf 74' lang='grc' dir='ltr'><strong><em>ἐστὶν</em></strong></span> <span class='ocrx_word' id='word_1_213' title='bbox 1093 1649 1141 1694; x_wconf 83' lang='grc' dir='ltr'><strong>θ’</strong></span> <span class='ocrx_word' id='word_1_214' title='bbox 1165 1655 1242 1695; x_wconf 81' lang='grc' dir='ltr'><strong><em>τοῦ</em></strong></span> <span class='ocrx_word' id='word_1_215' title='bbox 1266 1651 1399 1697; x_wconf 77' lang='grc' dir='ltr'><strong><em>αὐτοῦ</em></strong></span> <span class='ocrx_word' id='word_1_216' title='bbox 1411 1652 1553 1710; x_wconf 76' lang='grc' dir='ltr'><strong><em>Ὠσηὲ,</em></strong></span> <span class='ocrx_word' id='word_1_217' title='bbox 1577 1658 1637 1714; x_wconf 78' lang='grc' dir='ltr'><strong><em>τῷ</em></strong></span> <span class='ocrx_word' id='word_1_218' title='bbox 1665 1651 1784 1706; x_wconf 58' lang='grc' dir='ltr'><strong><em>ια’ἓο</em></strong></span> 
     </span>
    </p>
   </div>
   <div class='ocr_carea' id='block_1_3' title="bbox 299 1779 1726 1972">
    <p class='ocr_par' dir='ltr' id='par_1_3' title="bbox 299 1779 1725 1834">
     <span class='ocr_line' id='line_1_22' title="bbox 299 1779 1725 1834; baseline 0.004 -16"><span class='ocrx_word' id='word_1_219' title='bbox 299 1782 337 1818; x_wconf 89' lang='grc'><strong>6.</strong></span> <span class='ocrx_word' id='word_1_220' title='bbox 363 1779 550 1828; x_wconf 78' lang='grc' dir='ltr'><strong><em>ῥωμελίου</em></strong></span> <span class='ocrx_word' id='word_1_221' title='bbox 576 1782 651 1818; x_wconf 88' lang='grc' dir='ltr'><strong>ΑΒ.</strong></span> <span class='ocrx_word' id='word_1_222' title='bbox 746 1784 781 1820; x_wconf 91' lang='grc'><strong>8.</strong></span> <span class='ocrx_word' id='word_1_223' title='bbox 807 1781 849 1820; x_wconf 79' lang='grc' dir='ltr'><strong><em>ἓν</em></strong></span> <span class='ocrx_word' id='word_1_224' title='bbox 868 1783 1090 1831; x_wconf 74' lang='grc' dir='ltr'><strong><em>καισαρειάς</em></strong></span> <span class='ocrx_word' id='word_1_225' title='bbox 1102 1785 1144 1820; x_wconf 92' lang='grc' dir='ltr'><strong>Α.</strong></span> <span class='ocrx_word' id='word_1_226' title='bbox 1245 1786 1301 1822; x_wconf 83' lang='grc'><strong>10.</strong></span> <span class='ocrx_word' id='word_1_227' title='bbox 1330 1784 1451 1823; x_wconf 75' lang='grc' dir='ltr'><strong><em>ἐκεῖνο</em></strong></span> <span class='ocrx_word' id='word_1_228' title='bbox 1464 1798 1508 1822; x_wconf 90' lang='lat' dir='ltr'><strong>m.</strong></span> <span class='ocrx_word' id='word_1_229' title='bbox 1534 1784 1663 1834; x_wconf 78' lang='grc' dir='ltr'><strong><em>ἐκείνῳ</em></strong></span> <span class='ocrx_word' id='word_1_230' title='bbox 1676 1789 1725 1824; x_wconf 89' lang='lat' dir='ltr'><strong>G.</strong></span> 
     </span>
    </p>

    <p class='ocr_par' dir='ltr' id='par_1_4' title="bbox 299 1828 1726 1972">
     <span class='ocr_line' id='line_1_23' title="bbox 372 1828 1724 1884; baseline 0.004 -18"><span class='ocrx_word' id='word_1_231' title='bbox 372 1831 427 1868; x_wconf 85' lang='lat'><strong>15.</strong></span> <span class='ocrx_word' id='word_1_232' title='bbox 454 1828 502 1877; x_wconf 87' lang='grc' dir='ltr'><strong>δ’]</strong></span> <span class='ocrx_word' id='word_1_233' title='bbox 531 1830 620 1875; x_wconf 88' lang='lat' dir='ltr'><strong>Cap.</strong></span> <span class='ocrx_word' id='word_1_234' title='bbox 639 1831 766 1874; x_wconf 88' lang='lat' dir='ltr'>XVII,</span> <span class='ocrx_word' id='word_1_235' title='bbox 793 1834 826 1868; x_wconf 90' lang='lat'><strong>1.</strong></span> <span class='ocrx_word' id='word_1_236' title='bbox 923 1834 980 1869; x_wconf 92' lang='grc'><strong>18.</strong></span> <span class='ocrx_word' id='word_1_237' title='bbox 1009 1829 1032 1878; x_wconf 83' lang='grc' dir='ltr'>ἢ</span> <span class='ocrx_word' id='word_1_238' title='bbox 1050 1832 1114 1868; x_wconf 82' lang='grc' dir='ltr'><strong>καὶ</strong></span> <span class='ocrx_word' id='word_1_239' title='bbox 1135 1833 1177 1869; x_wconf 88' lang='grc' dir='ltr'><strong>Β.</strong></span> <span class='ocrx_word' id='word_1_240' title='bbox 1201 1834 1266 1871; x_wconf 80' lang='grc' dir='ltr'><strong>καὶ</strong></span> <span class='ocrx_word' id='word_1_241' title='bbox 1283 1845 1349 1871; x_wconf 90' lang='lat' dir='ltr'><strong>om.</strong></span> <span class='ocrx_word' id='word_1_242' title='bbox 1367 1835 1415 1870; x_wconf 85' lang='lat' dir='ltr'><strong>G.</strong></span> <span class='ocrx_word' id='word_1_243' title='bbox 1512 1837 1570 1871; x_wconf 86' lang='lat'><strong>19.</strong></span> <span class='ocrx_word' id='word_1_244' title='bbox 1594 1835 1629 1884; x_wconf 88' lang='grc' dir='ltr'><strong>β’</strong></span> <span class='ocrx_word' id='word_1_245' title='bbox 1650 1836 1724 1871; x_wconf 90' lang='lat' dir='ltr'><strong>Bm.</strong></span> 
     </span>
     <span class='ocr_line' id='line_1_24' title="bbox 300 1873 1726 1959; baseline 0.006 -46"><span class='ocrx_word' id='word_1_246' title='bbox 300 1873 350 1936; x_wconf 53' lang='lat' dir='ltr'><strong>:fis</strong></span> <span class='ocrx_word' id='word_1_247' title='bbox 376 1877 426 1913; x_wconf 85' lang='lat' dir='ltr'><strong>G.</strong></span> <span class='ocrx_word' id='word_1_248' title='bbox 444 1924 481 1959; x_wconf 74' lang='lat' dir='ltr'><strong>G</strong></span> <span class='ocrx_word' id='word_1_249' title='bbox 522 1879 770 1927; x_wconf 80' lang='grc' dir='ltr'><strong><em>πληρουμένῳ</em></strong></span> <span class='ocrx_word' id='word_1_250' title='bbox 792 1891 837 1915; x_wconf 89' lang='lat' dir='ltr'><strong>m.</strong></span> <span class='ocrx_word' id='word_1_251' title='bbox 862 1880 1126 1927; x_wconf 84' lang='grc' dir='ltr'><strong><em>πληρουμένου</em></strong></span> <span class='ocrx_word' id='word_1_252' title='bbox 1148 1881 1197 1916; x_wconf 79' lang='lat' dir='ltr'><strong>G.</strong></span> <span class='ocrx_word' id='word_1_253' title='bbox 1300 1879 1493 1930; x_wconf 78' lang='grc' dir='ltr'><strong><em>ἀρχομένῳ</em></strong></span> <span class='ocrx_word' id='word_1_254' title='bbox 1513 1882 1590 1918; x_wconf 87' lang='lat' dir='ltr'><strong>Bm.</strong></span> <span class='ocrx_word' id='word_1_255' title='bbox 1615 1880 1726 1930; x_wconf 79' lang='grc' dir='ltr'><strong><em>ἀρχο-</em></strong></span> 
     </span>
     <span class='ocr_line' id='line_1_25' title="bbox 299 1937 494 1972; baseline 0.005 -11"><span class='ocrx_word' id='word_1_256' title='bbox 299 1937 418 1972; x_wconf 85' lang='grc' dir='ltr'><strong><em>μενου</em></strong></span> <span class='ocrx_word' id='word_1_257' title='bbox 483 1951 494 1962; x_wconf 89' lang='grc'><strong>.</strong></span> 
     </span>
    </p>
   </div>
   <div class='ocr_carea' id='block_1_4' title="bbox 202 2041 1756 2995">
    <p class='ocr_par' dir='ltr' id='par_1_5' title="bbox 202 2041 1756 2995">
     <span class='ocr_line' id='line_1_26' title="bbox 208 2041 1722 2095; baseline 0.005 -19"><span class='ocrx_word' id='word_1_258' title='bbox 208 2041 298 2077; x_wconf 87' lang='lat' dir='ltr'><strong>Iuda</strong></span> <span class='ocrx_word' id='word_1_259' title='bbox 317 2053 438 2088; x_wconf 88' lang='lat' dir='ltr'><strong>regum</strong></span> <span class='ocrx_word' id='word_1_260' title='bbox 465 2041 576 2077; x_wconf 70' lang='lat' dir='ltr'><strong>Israffl</strong></span> <span class='ocrx_word' id='word_1_261' title='bbox 603 2042 733 2089; x_wconf 83' lang='lat' dir='ltr'><strong>singuli</strong></span> <span class='ocrx_word' id='word_1_262' title='bbox 758 2043 940 2080; x_wconf 79' lang='lat' dir='ltr'>Samariae</span> <span class='ocrx_word' id='word_1_263' title='bbox 968 2056 1117 2091; x_wconf 88' lang='lat' dir='ltr'><strong>regnum</strong></span> <span class='ocrx_word' id='word_1_264' title='bbox 1140 2044 1314 2090; x_wconf 78' lang='lat' dir='ltr'><strong>adierint3</strong></span> <span class='ocrx_word' id='word_1_265' title='bbox 1339 2049 1376 2082; x_wconf 80' lang='lat' dir='ltr'><strong>et</strong></span> <span class='ocrx_word' id='word_1_266' title='bbox 1406 2057 1452 2082; x_wconf 85' lang='lat' dir='ltr'><strong>ex</strong></span> <span class='ocrx_word' id='word_1_267' title='bbox 1477 2045 1627 2083; x_wconf 85' lang='lat' dir='ltr'><strong>adverso</strong></span> <span class='ocrx_word' id='word_1_268' title='bbox 1651 2060 1722 2095; x_wconf 89' lang='lat' dir='ltr'><strong>quo</strong></span> 
     </span>
     <span class='ocr_line' id='line_1_27' title="bbox 207 2090 1727 2140; baseline 0.005 -16"><span class='ocrx_word' id='word_1_269' title='bbox 207 2101 330 2135; x_wconf 82' lang='lat' dir='ltr'><strong>regum</strong></span> <span class='ocrx_word' id='word_1_270' title='bbox 360 2090 470 2126; x_wconf 70' lang='lat' dir='ltr'><strong>Israel</strong></span> <span class='ocrx_word' id='word_1_271' title='bbox 501 2102 590 2126; x_wconf 85' lang='lat' dir='ltr'><strong>anno</strong></span> <span class='ocrx_word' id='word_1_272' title='bbox 621 2091 750 2136; x_wconf 85' lang='lat' dir='ltr'><strong>singuli</strong></span> <span class='ocrx_word' id='word_1_273' title='bbox 778 2092 908 2138; x_wconf 87' lang='lat' dir='ltr'><strong>quique</strong></span> <span class='ocrx_word' id='word_1_274' title='bbox 943 2104 1063 2138; x_wconf 86' lang='lat' dir='ltr'><strong>regum</strong></span> <span class='ocrx_word' id='word_1_275' title='bbox 1094 2093 1181 2128; x_wconf 88' lang='lat' dir='ltr'><strong>Iuda</strong></span> <span class='ocrx_word' id='word_1_276' title='bbox 1209 2094 1382 2130; x_wconf 88' lang='lat' dir='ltr'><strong>moderari</strong></span> <span class='ocrx_word' id='word_1_277' title='bbox 1417 2095 1622 2140; x_wconf 78' lang='lat' dir='ltr'>coeperint,</span> <span class='ocrx_word' id='word_1_278' title='bbox 1655 2107 1727 2132; x_wconf 89' lang='lat' dir='ltr'><strong>non</strong></span> 
     </span>
     <span class='ocr_line' id='line_1_28' title="bbox 209 2137 1725 2188; baseline 0.005 -17"><span class='ocrx_word' id='word_1_279' title='bbox 209 2141 334 2182; x_wconf 83' lang='lat' dir='ltr'><strong>aperte</strong></span> <span class='ocrx_word' id='word_1_280' title='bbox 360 2137 578 2183; x_wconf 81' lang='lat' dir='ltr'><strong>significent3</strong></span> <span class='ocrx_word' id='word_1_281' title='bbox 613 2139 757 2173; x_wconf 84' lang='lat' dir='ltr'><strong>attentis</strong></span> <span class='ocrx_word' id='word_1_282' title='bbox 778 2144 814 2174; x_wconf 82' lang='lat' dir='ltr'><strong>et</strong></span> <span class='ocrx_word' id='word_1_283' title='bbox 835 2140 1041 2186; x_wconf 82' lang='lat' dir='ltr'><strong>profundius</strong></span> <span class='ocrx_word' id='word_1_284' title='bbox 1068 2141 1233 2186; x_wconf 83' lang='lat' dir='ltr'><strong>expensis</strong></span> <span class='ocrx_word' id='word_1_285' title='bbox 1253 2153 1376 2188; x_wconf 86' lang='lat' dir='ltr'><strong>regum</strong></span> <span class='ocrx_word' id='word_1_286' title='bbox 1405 2142 1580 2177; x_wconf 83' lang='lat' dir='ltr'><strong>aetatibus</strong></span> <span class='ocrx_word' id='word_1_287' title='bbox 1602 2146 1639 2178; x_wconf 85' lang='lat' dir='ltr'><strong>et</strong></span> <span class='ocrx_word' id='word_1_288' title='bbox 1661 2155 1725 2178; x_wconf 87' lang='lat' dir='ltr'><strong>au-</strong></span> 
     </span>
     <span class='ocr_line' id='line_1_29' title="bbox 207 2184 1724 2234; baseline 0.005 -16"><span class='ocrx_word' id='word_1_289' title='bbox 207 2184 263 2218; x_wconf 88' lang='lat' dir='ltr'><strong>nis</strong></span> <span class='ocrx_word' id='word_1_290' title='bbox 277 2210 287 2227; x_wconf 89' lang='lat'><strong>‚</strong></span> <span class='ocrx_word' id='word_1_291' title='bbox 310 2184 372 2219; x_wconf 86' lang='lat' dir='ltr'><strong>vix</strong></span> <span class='ocrx_word' id='word_1_292' title='bbox 388 2197 430 2219; x_wconf 86' lang='lat' dir='ltr'><strong>ac</strong></span> <span class='ocrx_word' id='word_1_293' title='bbox 451 2197 496 2220; x_wconf 90' lang='lat' dir='ltr'><strong>ne</strong></span> <span class='ocrx_word' id='word_1_294' title='bbox 521 2185 583 2220; x_wconf 83' lang='lat' dir='ltr'><strong>vix</strong></span> <span class='ocrx_word' id='word_1_295' title='bbox 603 2186 741 2232; x_wconf 86' lang='lat' dir='ltr'><strong>quidem</strong></span> <span class='ocrx_word' id='word_1_296' title='bbox 761 2187 857 2222; x_wconf 87' lang='lat' dir='ltr'><strong>Osee</strong></span> <span class='ocrx_word' id='word_1_297' title='bbox 875 2199 1001 2222; x_wconf 86' lang='lat' dir='ltr'><strong>annum</strong></span> <span class='ocrx_word' id='word_1_298' title='bbox 1024 2188 1169 2234; x_wconf 83' lang='lat' dir='ltr'><strong>primum</strong></span> <span class='ocrx_word' id='word_1_299' title='bbox 1188 2188 1223 2222; x_wconf 83' lang='lat' dir='ltr'><strong>in</strong></span> <span class='ocrx_word' id='word_1_300' title='bbox 1241 2191 1361 2224; x_wconf 86' lang='lat' dir='ltr'><strong>Achaz</strong></span> <span class='ocrx_word' id='word_1_301' title='bbox 1383 2188 1620 2224; x_wconf 83' lang='lat' dir='ltr'><strong>duodecimum</strong></span> <span class='ocrx_word' id='word_1_302' title='bbox 1639 2203 1724 2225; x_wconf 88' lang='lat' dir='ltr'><strong>con-</strong></span> 
     </span>
     <span class='ocr_line' id='line_1_30' title="bbox 206 2231 1723 2281; baseline 0.007 -16"><span class='ocrx_word' id='word_1_303' title='bbox 206 2231 405 2266; x_wconf 76' lang='lat' dir='ltr'><strong>venientem</strong></span> <span class='ocrx_word' id='word_1_304' title='bbox 429 2231 527 2278; x_wconf 86' lang='lat' dir='ltr'><strong>potui</strong></span> <span class='ocrx_word' id='word_1_305' title='bbox 548 2233 834 2280; x_wconf 86' lang='lat' dir='ltr'><strong>deprehendere;</strong></span> <span class='ocrx_word' id='word_1_306' title='bbox 859 2234 952 2281; x_wconf 87' lang='lat' dir='ltr'><strong>quod</strong></span> <span class='ocrx_word' id='word_1_307' title='bbox 975 2234 1116 2269; x_wconf 74' lang='lat' dir='ltr'><strong>Pliacee</strong></span> <span class='ocrx_word' id='word_1_308' title='bbox 1134 2235 1240 2270; x_wconf 87' lang='lat' dir='ltr'><strong>filium</strong></span> <span class='ocrx_word' id='word_1_309' title='bbox 1259 2235 1459 2279; x_wconf 87' lang='lat' dir='ltr'><strong>Romeliae,</strong></span> <span class='ocrx_word' id='word_1_310' title='bbox 1483 2237 1541 2272; x_wconf 85' lang='lat' dir='ltr'><strong>vel</strong></span> <span class='ocrx_word' id='word_1_311' title='bbox 1559 2238 1659 2272; x_wconf 84' lang='lat' dir='ltr'><strong>annis</strong></span> <span class='ocrx_word' id='word_1_312' title='bbox 1679 2240 1723 2275; x_wconf 88' lang='lat'><strong>18</strong></span> 
     </span>
     <span class='ocr_line' id='line_1_31' title="bbox 205 2278 1723 2327; baseline 0.004 -13"><span class='ocrx_word' id='word_1_313' title='bbox 205 2278 263 2314; x_wconf 84' lang='lat' dir='ltr'><strong>vel</strong></span> <span class='ocrx_word' id='word_1_314' title='bbox 287 2283 384 2313; x_wconf 84' lang='lat' dir='ltr'><strong>certe</strong></span> <span class='ocrx_word' id='word_1_315' title='bbox 405 2282 472 2322; x_wconf 79' lang='lat'><strong>20,</strong></span> <span class='ocrx_word' id='word_1_316' title='bbox 498 2280 649 2316; x_wconf 87' lang='lat' dir='ltr'><strong>tribuum</strong></span> <span class='ocrx_word' id='word_1_317' title='bbox 672 2281 856 2316; x_wconf 83' lang='lat' dir='ltr'><strong>duodecim</strong></span> <span class='ocrx_word' id='word_1_318' title='bbox 876 2293 1021 2327; x_wconf 83' lang='lat' dir='ltr'><strong>regnum</strong></span> <span class='ocrx_word' id='word_1_319' title='bbox 1043 2281 1077 2316; x_wconf 87' lang='lat' dir='ltr'><strong>in</strong></span> <span class='ocrx_word' id='word_1_320' title='bbox 1106 2282 1266 2317; x_wconf 81' lang='lat' dir='ltr'>Samaria</span> <span class='ocrx_word' id='word_1_321' title='bbox 1287 2283 1442 2318; x_wconf 84' lang='lat' dir='ltr'><strong>tenuisse</strong></span> <span class='ocrx_word' id='word_1_322' title='bbox 1466 2290 1594 2319; x_wconf 82' lang='lat' dir='ltr'><strong>cuncta</strong></span> <span class='ocrx_word' id='word_1_323' title='bbox 1614 2286 1723 2320; x_wconf 82' lang='lat' dir='ltr'><strong>ferme</strong></span> 
     </span>
     <span class='ocr_line' id='line_1_32' title="bbox 206 2326 1723 2372; baseline 0.005 -12"><span class='ocrx_word' id='word_1_324' title='bbox 206 2326 422 2372; x_wconf 83' lang='lat' dir='ltr'><strong>exemplaria</strong></span> <span class='ocrx_word' id='word_1_325' title='bbox 447 2331 641 2370; x_wconf 84' lang='lat' dir='ltr'><strong>testentur3</strong></span> <span class='ocrx_word' id='word_1_326' title='bbox 674 2328 764 2363; x_wconf 83' lang='lat' dir='ltr'><strong>alter</strong></span> <span class='ocrx_word' id='word_1_327' title='bbox 789 2334 906 2364; x_wconf 83' lang='lat' dir='ltr'><strong>tamen</strong></span> <span class='ocrx_word' id='word_1_328' title='bbox 934 2330 1043 2363; x_wconf 85' lang='lat' dir='ltr'>codex</span> <span class='ocrx_word' id='word_1_329' title='bbox 1064 2329 1107 2363; x_wconf 89' lang='lat' dir='ltr'><strong>ob</strong></span> <span class='ocrx_word' id='word_1_330' title='bbox 1137 2341 1299 2365; x_wconf 82' lang='lat' dir='ltr'><strong>summam</strong></span> <span class='ocrx_word' id='word_1_331' title='bbox 1323 2342 1399 2366; x_wconf 91' lang='lat' dir='ltr'><strong>cum</strong></span> <span class='ocrx_word' id='word_1_332' title='bbox 1421 2337 1626 2367; x_wconf 81' lang='lat' dir='ltr'>accentuum</span> <span class='ocrx_word' id='word_1_333' title='bbox 1650 2338 1723 2367; x_wconf 84' lang='lat' dir='ltr'><strong>tum</strong></span> 
     </span>
     <span class='ocr_line' id='line_1_33' title="bbox 206 2373 1721 2422; baseline 0.005 -15"><span class='ocrx_word' id='word_1_334' title='bbox 206 2373 429 2420; x_wconf 88' lang='lat' dir='ltr'><strong>propriorum</strong></span> <span class='ocrx_word' id='word_1_335' title='bbox 457 2374 586 2420; x_wconf 90' lang='lat' dir='ltr'><strong>cuique</strong></span> <span class='ocrx_word' id='word_1_336' title='bbox 608 2375 755 2410; x_wconf 87' lang='lat' dir='ltr'><strong>dictioni</strong></span> <span class='ocrx_word' id='word_1_337' title='bbox 783 2376 1021 2411; x_wconf 78' lang='lat' dir='ltr'><strong>characterum</strong></span> <span class='ocrx_word' id='word_1_338' title='bbox 1050 2375 1288 2422; x_wconf 85' lang='lat' dir='ltr'><strong>integritatem</strong></span> <span class='ocrx_word' id='word_1_339' title='bbox 1309 2378 1591 2422; x_wconf 84' lang='lat' dir='ltr'><strong>commendatus,</strong></span> <span class='ocrx_word' id='word_1_340' title='bbox 1618 2384 1655 2415; x_wconf 84' lang='lat' dir='ltr'><strong>et</strong></span> <span class='ocrx_word' id='word_1_341' title='bbox 1675 2392 1721 2415; x_wconf 89' lang='lat' dir='ltr'><strong>ex</strong></span> 
     </span>
     <span class='ocr_line' id='line_1_34' title="bbox 205 2419 1722 2472; baseline 0.004 -16"><span class='ocrx_word' id='word_1_342' title='bbox 205 2419 433 2456; x_wconf 80' lang='lat' dir='ltr'>Caesariensi</span> <span class='ocrx_word' id='word_1_343' title='bbox 452 2421 706 2468; x_wconf 77' lang='lat' dir='ltr'><strong>Cappadociae</strong></span> <span class='ocrx_word' id='word_1_344' title='bbox 722 2422 935 2458; x_wconf 78' lang='lat' dir='ltr'><strong>bibliotheca</strong></span> <span class='ocrx_word' id='word_1_345' title='bbox 954 2423 998 2457; x_wconf 86' lang='lat' dir='ltr'><strong>ad</strong></span> <span class='ocrx_word' id='word_1_346' title='bbox 1022 2434 1144 2458; x_wconf 86' lang='lat' dir='ltr'><strong>manus</strong></span> <span class='ocrx_word' id='word_1_347' title='bbox 1159 2436 1252 2460; x_wconf 88' lang='lat' dir='ltr'><strong>meas</strong></span> <span class='ocrx_word' id='word_1_348' title='bbox 1274 2425 1434 2468; x_wconf 85' lang='lat' dir='ltr'><strong>delatus,</strong></span> <span class='ocrx_word' id='word_1_349' title='bbox 1457 2426 1556 2461; x_wconf 80' lang='lat' dir='ltr'><strong>cuius</strong></span> <span class='ocrx_word' id='word_1_350' title='bbox 1574 2428 1722 2472; x_wconf 84' lang='lat' dir='ltr'><strong>insuper</strong></span> 
     </span>
     <span class='ocr_line' id='line_1_35' title="bbox 205 2467 1721 2519; baseline 0.004 -17"><span class='ocrx_word' id='word_1_351' title='bbox 205 2468 364 2516; x_wconf 85' lang='lat' dir='ltr'><strong>praefixa</strong></span> <span class='ocrx_word' id='word_1_352' title='bbox 380 2467 566 2515; x_wconf 80' lang='lat' dir='ltr'><strong>inscriptio</strong></span> <span class='ocrx_word' id='word_1_353' title='bbox 588 2470 696 2504; x_wconf 86' lang='lat' dir='ltr'><strong>libros</strong></span> <span class='ocrx_word' id='word_1_354' title='bbox 715 2470 852 2515; x_wconf 88' lang='lat' dir='ltr'><strong>priores</strong></span> <span class='ocrx_word' id='word_1_355' title='bbox 874 2483 916 2505; x_wconf 87' lang='lat' dir='ltr'><strong>ex</strong></span> <span class='ocrx_word' id='word_1_356' title='bbox 939 2470 1066 2516; x_wconf 88' lang='lat' dir='ltr'><strong>quibus</strong></span> <span class='ocrx_word' id='word_1_357' title='bbox 1089 2472 1447 2519; x_wconf 76' lang='lat' dir='ltr'><strong>exscriptusfuerat,</strong></span> <span class='ocrx_word' id='word_1_358' title='bbox 1472 2485 1494 2509; x_wconf 81' lang='lat' dir='ltr'><strong>a</strong></span> <span class='ocrx_word' id='word_1_359' title='bbox 1510 2485 1636 2519; x_wconf 84' lang='lat' dir='ltr'><strong>magno</strong></span> <span class='ocrx_word' id='word_1_360' title='bbox 1648 2475 1721 2509; x_wconf 84' lang='lat' dir='ltr'><strong>Ba-</strong></span> 
     </span>
     <span class='ocr_line' id='line_1_36' title="bbox 205 2514 1721 2566; baseline 0.004 -16"><span class='ocrx_word' id='word_1_361' title='bbox 205 2514 285 2550; x_wconf 79' lang='lat' dir='ltr'><strong>silio</strong></span> <span class='ocrx_word' id='word_1_362' title='bbox 314 2521 535 2561; x_wconf 80' lang='lat' dir='ltr'><strong>comparatos</strong></span> <span class='ocrx_word' id='word_1_363' title='bbox 565 2516 610 2553; x_wconf 91' lang='lat' dir='ltr'><strong>ad</strong></span> <span class='ocrx_word' id='word_1_364' title='bbox 641 2517 789 2552; x_wconf 86' lang='lat' dir='ltr'><strong>invicem</strong></span> <span class='ocrx_word' id='word_1_365' title='bbox 811 2522 849 2553; x_wconf 85' lang='lat' dir='ltr'><strong>et</strong></span> <span class='ocrx_word' id='word_1_366' title='bbox 881 2523 1059 2553; x_wconf 79' lang='lat' dir='ltr'><strong>correctos</strong></span> <span class='ocrx_word' id='word_1_367' title='bbox 1081 2519 1198 2555; x_wconf 85' lang='lat' dir='ltr'><strong>defert</strong></span> <span class='ocrx_word' id='word_1_368' title='bbox 1217 2526 1482 2566; x_wconf 80' lang='lat' dir='ltr'><strong>argumentum3</strong></span> <span class='ocrx_word' id='word_1_369' title='bbox 1507 2521 1640 2563; x_wconf 84' lang='lat' dir='ltr'><strong>codex,</strong></span> <span class='ocrx_word' id='word_1_370' title='bbox 1665 2521 1721 2556; x_wconf 88' lang='lat' dir='ltr'><strong>in-</strong></span> 
     </span>
     <span class='ocr_line' id='line_1_37' title="bbox 204 2562 1756 2615; baseline 0.004 -18"><span class='ocrx_word' id='word_1_371' title='bbox 204 2574 329 2611; x_wconf 87' lang='lat' dir='ltr'><strong>quam,</strong></span> <span class='ocrx_word' id='word_1_372' title='bbox 353 2562 414 2598; x_wconf 85' lang='lat' dir='ltr'><strong>ille</strong></span> <span class='ocrx_word' id='word_1_373' title='bbox 441 2574 550 2599; x_wconf 84' lang='lat' dir='ltr'><strong>annos</strong></span> <span class='ocrx_word' id='word_1_374' title='bbox 579 2565 719 2599; x_wconf 87' lang='lat' dir='ltr'><strong>Phacee</strong></span> <span class='ocrx_word' id='word_1_375' title='bbox 736 2577 846 2610; x_wconf 85' lang='lat' dir='ltr'><strong>reguo</strong></span> <span class='ocrx_word' id='word_1_376' title='bbox 875 2565 1105 2610; x_wconf 84' lang='lat' dir='ltr'><strong>assignandos</strong></span> <span class='ocrx_word' id='word_1_377' title='bbox 1127 2572 1206 2602; x_wconf 86' lang='lat' dir='ltr'><strong>octo</strong></span> <span class='ocrx_word' id='word_1_378' title='bbox 1231 2572 1268 2603; x_wconf 87' lang='lat' dir='ltr'><strong>et</strong></span> <span class='ocrx_word' id='word_1_379' title='bbox 1302 2567 1432 2614; x_wconf 83' lang='lat' dir='ltr'><strong>viginti</strong></span> <span class='ocrx_word' id='word_1_380' title='bbox 1456 2574 1722 2615; x_wconf 78' lang='lat' dir='ltr'><strong>repraesentat3</strong></span> <span class='ocrx_word' id='word_1_381' title='bbox 1748 2586 1756 2592; x_wconf 95' lang='lat'><em>-</em></span> 
     </span>
     <span class='ocr_line' id='line_1_38' title="bbox 204 2611 1724 2659; baseline 0.005 -15"><span class='ocrx_word' id='word_1_382' title='bbox 204 2621 316 2657; x_wconf 86' lang='lat' dir='ltr'><strong>quare</strong></span> <span class='ocrx_word' id='word_1_383' title='bbox 345 2611 516 2657; x_wconf 83' lang='lat' dir='ltr'><strong>computis</strong></span> <span class='ocrx_word' id='word_1_384' title='bbox 545 2611 590 2646; x_wconf 84' lang='lat' dir='ltr'><strong>ad</strong></span> <span class='ocrx_word' id='word_1_385' title='bbox 613 2611 761 2647; x_wconf 83' lang='lat' dir='ltr'><strong>invicem</strong></span> <span class='ocrx_word' id='word_1_386' title='bbox 785 2613 922 2648; x_wconf 85' lang='lat' dir='ltr'><strong>collatis</strong></span> <span class='ocrx_word' id='word_1_387' title='bbox 952 2613 997 2647; x_wconf 83' lang='lat' dir='ltr'><strong>ad</strong></span> <span class='ocrx_word' id='word_1_388' title='bbox 1027 2615 1223 2659; x_wconf 79' lang='lat' dir='ltr'><strong>praefatum</strong></span> <span class='ocrx_word' id='word_1_389' title='bbox 1250 2616 1370 2650; x_wconf 86' lang='lat' dir='ltr'><strong>Achaz</strong></span> <span class='ocrx_word' id='word_1_390' title='bbox 1396 2627 1521 2651; x_wconf 87' lang='lat' dir='ltr'><strong>annum</strong></span> <span class='ocrx_word' id='word_1_391' title='bbox 1556 2617 1602 2651; x_wconf 77' lang='lat'><strong>12</strong></span> <span class='ocrx_word' id='word_1_392' title='bbox 1625 2617 1724 2651; x_wconf 84' lang='lat' dir='ltr'><strong>Osee</strong></span> 
     </span>
     <span class='ocr_line' id='line_1_39' title="bbox 202 2657 1722 2709; baseline 0.004 -17"><span class='ocrx_word' id='word_1_393' title='bbox 202 2657 351 2705; x_wconf 86' lang='lat' dir='ltr'><strong>primum</strong></span> <span class='ocrx_word' id='word_1_394' title='bbox 370 2657 690 2704; x_wconf 69' lang='lat' dir='ltr'><strong>iuxtaReguorum</strong></span> <span class='ocrx_word' id='word_1_395' title='bbox 711 2665 749 2695; x_wconf 88' lang='lat' dir='ltr'><strong>et</strong></span> <span class='ocrx_word' id='word_1_396' title='bbox 767 2660 965 2706; x_wconf 80' lang='lat' dir='ltr'><strong>scripturae</strong></span> <span class='ocrx_word' id='word_1_397' title='bbox 986 2662 1095 2696; x_wconf 85' lang='lat' dir='ltr'><strong>verba</strong></span> <span class='ocrx_word' id='word_1_398' title='bbox 1113 2663 1258 2709; x_wconf 89' lang='lat' dir='ltr'><strong>propius</strong></span> <span class='ocrx_word' id='word_1_399' title='bbox 1278 2663 1448 2698; x_wconf 83' lang='lat' dir='ltr'><strong>accedere</strong></span> <span class='ocrx_word' id='word_1_400' title='bbox 1467 2662 1722 2706; x_wconf 79' lang='lat' dir='ltr'><strong>animadverti3</strong></span> 
     </span>
     <span class='ocr_line' id='line_1_40' title="bbox 209 2705 1722 2757; baseline 0.004 -18"><span class='ocrx_word' id='word_1_401' title='bbox 209 2709 317 2751; x_wconf 83' lang='lat' dir='ltr'><strong>atque</strong></span> <span class='ocrx_word' id='word_1_402' title='bbox 337 2705 428 2740; x_wconf 87' lang='lat' dir='ltr'><strong>hunc</strong></span> <span class='ocrx_word' id='word_1_403' title='bbox 448 2705 485 2740; x_wconf 87' lang='lat' dir='ltr'><strong>in</strong></span> <span class='ocrx_word' id='word_1_404' title='bbox 501 2707 635 2741; x_wconf 85' lang='lat' dir='ltr'><strong>modum</strong></span> <span class='ocrx_word' id='word_1_405' title='bbox 656 2719 778 2753; x_wconf 83' lang='lat' dir='ltr'><strong>regum</strong></span> <span class='ocrx_word' id='word_1_406' title='bbox 797 2708 1003 2743; x_wconf 82' lang='lat' dir='ltr'><strong>laterculum</strong></span> <span class='ocrx_word' id='word_1_407' title='bbox 1024 2709 1108 2744; x_wconf 84' lang='lat' dir='ltr'><strong>mihi</strong></span> <span class='ocrx_word' id='word_1_408' title='bbox 1133 2710 1308 2755; x_wconf 85' lang='lat' dir='ltr'><strong>digestum</strong></span> <span class='ocrx_word' id='word_1_409' title='bbox 1339 2715 1406 2745; x_wconf 87' lang='lat' dir='ltr'><strong>est.</strong></span> <span class='ocrx_word' id='word_1_410' title='bbox 1455 2711 1569 2745; x_wconf 86' lang='lat' dir='ltr'><strong>Sacer</strong></span> <span class='ocrx_word' id='word_1_411' title='bbox 1589 2711 1722 2757; x_wconf 86' lang='lat' dir='ltr'><strong>quippe</strong></span> 
     </span>
     <span class='ocr_line' id='line_1_41' title="bbox 207 2751 1721 2803; baseline 0.005 -16"><span class='ocrx_word' id='word_1_412' title='bbox 207 2752 411 2798; x_wconf 86' lang='lat' dir='ltr'><strong>Regnorum</strong></span> <span class='ocrx_word' id='word_1_413' title='bbox 431 2753 520 2788; x_wconf 88' lang='lat' dir='ltr'><strong>liber</strong></span> <span class='ocrx_word' id='word_1_414' title='bbox 537 2751 562 2790; x_wconf 86' lang='lat'>4</span> <span class='ocrx_word' id='word_1_415' title='bbox 578 2755 686 2789; x_wconf 87' lang='lat' dir='ltr'><strong>verbo</strong></span> <span class='ocrx_word' id='word_1_416' title='bbox 706 2760 808 2789; x_wconf 79' lang='lat' dir='ltr'><strong>tenus</strong></span> <span class='ocrx_word' id='word_1_417' title='bbox 831 2756 1005 2802; x_wconf 80' lang='lat' dir='ltr'><strong>exprimit.</strong></span> <span class='ocrx_word' id='word_1_418' title='bbox 1040 2758 1166 2799; x_wconf 82' lang='lat' dir='ltr'><strong>„Anno</strong></span> <span class='ocrx_word' id='word_1_419' title='bbox 1185 2759 1230 2793; x_wconf 73' lang='lat'><strong>12</strong></span> <span class='ocrx_word' id='word_1_420' title='bbox 1248 2759 1362 2793; x_wconf 78' lang='lat' dir='ltr'><strong>Achaz</strong></span> <span class='ocrx_word' id='word_1_421' title='bbox 1375 2757 1471 2802; x_wconf 82' lang='lat' dir='ltr'><strong>regis</strong></span> <span class='ocrx_word' id='word_1_422' title='bbox 1487 2757 1577 2792; x_wconf 84' lang='lat' dir='ltr'><strong>Iuda</strong></span> <span class='ocrx_word' id='word_1_423' title='bbox 1593 2770 1721 2803; x_wconf 83' lang='lat' dir='ltr'><strong>regna-</strong></span> 
     </span>
     <span class='ocr_line' id='line_1_42' title="bbox 207 2800 1721 2851; baseline 0.004 -17"><span class='ocrx_word' id='word_1_424' title='bbox 207 2800 264 2834; x_wconf 83' lang='lat' dir='ltr'><strong>vit</strong></span> <span class='ocrx_word' id='word_1_425' title='bbox 286 2800 382 2835; x_wconf 88' lang='lat' dir='ltr'><strong>Osee</strong></span> <span class='ocrx_word' id='word_1_426' title='bbox 401 2800 493 2835; x_wconf 68' lang='lat' dir='ltr'><strong>filius</strong></span> <span class='ocrx_word' id='word_1_427' title='bbox 512 2801 813 2837; x_wconf 15' lang='lat' dir='ltr'><strong>ElarinSamaria</strong></span> <span class='ocrx_word' id='word_1_428' title='bbox 831 2815 936 2849; x_wconf 84' lang='lat' dir='ltr'><strong>super</strong></span> <span class='ocrx_word' id='word_1_429' title='bbox 955 2804 1064 2838; x_wconf 73' lang='lat' dir='ltr'><strong>Israel</strong></span> <span class='ocrx_word' id='word_1_430' title='bbox 1085 2815 1194 2839; x_wconf 85' lang='lat' dir='ltr'><strong>annos</strong></span> <span class='ocrx_word' id='word_1_431' title='bbox 1208 2804 1267 2841; x_wconf 91' lang='lat'><strong>9.”</strong></span> <span class='ocrx_word' id='word_1_432' title='bbox 1318 2804 1503 2840; x_wconf 78' lang='lat' dir='ltr'><strong>Concessis</strong></span> <span class='ocrx_word' id='word_1_433' title='bbox 1527 2804 1660 2851; x_wconf 82' lang='lat' dir='ltr'><strong>igitur,</strong></span> <span class='ocrx_word' id='word_1_434' title='bbox 1681 2809 1721 2841; x_wconf 81' lang='lat' dir='ltr'><strong>ut</strong></span> 
     </span>
     <span class='ocr_line' id='line_1_43' title="bbox 205 2847 1720 2897; baseline 0.005 -15"><span class='ocrx_word' id='word_1_435' title='bbox 205 2847 426 2893; x_wconf 79' lang='lat' dir='ltr'><strong>exemplaria</strong></span> <span class='ocrx_word' id='word_1_436' title='bbox 443 2849 615 2894; x_wconf 78' lang='lat' dir='ltr'><strong>quaedam</strong></span> <span class='ocrx_word' id='word_1_437' title='bbox 634 2849 800 2894; x_wconf 82' lang='lat' dir='ltr'><strong>exigunt,</strong></span> <span class='ocrx_word' id='word_1_438' title='bbox 825 2850 940 2897; x_wconf 89' lang='lat' dir='ltr'><strong>iisque</strong></span> <span class='ocrx_word' id='word_1_439' title='bbox 960 2851 1137 2886; x_wconf 82' lang='lat' dir='ltr'><strong>Eusebius</strong></span> <span class='ocrx_word' id='word_1_440' title='bbox 1157 2852 1368 2895; x_wconf 82' lang='lat' dir='ltr'><strong>assentitur,</strong></span> <span class='ocrx_word' id='word_1_441' title='bbox 1392 2853 1535 2888; x_wconf 82' lang='lat' dir='ltr'><strong>Phacee</strong></span> <span class='ocrx_word' id='word_1_442' title='bbox 1553 2853 1653 2887; x_wconf 86' lang='lat' dir='ltr'><strong>annis</strong></span> <span class='ocrx_word' id='word_1_443' title='bbox 1675 2855 1720 2890; x_wconf 87' lang='lat'><strong>18</strong></span> 
     </span>
     <span class='ocr_line' id='line_1_44' title="bbox 208 2895 1722 2946; baseline 0.005 -18"><span class='ocrx_word' id='word_1_444' title='bbox 208 2897 273 2928; x_wconf 86' lang='lat' dir='ltr'><strong>aut</strong></span> <span class='ocrx_word' id='word_1_445' title='bbox 289 2896 336 2930; x_wconf 75' lang='lat'><strong>20</strong></span> <span class='ocrx_word' id='word_1_446' title='bbox 359 2895 542 2931; x_wconf 85' lang='lat' dir='ltr'><strong>exordium</strong></span> <span class='ocrx_word' id='word_1_447' title='bbox 558 2896 659 2942; x_wconf 84' lang='lat' dir='ltr'><strong>regui</strong></span> <span class='ocrx_word' id='word_1_448' title='bbox 677 2897 772 2931; x_wconf 85' lang='lat' dir='ltr'><strong>Osee</strong></span> <span class='ocrx_word' id='word_1_449' title='bbox 790 2898 828 2932; x_wconf 91' lang='lat' dir='ltr'><strong>in</strong></span> <span class='ocrx_word' id='word_1_450' title='bbox 848 2909 975 2932; x_wconf 81' lang='lat' dir='ltr'><strong>annum</strong></span> <span class='ocrx_word' id='word_1_451' title='bbox 994 2899 1183 2934; x_wconf 83' lang='lat' dir='ltr'><strong>secundum</strong></span> <span class='ocrx_word' id='word_1_452' title='bbox 1203 2902 1323 2935; x_wconf 80' lang='lat' dir='ltr'><strong>Acbaz</strong></span> <span class='ocrx_word' id='word_1_453' title='bbox 1341 2901 1409 2935; x_wconf 82' lang='lat' dir='ltr'><strong>iam</strong></span> <span class='ocrx_word' id='word_1_454' title='bbox 1433 2899 1658 2946; x_wconf 83' lang='lat' dir='ltr'><strong>completum,</strong></span> <span class='ocrx_word' id='word_1_455' title='bbox 1685 2903 1722 2934; x_wconf 78' lang='lat' dir='ltr'><strong>et</strong></span> 
     </span>
     <span class='ocr_line' id='line_1_45' title="bbox 208 2939 1722 2995; baseline 0.005 -19"><span class='ocrx_word' id='word_1_456' title='bbox 208 2939 470 2978; x_wconf 82' lang='lat' dir='ltr'><strong>ineuntemiam</strong></span> <span class='ocrx_word' id='word_1_457' title='bbox 484 2943 823 2988; x_wconf 57' lang='lat' dir='ltr'><strong>tertium2incidere,</strong></span> <span class='ocrx_word' id='word_1_458' title='bbox 843 2945 1033 2989; x_wconf 50' lang='lat' dir='ltr'><strong>‚terminum</strong></span> <span class='ocrx_word' id='word_1_459' title='bbox 1056 2948 1281 2995; x_wconf 82' lang='lat' dir='ltr'><strong>autem‚.qui</strong></span> <span class='ocrx_word' id='word_1_460' title='bbox 1306 2947 1587 2983; x_wconf 61' lang='lat' dir='ltr'><strong>eiusdemmsee</strong></span> <span class='ocrx_word' id='word_1_461' title='bbox 1612 2958 1722 2982; x_wconf 87' lang='lat' dir='ltr'><strong>nonus</strong></span> 
     </span>
    </p>
   </div>
  </div>
 </body>
</html>
