1800 3236
255 148 360 202 528
714 159 969 206 GEORGII
1001 160 1288 207 SYNCELLI

255 271 433 329 μαίους,
471 271 574 316 ποτὲ
606 271 653 316 δὲ
684 269 768 316 ὗπό
796 272 898 324 τοὺς
919 269 1180 330 Ἀντιόχους,
1216 273 1345 331 μέσον
1375 271 1554 333 ἐχόντων
1570 279 1655 321 τῶν
1679 274 1756 321 δύο

254 340 418 388 τούτων
453 342 594 400 ἀρχῶν
622 342 699 400 τὴν
733 344 974 400 κατοίκησιν
1005 348 1080 400 τῆς
1109 342 1192 389 ὖπό
1227 350 1332 390 θεοῦ
1353 348 1759 404 κεκληροδοτημένης

249 411 419 472 χώρας,
459 412 626 473 εἰρήνης
653 430 698 457 τε
729 413 937 458 ἀπέλαυον
965 411 1023 465 ὥς
1042 413 1095 458 τὰ
1113 415 1248 459 πολλὰ
1274 417 1340 460 ἐπὶ
1362 416 1432 472 ἔτη
1455 415 1542 475 ρλζ’
1569 417 1647 468 ἕως
1662 417 1758 461 Ἀν-

252 482 396 542 τιόχου
429 489 504 528 τοῦ
532 485 807 543 Ἐπιφανοῦς,
844 485 914 528 καὶ
941 485 1192 541 διεπομένων
1211 484 1294 530 ὕπὸ
1317 491 1400 531 τῶν
1420 486 1641 545 ἀρχιερέων
1664 488 1757 531 ἀντὶ

250 555 471 612 βασιλέων,
509 554 590 613 πρὸ
621 554 812 613 βραχέως
843 559 945 612 γοῦν
973 559 1050 612 τῆς
1078 560 1154 599 τοῦ
1167 556 1419 615 Ἐπιφανοῦς
1433 555 1647 614 Ἀντιόχου
1666 563 1785 613 ,θα-5

254 628 433 680 σιλείας,
470 623 674 670 Σελεύκου
705 629 780 669 τοῦ
810 624 997 683 ἀδελφοῦ
1019 625 1149 670 αὐτοῦ
1167 626 1492 683 βασιλεύοντος,
1527 628 1686 672 Ὀνείου
1709 629 1756 671 δὲ

89 701 135 740 Ρ.
157 701 229 739 278
255 694 619 755 ἀρχιερατεύοντος
650 700 735 740 τῶν
763 695 980 740 Ἰουδαίων
1011 696 1165 754 ἀνδρὸς
1199 697 1374 755 ἀρίστου
1411 700 1480 742 καὶ
1511 702 1756 757 θεοφιλοῦς,

253 770 397 824 Σίμων
430 784 493 818 τις
516 766 722 818 Ἰουδαῖος
750 765 991 825 προστάτης
1013 771 1089 811 τοῦ
1111 769 1153 811 ἓν
1167 765 1471 824 Ἱεροσολύμοις
1489 774 1595 813 ναοῦ
1615 787 1757 827 παρα-

252 837 524 894 νομώτατος,
568 837 642 881 τὸν
668 837 833 882 Ὄνείαν
859 836 1072 892 ἐκβάλλειν
1104 837 1352 890 σπουδάσας
1378 843 1590 895 πολλαχοῦ
1609 842 1677 883 καὶ
1693 839 1755 896 μὴ

254 910 478 966 δυνηθεὶς,
519 908 655 967 φυγὰς
681 902 753 965 ἧκε
775 908 880 967 πρὸς
898 907 1178 952 Ἀπολλώνιον
1197 911 1356 968 Συρίας
1375 912 1444 954 καὶ
1469 912 1667 967 Φοινίκης
1687 911 1755 953 καὶ
1768 918 1800 955 1(

252 981 446 1031 Κιλικίας
483 978 743 1037 στρατηγὸν,
781 977 953 1036 μηνύων
997 980 1247 1038 θησαυροὺς
1288 982 1492 1024 πλείστων
1524 979 1757 1037 χρημάτων

252 1052 472 1095 ῗδιωτικῶν
501 1048 604 1095 εἶναι
642 1050 759 1109 παρὰ
783 1054 843 1110 τῷ
880 1049 1062 1108 ἀρχιερεῖ
1086 1050 1226 1111 Ὀνεία
1266 1051 1309 1094 ἐν
1335 1055 1394 1110 τῷ
1425 1051 1521 1110 ἱερῷ
1539 1056 1758 1108 τεθησαυ-

252 1122 493 1181 ρισμένους,
530 1119 819 1178 προσήκοντας
848 1124 907 1181 τῷ
938 1124 1107 1175 βασιλεῖ
1121 1119 1322 1181 Σελεύκῳ.
1363 1119 1385 1165 ὃ
1415 1121 1460 1164 δ’
1480 1119 1759 1172 Ἀπολλώνιος

250 1190 442 1249 μηνύσας
469 1195 529 1252 τῷ
549 1189 739 1252 Σελεύκῳ
761 1194 897 1234 ταῦτα
917 1193 986 1234 καὶ
1007 1190 1081 1235 τὸν
1100 1196 1176 1248 τῆς
1195 1193 1399 1250 πατρίδος
1418 1190 1631 1250 προδότην
1649 1191 1758 1236 ἀπο-

251 1260 475 1318 δεξάμενος
518 1261 678 1320 ἴρχεται
719 1262 796 1306 σὺν
829 1262 944 1321 αὐτῷ
976 1263 1213 1313 κελευσθεὶς
1241 1260 1324 1306 ὕπὸ
1357 1266 1434 1306 τοῦ
1464 1261 1670 1307 Σελεύκου
1700 1264 1757 1314 εἷς
1769 1272 1800 1308 1ἐ

211 1331 522 1391 ΒἹερουσαλὴμ
548 1333 655 1388 μετὰ
686 1330 1036 1391 στρατευμάτων,
1073 1332 1128 1376 τὰ
1154 1332 1262 1376 αὐτὰ
1282 1330 1522 1390 ληψόμενος
1537 1331 1752 1392 χρήματα.

247 1409 333 1449 τῶν
367 1405 412 1448 δὲ
435 1404 649 1448 Ἰουδαίων
669 1402 879 1448 ἀδύνατον
903 1401 1005 1447 εἶναι
1029 1401 1233 1460 λεγόντων
1253 1403 1331 1455 τοὶς
1351 1408 1409 1464 τῷ
1429 1404 1526 1463 ἱερῷ
1545 1408 1756 1464 θησαυρῷ

248 1476 546 1526 πιστευθείσας
578 1472 947 1533 παρακαταθήκας
980 1476 1267 1532 προδίδοσθαι
1299 1476 1368 1517 καὶ
1400 1473 1474 1518 τὸν
1501 1474 1605 1518 θεὸν
1631 1478 1758 1518 λιπα-

249 1544 437 1605 ρούντων
466 1545 544 1590 σὺν
576 1544 753 1605 δάκρυσι
781 1550 1014 1604 προστῆναι
1042 1549 1118 1589 τοῦ
1144 1546 1281 1603 ἱεροῦ,
1319 1549 1394 1588 τοῦ
1415 1562 1459 1588 τε
1475 1544 1755 1589 Ἀπολλωνίου

247 1617 356 1674 μετὰ
388 1621 464 1674 τῆς
492 1614 667 1661 ἐνόπλου
701 1618 922 1675 στρατείας
950 1614 1152 1667 ἐλθόντος
1185 1618 1243 1667 εἷς
1273 1615 1346 1660 τὸν
1366 1615 1469 1659 ναὸν
1493 1613 1681 1672 ἁρπάσαι
1701 1615 1754 1659 τὰ
1766 1626 1800 1661 2(

85 1699 131 1735 V.
155 1699 226 1737 222
245 1686 469 1747 χρήματα,
509 1687 672 1746 ἄγγελοι
703 1689 878 1747 φοβεροὶ
914 1687 1113 1746 φανέντες
1145 1686 1316 1745 ἔφιπποι
1342 1684 1506 1736 πάντας
1528 1684 1758 1743 ἔντρόμους

251 1759 536 1816 κατέστησαν,
576 1757 599 1803 ὅ
641 1777 685 1803 τε
715 1756 994 1810 Ἀπολλώνιος
1030 1756 1247 1815 ἡμιθανὴς
1282 1756 1530 1801 καταπεσὼν
1573 1758 1640 1799 ἐπὶ
1681 1756 1756 1800 τὸν

345 1872 380 1908 2.
406 1869 542 1918 ἀρχῶν]
570 1870 697 1909 ἐθνῶν
717 1873 765 1908 G.
853 1873 895 1909 ’3.
919 1871 1036 1918 Vulgo
1063 1868 1270 1919 ἀπήλαυον.
1366 1872 1402 1908 9.
1426 1866 1618 1916 ἐκβάλλειν
1638 1879 1757 1905 σπου-

346 1917 468 1961 δάσας
489 1920 531 1956 B.
556 1920 778 1962 σπουδάσας
794 1917 984 1967 ἐκβάλλειν
1005 1920 1051 1955 G.
1150 1921 1204 1958 12.
1229 1916 1425 1955 ἰδιωτικὸν
1450 1918 1492 1954 Α.
1588 1915 1688 1954 εἶναι
1713 1917 1755 1954 Β.

345 1965 415 2013 μὲν
438 1966 536 2005 εἶναι,
558 1969 607 2003 G.
715 1968 817 2017 ἱερῷ]
836 1969 915 2015 ναῷ
932 1968 979 2003 G.
1079 1969 1133 2005 13.
1158 1968 1442 2015 προσηκοῦντας
1456 1965 1498 2002 Β.
1600 1965 1659 2005 16.
1683 1966 1757 2001 λει-

345 2013 517 2061 ψόμενος
539 2016 583 2051 Β.
698 2017 757 2053 20.
784 2013 968 2062 ἁρπάσαι]
994 2015 1108 2062 Vulgo
1129 2011 1311 2063 ἁρπάξαι.

249 2108 412 2152 lemaeis,
435 2110 537 2146 modo
558 2110 759 2153 Antiochis,
784 2110 984 2145 nationibus
1000 2110 1079 2145 istis
1106 2111 1242 2145 duabus
1267 2107 1484 2156 provinciam
1513 2119 1535 2143 a
1561 2107 1626 2142 deo
1645 2118 1758 2153 quon-

250 2157 329 2192 dam
355 2158 595 2193 Hebraeorum
613 2158 816 2193 habitationi
834 2163 930 2197 sorte
949 2158 1169 2193 distributam
1192 2158 1284 2192 inter
1305 2169 1344 2191 se
1360 2155 1506 2191 mediam
1529 2154 1753 2197 habentibus,

251 2203 430 2247 subiecta,
456 2217 544 2251 pace
562 2209 601 2240 ut
625 2205 805 2251 plurimum
827 2205 1003 2251 gaudebat
1034 2205 1133 2239 annis
1160 2206 1245 2247 137,
1281 2202 1505 2249 pontificibus
1534 2213 1654 2247 regum
1675 2202 1756 2237 vice

250 2251 423 2299 publicam
441 2264 512 2287 rem
538 2253 860 2287 administrantibus
880 2252 923 2287 ad
946 2251 1108 2287 Antiochi
1125 2250 1278 2286 Illustris
1309 2254 1470 2285 aetatem.
1520 2249 1659 2294 Exiguo
1684 2248 1756 2294 igi-

250 2303 310 2334 tur
329 2303 409 2333 ante
427 2299 598 2334 Illustrem
617 2300 822 2335 Antiochum
851 2299 1015 2345 temporis
1043 2298 1248 2340 intervallo,
1277 2298 1427 2332 Seleuco
1454 2296 1529 2331 eius
1558 2297 1669 2330 fratre
1696 2307 1756 2330 rea

250 2357 355 2392 gnum
373 2346 594 2389 moderante,
619 2351 656 2381 et
676 2346 769 2381 Onia
787 2347 864 2381 viro
887 2347 1026 2392 integro
1044 2350 1080 2381 et
1104 2345 1270 2392 religioso
1287 2345 1494 2379 Iudaeorum
1515 2343 1755 2390 pontificatum

247 2396 413 2435 tenente,
437 2393 555 2428 Simon
581 2394 720 2439 quidam
747 2394 896 2428 Iudaeus
921 2392 1230 2439 Hierosolymitani
1259 2391 1378 2437 templi
1405 2392 1629 2438 praefectae,
1653 2392 1754 2425 homo

247 2440 501 2486 nequissimus,
526 2442 729 2487 frequenter
749 2441 874 2475 Oniam
906 2440 1078 2486 pontificii
1104 2440 1253 2474 culmine
1271 2439 1444 2481 deiicere,
1469 2438 1642 2474 incassum
1669 2436 1755 2472 licet

247 2487 407 2531 molitus,
433 2487 572 2523 tandem
599 2488 645 2522 ad
667 2488 883 2533 Apollonium
911 2487 1058 2533 Syriae,
1084 2487 1280 2522 Phoenices
1299 2492 1336 2522 et
1352 2486 1501 2521 Ciliciae
1514 2485 1755 2532 praepositum

246 2535 407 2581 fugiens,
431 2538 616 2581 congestos
637 2534 850 2581 privatarum
869 2535 1090 2581 pecuniarum
1121 2535 1306 2570 thesauros
1325 2533 1465 2569 Seleuci
1490 2533 1586 2579 regis
1615 2531 1754 2566 aerario

247 2583 470 2629 reponendos
489 2582 582 2629 apud
601 2582 726 2617 Oniam
744 2582 779 2617 in
800 2583 926 2629 templo
948 2583 1083 2618 servari
1103 2582 1302 2618 denunciat.
1350 2582 1451 2616 Haec
1479 2581 1524 2615 ad
1550 2590 1670 2625 regem
1698 2578 1756 2614 vi-

247 2629 364 2665 cissim
387 2630 497 2665 refert
517 2629 718 2675 Apollonius
740 2634 776 2664 et
794 2631 931 2676 patriae
951 2631 1164 2677 proditorem
1195 2628 1388 2664 humaniter
1414 2627 1571 2674 excipit;
1594 2626 1755 2661 Seleuci-

248 2688 317 2723 que
334 2677 434 2712 iussu
453 2677 569 2712 ductis
591 2689 705 2712 secum
723 2677 890 2712 militibus
910 2682 948 2712 et
969 2678 1093 2713 Iasone
1112 2678 1331 2712 Hierusalem
1359 2675 1520 2717 advolat,
1545 2678 1752 2709 memoratas

251 2724 396 2759 divitias
417 2725 556 2759 aerario
587 2724 726 2771 publico
753 2724 970 2760 addicturus.
1019 2725 1160 2760 Iudaeis
1187 2726 1354 2760 thesauro
1378 2721 1541 2769 deposita
1572 2721 1754 2756 commissa

251 2772 403 2818 prodere
420 2773 520 2807 nefas
546 2772 934 2807 esse-conclamantibus
964 2775 1001 2807 et
1026 2784 1102 2807 cum
1117 2772 1281 2818 lacrymis
1299 2769 1420 2816 templi
1439 2768 1634 2805 clientelam
1651 2768 1755 2802 deum

251 2830 389 2854 sumere
405 2820 703 2862 contestantibus,
728 2819 912 2865 Apollonio
935 2831 1019 2855 vero
1041 2823 1251 2855 armatorum
1278 2817 1423 2854 militum
1451 2816 1488 2852 vi
1514 2820 1642 2851 cuncta
1666 2813 1754 2848 diri-

251 2876 346 2901 mere
364 2866 614 2910 contendente,
643 2866 760 2913 angeli
780 2866 959 2902 terribiles
979 2867 1080 2913 equis
1098 2867 1289 2901 insidentes
1307 2865 1491 2900 manifesto
1520 2863 1587 2898 visi
1604 2862 1754 2897 circum-

252 2914 492 2959 spectantibus
509 2914 645 2951 cunctis
669 2923 845 2962 stuporem
873 2914 968 2950 haud
995 2913 1158 2960 exiguum
1185 2913 1421 2960 ingesserunt.
1468 2911 1591 2954 Quare
1607 2909 1754 2957 Apollo·
