1800 3236
246 187 348 236 182
708 189 960 238 GEORGII
987 189 1273 247 SYNCELLI

242 304 435 363 βασιλεία
455 302 613 362 ἤρξατο
637 301 719 346 ἀπὸ
740 299 909 361 πρώτου
930 301 1135 357 βασιλέως
1153 298 1403 357 Αἲγιαλὲως,
1441 297 1518 350 ἕως
1539 296 1602 351 κς’
1619 304 1747 355 βασι-

245 375 349 427 λέως
376 375 641 428 Ζευξίππου,
681 374 747 417 ἐπὶ
780 372 853 430 ἔτη
881 372 1137 431 ὃιαρκέσασα
1154 368 1278 424 7²55&-
1315 368 1424 426 μεθ’
1457 368 1531 420 οὓς
1551 369 1750 429 ἄρχοντες

247 447 367 504 ἱερεῖς
398 443 431 496 ς’
468 444 538 500 ἔτη
559 442 635 502 λγ’.
685 441 791 499 ὅμοῦ
824 443 878 487 τὰ
905 441 1044 487 πάντα
1075 446 1152 499 τῆς
1178 441 1418 485 Σικυωνίων
1447 439 1578 498 ἀρχῆς
1598 441 1668 498 ἔτη
1689 460 1744 502 ἀ,

248 514 305 567 ὥς
319 512 634 572 Ἀπολλόδωρος
653 515 720 556 καὶ
745 513 889 571 ἕτεροι,
929 514 971 557 ἓν
994 510 1056 564 οἷς
1075 514 1143 556 καὶ
1157 511 1374 565 Εὐσέβιος,
1396 509 1599 568 ἔγραψαν.
1638 510 1749 556 ἔστιν

211 581 326 631 cmiv
348 585 431 629 ἀπὸ
450 582 588 646 ‘7023‘
607 588 808 641 κοσμικοῦ
829 582 947 635 ἔτους
968 583 1045 634 ἕως
1061 579 1195 645 Ιὸσλῆ
1205 615 1219 637 ,
1259 579 1316 632 ὧς
1332 578 1558 626 ὑπόκειται,
1754 587 1779 624 5

112 702 158 739 V.
182 701 228 739 78
424 691 662 753 Κάστορος
690 695 794 751 περὶ
823 699 903 754 τῆς
931 695 1159 754 βασιλείας
1187 695 1278 738 τῶν
1302 693 1588 740 Σικυωνίων.

352 780 656 843 Παρατίθεμεν
692 783 738 826 δὲ
771 782 840 826 καὶ
869 782 970 834 τοὺς
991 786 1204 833 Σικυῶνος
1225 778 1582 836 βασιλεύσαντας,
1622 779 1751 838 ἄρχο-

247 855 399 912 μένους
418 855 494 911 μὲν
523 853 605 898 ἀπὸ
637 853 871 911 Αἰγιαλέως
891 857 966 897 τοῦ
988 851 1156 912 πρώτου
1180 849 1523 908 βασιλεύσαντος,
1547 848 1754 908 λήγοντας

250 928 296 971 δὲ
334 927 401 970 ἐπὶ
430 922 681 976 Ζεύξιππον.
730 923 770 967 οἳ
800 924 876 979 μὲν
908 919 981 968 οὗν
1014 927 1201 978 βασιλεῖς
1240 922 1441 978 κατέσχον
1466 922 1571 965 ἐτῶν
1596 919 1753 980 χρόνον

251 993 385 1047 7ι>νθ’.
424 994 530 1051 μετὰ
560 994 605 1038 δὲ
635 993 735 1045 τοὺς
759 997 946 1049 βασιλεῖς
973 991 1297 1050 κατεστάθησαν
1319 993 1438 1051 ἱερεῖς
1457 995 1533 1036 τοῦ
1560 993 1751 1051 Καρνιόυ
1765 1003 1800 1040 1(

250 1067 307 1118 ἕξ.
347 1059 463 1110 οὗτοι
486 1065 529 1108 δ’
554 1062 796 1123 ἶεράτευσαν
817 1063 887 1121 ἔτη
908 1062 983 1122 λγ’.
1021 1064 1126 1120 μεθ’
1152 1063 1225 1114 οὓς
1239 1060 1484 1119 κατεστάθη
1504 1062 1637 1121 ἱερεὺς
1654 1065 1755 1106 Χα-

255 1137 455 1195 ρίδημος,
500 1134 545 1187 ὃς
566 1137 634 1178 καὶ
658 1134 734 1190 οὐχ
755 1133 983 1191 ὑπομείνας
1006 1135 1082 1191 τὴν
1104 1132 1296 1190 δαπάνην
1318 1133 1455 1192 ἔφυγε.

212 1218 246 1254 D
357 1204 541 1250 Πάντων
569 1205 646 1262 μὲν
670 1202 877 1261 Ἑλλήνων
901 1203 1175 1248 παλαιότατοι
1194 1211 1282 1255 τοῖς
1300 1202 1469 1262 χρόνοις
1489 1199 1756 1261 ἀναγράφον-

150 1313 153 1316 .
197 1313 200 1317 .
251 1293 322 1322 ται
339 1274 558 1321 Σικυώνιοι
587 1277 657 1318 καὶ
690 1279 878 1329 βασιλεῖς
898 1276 937 1319 οῗ
955 1280 1168 1326 Σικυῶνος
1191 1272 1444 1332 ἡγησάμενοι
1455 1306 1470 1328 ,
1510 1267 1569 1317 ὧν
1590 1277 1757 1332 πρῶτος

250 1340 375 1406 ἦρξεν
401 1344 630 1404 Αἷγιαλεῦς
661 1346 769 1389 κατὰ
801 1349 947 1403 ,Βῆλον
976 1347 1046 1390 καὶ
1077 1347 1209 1390 Νίνον
1240 1344 1418 1402 γεγονώς
1435 1342 1536 1394 τοὺς
1563 1342 1757 1402 πρώτους
1769 1356 1800 1392 15

249 1416 478 1475 Ἀσσυρίων
507 1420 756 1471 βασιλεῦσαι
792 1420 869 1473 τῆς
890 1416 1034 1468 Ἀσίας
1063 1415 1479 1472 μνημονευομένους,
1518 1415 1562 1465 ἐξ
1597 1408 1646 1457 οὗ
1668 1416 1758 1458 Αἷ-

246 1484 408 1545 γιάλεια
428 1486 477 1530 τὸ
498 1487 595 1545 πρὶν
613 1483 639 1544 ἦ
665 1490 739 1530 νῦν
757 1484 1082 1544 Πελοπόννησος
1105 1487 1302 1530 ἐκαλεῖτο.
1332 1485 1608 1543 συγχρονίζειν
1630 1484 1676 1528 δὲ
1696 1488 1757 1544 τῷ

249 1556 412 1615 Ναχώρ
447 1557 516 1600 καὶ
544 1559 605 1616 τῷ
642 1556 769 1614 Θαροὶ
799 1558 930 1616 πατρὶ
966 1561 1043 1602 τοῦ
1069 1556 1265 1616 Ἀβραὰμ
1299 1553 1321 1600 ὃ
1354 1555 1531 1615 ἀκριβὴς
1549 1556 1619 1599 καὶ
1642 1555 1754 1600 καθ’

253 1624 365 1684 ἡμᾶς
386 1627 650 1671 ἀποδείκνυσι
669 1623 804 1684 λόγος.

348 1724 383 1762 4.
409 1723 606 1773 Εὐσέβιος]
632 1725 672 1768 1,
696 1722 754 1762 24.
783 1739 818 1773 p.
839 1727 919 1764 125.
1015 1729 1051 1764 5.
1077 1725 1190 1774 ,γσλθί
1207 1727 1282 1761 Bm.
1308 1723 1400 1772 ,yw'
1421 1725 1467 1760 G.
1527 1727 1529 1730 “
1562 1726 1598 1761 6.
1623 1723 1760 1761 σικύω-

348 1786 415 1816 vog
438 1774 528 1819 (sic)
553 1774 593 1808 B.
626 1775 825 1815 Σικυῶνας
842 1776 889 1810 G.
995 1777 1049 1811 11.
1074 1776 1283 1820 χαρίδημος
1299 1772 1341 1816 ὃς
1364 1774 1408 1810 Β.
1432 1769 1698 1818 Χαριδήμοσος
1711 1774 1758 1810 G.

421 1822 479 1856 13.
508 1820 747 1858 παλαιότατα
773 1823 820 1857 G.
947 1819 1005 1859 14.
1038 1823 1103 1858 καὶ
1130 1823 1211 1857 add,
1240 1822 1282 1858 B.
1408 1818 1592 1862 σικύωνος
1620 1821 1651 1854 Β
1676 1832 1759 1855 con-

349 1871 495 1903 stanter.
599 1870 656 1904 15.
684 1871 810 1905 Νῖνον
829 1869 877 1903 G.
979 1868 1132 1915 γεγονὸς
1158 1870 1200 1903 Β.
1304 1866 1396 1909 τούς
1418 1867 1594 1914 πρώτους
1621 1867 1758 1902 Bredo-

349 1914 441 1949 vius.
476 1916 548 1951 τοῦ
565 1916 718 1962 πρώτου
737 1917 796 1959 G,
822 1916 914 1962 quod
940 1929 1077 1959 vereor,
1099 1923 1140 1951 ut
1162 1917 1199 1950 in
1216 1915 1394 1951 codicibus
1421 1914 1589 1962 scriptum
1604 1914 1662 1948 sit.

350 1963 408 2044 13.
421 1963 774 2056 ρμῥινηρὲονευομένου
803 1964 852 1998 G.
962 1965 1018 2002 17.
1043 1962 1299 2010 πελοπόνησος
1325 1964 1398 1998 ΑΒ.
1503 1963 1561 1999 18.
1584 1959 1694 2008 θάροι
1717 1961 1758 1996 Β.

394 2022 418 2045 α
469 2023 494 2046 α
555 2036 565 2045 .

329 2091 571 2138 Sicyoniorum
587 2105 733 2140 regnum
753 2105 774 2129 a
793 2092 904 2140 primo
926 2104 1013 2138 rege
1031 2091 1198 2138 Aegialeo
1221 2090 1338 2137 coepit
1356 2094 1393 2126 et
1410 2091 1455 2127 ad
1472 2093 1520 2129 26
1538 2091 1760 2138 Zeuxippum

257 2135 400 2174 duravit
427 2140 526 2175 annis
548 2141 616 2176 967
630 2167 640 2183 ‚
666 2141 790 2187 quibus
821 2152 998 2175 sacrorum
1032 2138 1205 2186 praefecti
1222 2151 1284 2173 sex
1305 2145 1551 2175 successerunt
1576 2139 1675 2174 annis
1693 2139 1760 2173 tri-

259 2185 359 2230 ginta
374 2186 496 2221 tribus.
545 2188 683 2222 Summa
711 2188 831 2234 itaque
855 2187 1098 2233 Sicyoniorum
1115 2187 1252 2233 imperii
1271 2192 1326 2221 est
1341 2198 1507 2221 annorum
1527 2189 1630 2228 1000,
1655 2190 1760 2232 prout

258 2233 489 2277 Apollodorus
516 2239 551 2269 et
579 2235 659 2277 alii,
683 2235 777 2269 inter
796 2246 883 2281 quos
908 2239 963 2269 est
981 2234 1177 2277 Eusebius,
1205 2233 1372 2280 scriptum
1401 2234 1639 2280 reliquerunt3
1665 2234 1761 2267 eius-

257 2278 405 2361 dettuque
424 2281 561 2317 duratio
595 2287 649 2317 est
669 2295 690 2318 a
707 2283 800 2320 3239
819 2281 938 2317 mundi
961 2292 1052 2316 anno
1075 2292 1186 2328 usque
1207 2280 1253 2316 ad
1274 2279 1389 2324 4238,
1414 2284 1453 2316 ut
1471 2281 1510 2316 in
1534 2280 1760 2328 sequentibus

260 2336 306 2372 pa
324 2338 343 2361 e
360 2353 369 2362 .

599 2387 663 2427 Ex
693 2389 856 2428 Castore
887 2388 938 2429 de
971 2388 1255 2442 Sicyoniorum
1284 2402 1422 2440 regno.

327 2452 568 2499 Sicyoniorum
597 2466 699 2500 reges
728 2457 772 2490 ab
794 2455 961 2501 Aegialeo
991 2456 1137 2490 omnium
1163 2455 1273 2502 primo
1291 2455 1449 2502 coepisse
1469 2454 1557 2489 etin
1578 2453 1760 2499 Zeuxippo

261 2498 410 2535 desiisse
442 2501 723 2537 demonstramus.
771 2503 886 2548 Reges
915 2503 1037 2548 itaque
1056 2503 1155 2537 annis
1176 2505 1245 2539 959
1269 2503 1372 2550 potiti
1391 2506 1472 2537 sunt
1490 2501 1655 2547 imperi03
1683 2501 1762 2546 qui-

261 2547 327 2582 bus
353 2546 500 2581 sublatis
529 2548 652 2583 Carnii
677 2549 878 2584 sacerdotes
908 2562 970 2584 sex
994 2554 1173 2596 sceptrum
1191 2551 1430 2591 obtinuerunt,
1456 2550 1629 2593 rebusque
1649 2547 1762 2582 sacris

258 2593 485 2629 intenderunt
500 2595 607 2630 'annis
637 2597 705 2638 33,
727 2596 921 2643 iisdemque
940 2597 1109 2632 suffectus
1135 2599 1173 2632 in
1190 2597 1387 2632 sacerdotio
1408 2595 1678 2632 Charidemosus
1698 2606 1762 2629 ex-

261 2641 379 2688 pensis
397 2641 571 2676 faciundis
586 2642 696 2677 minor
707 2669 716 2686 ,
742 2643 829 2688 fuga
850 2656 887 2677 se
905 2655 1013 2689 regno
1031 2644 1174 2690 eripuit.

332 2687 495 2723 Omnium
519 2689 656 2734 quidem
675 2689 907 2735 antiquissimi
924 2692 1140 2726 celebrantur
1157 2703 1178 2726 a
1196 2689 1345 2725 Graecis
1374 2689 1617 2736 Sicyoniorum
1637 2699 1761 2736 reges3

259 2734 322 2770 Sic
347 2734 422 2770 onis
448 2735 607 2771 nimirum
635 2736 826 2782 praefecti,
851 2749 996 2783 quorum
1026 2738 1207 2784 imperium
1233 2737 1362 2784 primus
1388 2737 1589 2783 auspicatus
1615 2740 1669 2770 est
1692 2737 1762 2769 Ae·-

261 2781 321 2827 gia
335 2794 417 2825 eus,
440 2782 520 2817 Beli
545 2783 719 2830 Ninique‚
745 2783 843 2818 cuius
867 2784 1003 2818 nomine
1036 2785 1182 2830 primum
1203 2785 1422 2830 Assyriorum
1438 2794 1581 2829 regnum
1598 2781 1764 2817 inscribi-

260 2833 331 2871 tur,
355 2829 593 2876 temporibus3
625 2832 669 2865 ab
698 2830 886 2876 Aegialeo,
919 2842 1010 2876 quae
1037 2842 1128 2866 nunc
1154 2831 1432 2878 Peloponnesus,
1465 2829 1625 2875 Aegialia
1653 2840 1764 2875 quon-

263 2875 341 2910 dam
367 2876 571 2920 dicebatur3
596 2889 740 2923 eumque
766 2877 912 2912 Nachor
930 2882 967 2911 et
992 2877 1114 2912 Thara
1135 2877 1227 2924 patri
1246 2879 1421 2915 Abraham
1434 2883 1660 2914 coaetaneum
1676 2875 1764 2911 fide-

263 2922 353 2961 liora
367 2928 565 2960 nostrarum
582 2924 804 2961 historiarum
822 2928 1039 2960 monumenta
1057 2924 1249 2961 declarant.
