1800 3236
225 145 332 198 526
701 155 956 203 GEORGII
983 157 1271 207 SYNCELLI

226 269 338 313 δαῖοι
360 269 414 328 τῇ
438 262 702 320 Μακεδόνων
725 266 835 328 ἀρχῇ
858 269 960 314 ποτὲ
981 269 1059 326 μὲν
1085 270 1391 328 Πτολεμαίοις,
1431 271 1610 317 ποτὲδέ
1643 278 1733 324 τοῖς

219 335 443 396 Ἀντιόχοις
476 339 642 383 ἐτέλουν
672 337 910 399 ὖπόφοροι,
961 340 1039 391 ἕως
1069 339 1228 386 Ὀνείου
1261 347 1337 387 τοῦ
1381 341 1604 402 ἀρχιερέως
1639 342 1732 387 ἀντὶ

223 410 432 467 βασιλέων
464 407 547 454 ὑπὸ
579 414 665 454 τῶν
693 409 916 469 ἀρχιερέων
939 408 1172 466 διεπόμενοι
1202 412 1256 456 τὰ
1276 413 1413 458 πολλὰ
1431 413 1528 470 μετ’
1551 411 1728 471 εῗρήνης.

225 481 293 524 ἐπὶ
332 482 379 525 δὲ
416 484 493 525 τοῦ
530 478 584 524 ιδ’
615 480 774 524 Ὀνείου
795 483 921 525 τοῦδε
942 483 1087 537 Σίμων
1107 499 1170 534 τις
1188 482 1430 542 προστάτης
1448 488 1526 528 τοῦ
1544 483 1587 527 ἓν
1604 482 1731 542 Ἱερο-

225 549 426 609 σολύμοις
456 554 562 595 ναοῦ
596 548 847 610 προσφεύγει
873 551 1139 614 Ἀπολλωνίῳ
1174 559 1395 615 στρατηγῷ
1429 555 1625 611 Φοινίκης
1651 554 1760 611 τὴν5

226 619 537 682 ἀρχιερωσύνην
571 619 709 682 ἑαυτῷ
750 620 1093 682 περιποιούμενος
1127 625 1196 668 καὶ
1227 624 1281 669 τὰ
1310 630 1386 670 τοῦ
1417 625 1530 684 ἱεροῦ
1560 622 1733 683 χρήμα-

224 711 280 737 τα
309 694 521 752 προδίδειν
551 690 879 749 ὑπισχνούμενος
889 726 903 747 ,
944 692 1065 737 ἅτινα
1094 693 1294 750 μαθώνὸ
1321 697 1524 748 Σέλευκος
1552 695 1622 739 διὰ
1654 699 1731 739 τοῦ

217 762 499 808 Ἀπολλωνίου
512 762 660 819 πέμπει
673 761 933 823 Ἡλιόδωρον
944 764 1017 808 τὸν
1037 765 1104 808 ἐπὶ
1126 769 1210 809 τῶν
1231 765 1505 825 πραγμάτων,
1532 765 1577 818 ὃς
1595 767 1733 816 θείαις

66 840 109 876 Ρ.
133 839 204 877 277
226 833 396 892 μάστιξι
416 835 660 886 παιδευθεὶς
684 834 799 886 κενὸς
816 836 1080 892 ἐπανῆλθεν·
1113 835 1273 888 Ὀνείας
1293 837 1339 880 δὲ
1361 835 1382 880 ὃ
1406 836 1619 895 ἀρχιερεὺς
1638 839 1734 879 δια-

227 903 456 965 πράττεται
497 907 819 964 φυγαδευθῆναι
859 905 933 950 τὸν
963 907 1149 960 Σίμωνα.
1196 909 1264 951 καὶ
1293 908 1336 952 ἓν
1365 906 1529 959 τούτοις
1556 904 1731 964 θνήσκει
1744 914 1790 951 10

226 977 430 1028 Σέλευκος
463 974 484 1020 ὅ
507 978 576 1020 καὶ
602 974 857 1034 Φιλοπάτωρ
880 974 1138 1032 βασιλεύσας
1159 976 1230 1034 ἔτη
1252 976 1332 1034 ιβ’,
1371 978 1480 1035 μεθ’
1510 977 1556 1022 ὃν
1570 977 1734 1021 Ἀντίο-

222 1066 302 1105 χος
323 1046 345 1092 ὃ
363 1045 593 1105 Ἐπιφανὴς
614 1046 797 1105 ἀδελφὸς
819 1051 895 1091 τοῦ
916 1046 1048 1091 αὐτοῦ
1078 1046 1279 1103 Σελεύκου
1292 1082 1315 1103 ,.
1344 1049 1435 1100 υἱὸς
1455 1050 1500 1093 δὲ
1517 1046 1732 1104 Ἀντιόχου

228 1122 305 1163 τοῦ
338 1115 548 1176 μεγάλου,
587 1115 635 1169 ὃς
663 1119 732 1162 καὶ
763 1112 815 1174 ἦν
848 1115 1066 1175 ὁμηρεύων
1101 1116 1312 1178 ἒνῬώμῃ.
1350 1117 1560 1174 βασιλεύει
1580 1120 1735 1164 ‹5321›-

73 1198 120 1235 V.
142 1198 211 1236 221
239 1190 332 1248 ριάς
362 1188 433 1247 ἴτη
465 1186 535 1233 ια’.
574 1185 712 1249 τούτῳ
733 1186 883 1233 Ἰάσων
913 1187 1096 1247 ἀδελφὸς
1119 1189 1280 1233 Ὀνείου
1317 1187 1379 1242 τξ’
1412 1188 1602 1234 τάλαντα
1632 1187 1734 1233 ὑπέ-

227 1276 349 1317 σχετο
377 1262 413 1303 εἶ
447 1259 524 1316 τὴν
553 1256 863 1318 ἀρχιερωσύνην
898 1257 1048 1314 λάβοι,
1087 1261 1156 1303 καὶ
1187 1258 1222 1312 ξ’
1258 1259 1366 1304 ἄλλα
1386 1259 1624 1319 προσόδου,
1664 1261 1733 1304 καὶ
1746 1268 1791 1304 15

227 1332 347 1390 ἕτερα
370 1329 430 1390 ρ’,
471 1332 506 1374 εἲ
525 1330 623 1381 τοὺς
640 1329 872 1381 Ἰουδαίους
904 1329 1011 1387 πρὸς
1029 1327 1277 1387 ἑλληνισμόν
1295 1329 1533 1390 μεταγάγοι.
1573 1331 1646 1390 ἐφ’
1672 1328 1736 1382 οἷς

226 1402 302 1447 τὸν
332 1402 409 1458 μὲν
435 1400 596 1445 Ὀνείαν
626 1400 771 1453 ἐξέωσε
803 1404 881 1458 τῆς
917 1398 1144 1459 ἱερωσύνης
1177 1399 1198 1445 ὅ
1229 1400 1460 1458 Ἀντίοχος,
1494 1399 1659 1446 Ἰάσωνι
1690 1403 1736 1445 δὲ

226 1470 385 1530 ταύτην
412 1471 640 1531 παρέσχεν,
686 1469 743 1522 ὥς
772 1468 1004 1529 γυμνάσιον
1033 1470 1205 1530 ἐφήβων
1244 1471 1537 1530 καταστήσας,
1576 1472 1737 1530 ἀγῶνος

190 1545 274 1588 Βέν
300 1541 427 1604 Τύρῳ
459 1546 779 1600 πενταετηρικοῢ
814 1541 1021 1598 ἀχθέντος
1043 1542 1236 1601 θεωροὺς
1257 1542 1440 1600 ἔπεμψεν
1455 1541 1626 1598 Ἰάσων,
1666 1544 1737 1587 καὶ

229 1615 422 1672 δραχμὰς
450 1614 682 1673 τρισχιλίας
710 1615 767 1664 εἷς
788 1614 947 1657 θυσίαν
976 1618 1051 1656 τοῦ
1066 1612 1337 1672 Ἱ-Ιρακλέους.
1376 1616 1445 1658 καὶ
1465 1614 1538 1659 τὸν
1556 1614 1794 1671 βασιλὲαΞΟ

223 1685 437 1742 Ἀντίοχον
463 1687 519 1736 εἷς
534 1682 809 1743 Ἰερουσαλὴμ
829 1681 1012 1728 ἐλθόντα
1024 1689 1352 1743 μεγαλοπρεπῶς
1366 1683 1610 1740 ὑπεδέξατο,
1626 1683 1732 1743 χρή-

1719 1753 1734 1769 c

1219 1760 1239 1768 m

337 1754 349 1772 Ι
455 1755 478 1772 Ἰ
642 1755 653 1772 ἱ
851 1752 863 1770 Ι
999 1759 1020 1769 u
1064 1755 1076 1770 2
1104 1762 1109 1767 ·
1266 1757 1315 1783 v!
1478 1755 1502 1772 'l

230 1774 350 1812 ματα
377 1773 422 1800 τε
450 1759 559 1799 αλλα
588 1758 659 1799 δια
690 1758 915 1800 Μενελαου
943 1772 1019 1799 του
1053 1758 1239 1815 αδελφου
1258 1773 1452 1813 Διμωνος
1476 1768 1674 1813 επεμψεν.
1714 1774 1737 1799 ο

327 1870 364 1906 2.
387 1868 459 1905 τοῦ
479 1864 677 1915 ἀρχιερέως
692 1888 740 1895 -
756 1869 829 1906 τοῦ
851 1865 902 1905 ιδ’
916 1864 1072 1905 Ὀνείου
1087 1880 1153 1904 om.
1172 1868 1217 1906 B.
1337 1867 1372 1903 6.
1395 1866 1669 1915 ἆρχιεροσύνην
1692 1869 1737 1912 Β,

326 1920 370 1952 ut
389 1916 489 1951 solet.
606 1915 941 1964 παραποιούμενος
964 1918 1010 1951 G.
1123 1918 1157 1953 7.
1183 1914 1412 1963 προδιδόναι
1430 1918 1593 1963 Scaliger
1619 1929 1653 1964 p.
1677 1918 1736 1954 67.

326 1964 438 2000 Recte
460 1964 669 2010 προδίδειν.
721 1965 783 1999 Sic
809 1966 930 2002 δι’δειν
958 1976 1066 2012 supra
1089 1977 1126 2012 p.
1146 1966 1215 2002 267
1235 1964 1269 2000 d.
1403 1966 1462 2001 11.
1486 1965 1670 2008 Σέλευκος
1699 1961 1736 2010 ὁ]

324 2009 349 2048 ὁ
369 2011 552 2054 Σέλευκος
571 2008 591 2048 ὁ
615 2013 663 2047 G.
791 2012 847 2049 14.
878 2010 1003 2059 τούτῳ
1023 2010 1143 2048 ἰάσων
1163 2013 1206 2048 Β.
1230 2009 1355 2062 τούτῳ
1373 2013 1428 2061 τῷ
1446 2012 1588 2050 Ιοὶσωνι
1608 2013 1657 2048 G.

329 2061 387 2096 16.
414 2057 535 2107 ἕτερα]
562 2058 657 2096 ἄλλα
681 2060 728 2095 G.
834 2062 891 2098 18.
916 2058 982 2108 ὡς]
1013 2056 1056 2103 ἃς
1078 2073 1123 2097 m.

234 2165 306 2202 qua
326 2153 542 2198 Ptolemaei,
566 2166 636 2201 qua
653 2154 815 2191 Antiochi
847 2154 997 2201 posteris
1025 2155 1159 2190 tributa
1190 2153 1392 2201 pendebant
1426 2155 1463 2189 et
1493 2165 1617 2199 regum
1647 2151 1741 2196 vice,

235 2201 439 2250 pontificum
455 2202 601 2249 imperio
614 2202 712 2249 pacis
730 2203 901 2239 fovendae
918 2202 1074 2238 studioso
1093 2214 1219 2237 morem
1231 2202 1413 2247 gerebant.
1438 2201 1512 2236 Sub
1526 2200 1641 2236 Oniae
1659 2213 1743 2247 por-

235 2261 275 2284 ro
294 2248 396 2283 istius
416 2261 539 2284 annum
563 2249 607 2286 14
625 2249 744 2286 Simon
766 2251 904 2297 quidam
924 2249 1243 2296 Hierosolymorum
1270 2249 1388 2295 templi
1410 2249 1609 2295 praefectus
1631 2247 1743 2295 Apol-

233 2296 363 2331 lonium
389 2296 601 2332 Phoeniciae
632 2297 753 2332 ducem
783 2298 1008 2344 pontificatus
1035 2296 1214 2331 obtinendi
1243 2297 1364 2342 templi
1393 2296 1537 2332 divitias
1568 2295 1741 2342 prodendi

235 2343 349 2379 animo
378 2345 552 2379 convenit.
601 2345 655 2380 De
681 2345 736 2379 his
755 2345 922 2380 Seleucus
941 2343 1113 2389 Apollonii
1144 2343 1274 2378 litteris
1298 2344 1414 2379 factus
1442 2344 1592 2386 certior,
1617 2343 1741 2378 Helio-

235 2391 357 2426 dorum
373 2390 485 2437 regiis
505 2392 610 2426 rebus
635 2391 872 2438 praepositum
889 2391 1014 2434 mittit,
1040 2391 1099 2437 qui
1116 2391 1244 2426 divinis
1271 2392 1479 2426 verberibus
1505 2390 1677 2433 eruditus,
1701 2402 1741 2425 re

235 2438 370 2474 infecta
389 2438 601 2482 revertitur3
619 2451 693 2474 eam
709 2440 754 2474 ob
773 2451 844 2474 rem
856 2439 1028 2474 Simonem
1049 2439 1131 2485 pelli
1146 2438 1257 2474 Onias
1276 2439 1436 2485 pontifex
1453 2438 1643 2474 studiorum
1662 2437 1743 2473 dili-

236 2485 360 2533 gentia
385 2486 623 2533 consequitur.
671 2486 762 2521 Dum
789 2487 875 2522 haec
904 2492 1055 2532 aguntur
1082 2486 1249 2521 Seleucus
1268 2486 1475 2533 Philopator
1503 2486 1621 2520 dictus
1649 2496 1740 2519 anno

236 2532 339 2579 regni
356 2532 558 2568 duodecimo
578 2533 742 2577 moritur3
768 2545 868 2580 quem
891 2533 1084 2569 Antiochus
1102 2534 1321 2582 EpiphaneS,
1341 2533 1482 2570 Seleuci
1509 2534 1644 2575 frater,
1669 2533 1742 2567 An-

235 2580 348 2617 tiochi
369 2581 486 2628 magni
503 2582 613 2624 filius,
638 2581 770 2617 Romae
791 2582 962 2627 quondam
983 2582 1085 2617 obses
1103 2582 1227 2624 datus,
1252 2581 1406 2629 excipit,
1431 2585 1468 2617 et
1485 2580 1613 2627 Syriae
1630 2580 1743 2626 impe-

235 2631 296 2664 rat
313 2628 412 2663 annis
437 2630 488 2665 11.
537 2628 631 2664 Huic
648 2629 751 2664 Iason
772 2628 885 2664 Oniae
901 2630 1013 2664 frater
1033 2629 1165 2665 talenta
1186 2632 1279 2672 360,
1304 2629 1334 2664 si
1366 2629 1467 2664 modo
1501 2627 1742 2674 pontificatum

236 2675 427 2719 obtineret,
452 2675 705 2722 pollicebatur3
730 2681 802 2711 tum
829 2677 933 2711 annui
954 2676 1113 2712 redditus
1142 2680 1189 2714 60
1211 2682 1248 2712 et
1264 2676 1407 2712 Iudaeis
1429 2677 1472 2711 ab
1491 2687 1533 2710 eo
1561 2674 1606 2709 ml
1625 2674 1744 2709 Grae·-

240 2734 317 2759 cam
336 2723 617 2770 superstitionem
635 2724 769 2759 adactis
787 2723 856 2759 alia
880 2726 970 2767 100,
995 2724 1185 2760 Antiochus
1203 2724 1368 2771 pollicitis
1385 2724 1525 2758 illectus
1542 2721 1668 2757 Oniam
1687 2721 1744 2755 ‹li-

241 2771 377 2817 gnitate
408 2770 508 2806 eiicit
536 2776 572 2806 et
597 2771 633 2806 in
654 2772 812 2807 Iasonem
842 2773 1025 2807 transfert.
1073 2771 1144 2806 Hic
1177 2772 1337 2807 iuvenum
1363 2770 1526 2806 instituta
1551 2769 1742 2816 palaestra,

243 2818 492 2864 quinquennali
509 2818 698 2855 certamine
715 2819 807 2866 Tyri
828 2818 1002 2854 celebrato
1020 2819 1156 2865 legatos
1176 2824 1213 2855 et
1230 2818 1396 2855 Herculis
1417 2817 1591 2854 sacrificio
1616 2816 1744 2851 drach-

242 2875 374 2900 marum
391 2868 485 2903 3000
505 2866 631 2909 mittit3
656 2870 693 2902 et
710 2866 917 2902 Antiochum
926 2866 1201 2912 Hierosolymam
1216 2867 1409 2913 profectum
1426 2864 1564 2911 ingenti
1580 2862 1747 2911 pecunia-

243 2921 318 2947 rum
336 2913 492 2960 pondere
514 2913 667 2951 Menelai
690 2913 813 2950 fratris
831 2913 980 2950 Simonis
1000 2914 1160 2951 manibus
1184 2915 1303 2951 oblato
1329 2918 1366 2950 et
1391 2912 1529 2960 magnis
1553 2909 1745 2948 honoribus

591 3066 602 3084 Ι
