1800 3236
234 151 343 203 ‘746
834 161 1163 209 MCEPHORI

82 267 126 351 ξ·
148 265 222 353 ἓῗὲ
345 267 544 316 Γίνονται
575 269 684 330 ὅμοῦ
714 271 771 318 τὰ
800 270 941 318 πάντα
965 272 1047 319 ἀπὸ
1065 272 1204 332 Ἀδὰμ
1233 274 1314 328 ἕως
1337 279 1416 334 τῆς
1435 273 1640 338 ἐνσοῖρκου
1663 277 1752 323 ἔπι-

118 341 127 350 ’
242 341 398 399 δημίας
417 345 494 386 τοῦ
508 345 655 403 κυρίου
673 341 796 402 ἡμῶν
816 345 887 389 καὶ
906 348 1101 405 σωτῆρος
1113 344 1257 405 Ἰησοῦ
1267 350 1465 408 Χριστοῦ
1482 349 1591 395 κατὰ
1610 354 1752 395 πᾶσαν

237 412 453 472 ἀκρίβειαν
473 411 544 471 ἴτη
565 412 658 476 ,εφῆ

343 483 476 528 Μετὰ
512 483 768 544 Αὔγουστον
806 482 1026 542 Ῥωμαίων
1067 485 1211 547 τρίτος
1263 487 1508 546 ἐβασίλευσε
1555 488 1751 549 Τιβέριος
1758 508 1783 546 5

234 552 308 613 ἔτη
328 551 405 612 κγ’.

345 627 420 685 Τῷ
444 624 491 669 δὲ
512 621 558 669 ιε’
581 623 661 671 ἔτει
682 629 761 684 τῆς
777 625 910 671 αὐτοῦ
930 626 1148 683 βασιλείας
1167 632 1245 686 τῆς
1265 630 1476 689 σωτηρίου
1494 631 1565 676 καὶ
1586 629 1751 690 εὐαγγε-

236 700 355 754 λικῆς
372 697 650 749 διδασκαλίας
670 696 843 756 ἄρχεται
857 695 1002 756 κύριος
1022 696 1146 756 ἡμῶν
1164 698 1327 758 Ἰησοῦς
1347 699 1552 761 Χριστός.

342 771 419 827 Τῷ
441 767 488 811 δὲ
512 765 567 825 ιη’
590 768 670 813 ἔτει
698 768 857 814 ἔπαθεν
884 769 927 813 ἐν
950 767 1228 829 Ἰερουσαλὴμ
1249 769 1356 830 ὖπέρ
1387 770 1509 829 ἡμῶν
1536 771 1587 817 τὸ
1611 770 1752 830 σωτή-

233 856 326 897 ριον
349 835 494 890 πάθος
514 839 596 899 πρὸ
616 837 659 898 η’
683 842 907 886 καλανδῶν
919 839 1196 900 Ἀπριλλίων,
1239 842 1464 900 Φαμενὼθ
1490 841 1579 899 2:32
1618 842 1641 888 ὅ
1663 845 1752 888 ε’στι

233 910 441 969 Μαρτίου
467 906 539 955 κε’.
1762 926 1800 965 1(

342 981 542 1025 Γίνονται
561 975 637 1026 οῦν
662 978 771 1038 ὁμοῦ
796 980 878 1026 ἀπὸ
895 979 1032 1038 Ἀδὰμ
1059 981 1139 1034 ἕως
1156 987 1234 1027 τοῦ
1255 984 1467 1044 σωτηρίου
1489 981 1661 1036 πάθους
1683 986 1754 1028 καὶ

196 1054 317 1108 Βτῆς
345 1049 619 1104 ἀναστάσεως
641 1056 718 1096 τοῦ
746 1053 894 1112 κυρίου
924 1053 995 1096 καὶ
1024 1056 1132 1098 θεοῦ
1160 1056 1232 1098 καὶ
1259 1060 1455 1116 σωτῆρος
1471 1054 1593 1114 ἡμῶν
1611 1055 1751 1113 Ἰησοῦ

236 1125 434 1182 Χριστοῦ
455 1121 526 1179 ἴτη
550 1120 694 1185 ,εφλγᾞ

343 1192 475 1238 Μετὰ
494 1194 541 1238 δὲ
564 1191 760 1253 Τιβέριον
779 1188 911 1245 Γάϊος
932 1190 1004 1251 ξ’τη
1022 1189 1076 1251 γ’,
1108 1197 1252 1252 μῆνας
1271 1189 1314 1250 ι’,
1345 1196 1415 1240 καὶ
1437 1192 1601 1256 ἐσφάγη
1622 1196 1668 1241 ἓν
1691 1199 1752 1259 τῷ

238 1265 446 1324 παλατίῳ.
1765 1282 1800 1318 1Ξ

342 1331 561 1386 Κλαύδιος
579 1331 652 1391 ξ’τη
673 1333 968 1394 τρισκαίδεκα,
1002 1336 1118 1391 μῆνα
1135 1330 1193 1389 α’,
1233 1331 1397 1394 ἐσφάγη
1415 1336 1458 1380 ἓν
1477 1333 1632 1397 Ῥώμῃ.

343 1405 495 1464 Νέρων
513 1404 585 1463 ἔτη
605 1402 673 1462 ιγ’,
711 1409 850 1462 μῆνας
868 1402 933 1462 η’,
965 1403 1111 1463 φυγὼν
1132 1405 1267 1459 ζῶντα
1286 1404 1438 1451 ἑαυτὸν
1458 1406 1600 1465 ἔχωσε.

342 1476 542 1535 Νέρωνος
559 1473 714 1520 τούτου
735 1480 905 1534 πρῶτον
917 1475 1102 1533 διωγμὸν
1122 1473 1372 1533 κινήσαντος
1389 1478 1497 1522 κατὰ
1515 1483 1600 1523 τῶν
1621 1476 1750 1536 ἁγίων

236 1545 406 1606 Πέτρος
428 1548 496 1591 καὶ
515 1550 694 1598 Παῦλος
715 1547 758 1590 ἐν
775 1543 917 1605 Ῥώμῃ
936 1544 1250 1605 ἐμαρτύρησαν,
1276 1550 1345 1592 καὶ
1358 1546 1559 1604 Ἰάκωβος
1579 1547 1601 1593 ὃ
1624 1549 1750 1593 ἀδελ-

239 1618 321 1676 φὸς
342 1622 419 1662 τοῦ
439 1617 610 1676 κυρίου,
648 1615 697 1661 ὃν
725 1614 902 1661 ἐκάλουν
933 1614 1087 1668 πάντες
1116 1618 1305 1674 δίκαιον,
1343 1616 1428 1664 ῦπὸ
1455 1619 1675 1665 Ἰουδαίων
1703 1621 1800 1671 ἐνΞῡ

233 1685 542 1748 Ἱεροσολύμοις
559 1686 791 1746 {aestio-3⁷7.
1610 1681 1618 1688 ⁸

201 1835 236 1872 C
337 1829 489 1875 ’Όθων
510 1833 650 1888 μῆνας
670 1826 721 1888 γ’.
747 1827 898 1875 ἑαυτὸν
920 1827 1093 1873 ἀνεῖλεν.

335 1954 394 1991 18.
417 1950 569 2000 πρώτου
594 1953 640 1989 R.
768 1954 827 1992 19.
862 1951 1129 2000 ἐμαρτύρησαν
1152 1963 1217 1988 om.
1236 1951 1285 1988 G.
1411 1951 1471 1990 22.
1502 1950 1546 1989 In
1564 1953 1598 1990 R
1621 1953 1747 1990 lacuna

334 2000 445 2037 nulla.
478 2001 591 2038 Deest
609 2001 737 2038 Galba.
839 2002 901 2039 23.
926 2002 1044 2048 Vulgo
1068 1999 1205 2039 Ωθών.

338 2105 393 2141 Ab
421 2106 531 2143 Adam
559 2106 682 2154 itaque
703 2106 748 2143 ad
767 2105 896 2143 domini
921 2106 1035 2143 nostri
1064 2109 1101 2143 et
1129 2105 1316 2142 salvatoris
1334 2105 1415 2142 Iesu
1432 2104 1569 2142 Christi
1586 2105 1624 2141 in
1641 2117 1749 2142 carne

242 2150 429 2189 adventum
449 2166 493 2190 ex
513 2155 731 2191 accuratiore
755 2155 888 2191 calculo
905 2159 1129 2191 numerantur
1148 2154 1230 2190 anni
1249 2155 1358 2191 5500.

334 2200 422 2236 Post
439 2201 632 2248 Augustum
655 2203 887 2238 Romanorum
901 2203 1098 2249 Imperator
1117 2203 1141 2238 3
1159 2201 1327 2238 Tiberius
1348 2200 1450 2236 annis
1463 2201 1524 2237 23.

335 2247 422 2282 Eius
444 2248 583 2295 imperii
605 2261 694 2285 anno
715 2250 848 2286 decimo
868 2250 989 2296 quinto
1018 2249 1223 2285 salutiferae
1244 2254 1284 2284 et
1308 2246 1538 2293 evangelicae
1563 2247 1749 2284 doctrinae

240 2294 399 2330 dominus
416 2302 537 2331 noster
553 2297 651 2331 Iesus
669 2296 832 2333 Christus
850 2297 987 2333 initium
1003 2297 1114 2333 dedit.

335 2343 434 2377 Anno
453 2354 536 2378 vero
558 2345 602 2380 18
621 2344 805 2380 salutarem
827 2357 890 2391 pro
908 2345 1008 2379 nobis
1029 2344 1065 2379 in
1082 2342 1303 2380 Hierusalem
1321 2341 1428 2377 subiit
1450 2341 1647 2389 passionem
1664 2345 1749 2378 ante

241 2387 334 2425 diem
356 2399 436 2424 vm.
458 2390 607 2425 Kalend.
627 2391 761 2437 April„
781 2393 997 2428 Phamenoth
1014 2393 1061 2428 29
1073 2417 1085 2434 ,
1109 2391 1171 2437 qui
1192 2390 1315 2426 Martii
1334 2393 1390 2425 est
1405 2390 1464 2426 25.

193 2473 195 2475 ,
338 2437 392 2472 Ab
411 2436 521 2472 Adam
537 2437 657 2484 itaque
676 2438 723 2472 ad
741 2439 956 2474 salutiferam
967 2438 1162 2484 passionem
1182 2443 1218 2474 et
1235 2437 1419 2477 dominiet
1434 2436 1493 2472 dei
1504 2440 1542 2473 et
1560 2435 1746 2474 salvatoris

244 2484 357 2520 nostri
375 2485 455 2520 Iesu
472 2484 608 2519 Christi
625 2486 919 2521 resurrectionem
939 2485 1019 2521 anni
1037 2487 1131 2523 5533
1153 2485 1375 2532 colliguntur.

337 2532 427 2567 Post
442 2531 626 2568 Tiberium
643 2532 829 2580 imperavit
845 2532 955 2569 Caius
978 2532 1078 2570 annis
1102 2534 1240 2577 tribus,
1262 2532 1437 2569 mensibus
1455 2530 1600 2575 decem,
1622 2533 1660 2567 et
1685 2542 1745 2567 oc-

245 2577 339 2614 cisus
361 2578 468 2614 estin
490 2579 632 2626 palatio.

339 2626 509 2662 Claudius
525 2626 625 2662 annis
643 2627 688 2664 13
703 2651 715 2669 ‚
739 2637 856 2662 mense
872 2638 941 2663 uno
952 2653 963 2671 ‚
985 2628 1116 2664 Romae
1134 2627 1341 2664 interfectus
1362 2629 1430 2663 est.

337 2673 439 2709 Nero
456 2675 556 2709 annis
578 2676 645 2718 13,
669 2674 842 2709 mensibus
859 2675 903 2718 8,
928 2676 1067 2721 fugiens
1082 2677 1202 2712 vivum
1223 2688 1262 2711 se
1283 2675 1396 2722 ipsum
1415 2671 1546 2710 obruit.
1719 2717 1722 2722 ι

338 2721 484 2760 Nerone
507 2722 783 2768 persecutionem
826 2722 912 2757 rimo
932 2723 1100 2758 adversus
1119 2726 1260 2758 sanctos
1282 2724 1538 2762 commovente,
1561 2718 1693 2756 Petrus
1709 2722 1746 2754 et

243 2766 374 2803 Paulus
406 2770 538 2806 Romae
566 2773 741 2816 martyres
773 2733 894 2804 effecti
923 2775 1026 2813 sunt3
1060 2775 1097 2806 et
1127 2771 1276 2806 Iacobus
1303 2771 1418 2806 frater
1458 2766 1586 2802 domini
1598 2792 1612 2810 ‚
1644 2778 1745 2813 quem

245 2827 364 2851 omues
381 2816 514 2852 Iustum
535 2816 722 2863 dicebant,
747 2816 792 2852 ab
810 2816 950 2852 Iudaeis
968 2818 1223 2866 Hierosolymis
1241 2817 1418 2865 lapidibus
1434 2815 1582 2852 obrutus
1597 2817 1664 2851 est.

341 2910 440 2947 Otho
460 2911 634 2947 mensibus
651 2911 765 2948 tribus
786 2922 826 2948 se
845 2910 961 2959 ipsum
979 2911 1168 2949 interfecit.
