1800 3236
204 244 207 248 .
223 196 327 245 288
696 200 968 275 'GEORGII
994 201 1287 251 SYNCELLI

334 312 454 359 Φασί
482 330 590 366 τινες
611 310 675 358 ὅτι
697 312 806 370 μετὰ
835 311 1242 373 ΣθένελονἌργους
1255 314 1497 371 ἐβασίλευσε
1522 316 1565 360 Γ
1561 315 1735 376 ελάνωρ,

225 382 279 429 ὃν·
298 383 472 443 Ἀργεῖοι
501 389 580 440 τῆς
611 385 745 443 ἀρχῆς
775 381 1014 435 παύσαντες
1045 386 1223 430 Δαναὸν
1250 385 1429 445 Ἄργους
1445 388 1735 440 ἐβασίλευσαν.

225 452 274 507 ὃς
305 455 488 499 ἐκπεσών
514 453 739 511 Αἰγύπτου
771 456 841 499 καὶ
868 452 1084 512 κρατήσας
1112 460 1190 500 τοῦ
1219 455 1398 515 Ἄργους
1425 456 1600 516 ἔνυδρον
1632 457 1737 503 aiau}

225 522 511 582 κατεστήσατο
558 522 581 569 ὃ
619 525 747 576 αὐτὸς
786 524 962 576 Δαναὸς
1000 525 1071 569 διὰ
1103 531 1189 570 τῶν
1228 527 1459 586 λεγομένων
1489 529 1734 573 Δαναΐδων.

187 590 353 640 Οαῧται
372 596 418 639 δὲ
440 591 549 652 ἦσαν
572 594 688 656 αὐτῷ
710 595 944 654 θυγατέρες
963 594 1245 653 πεντήκοντα,
1284 598 1337 642 αἳ
1353 597 1453 649 τοὺς
1479 597 1767 656 πεντήκονταό

222 666 341 717 υἱοὺς
373 670 450 709 τοῦ
487 666 673 725 ἀδελφοῦ
695 666 826 710 αὐτοῦ
850 665 1075 725 Αἰγύπτου
1103 666 1378 727 διεχρήσαντο
1395 671 1527 727 χωρὶς
1549 669 1640 721 ἓνὸς
1659 674 1737 714 τοῦ

223 735 453 794 Λυγκέως,
504 734 551 787 ὃς
581 739 651 780 καὶ
687 737 928 792 ἐβασίλευσε
958 737 1056 794 μετ’
1094 737 1236 784 αὐτόν.
1293 739 1370 784 οὗκ
1401 739 1577 784 ἄπιστον
1611 740 1659 784 δὲ
1694 740 1738 784 ἕν

221 804 459 867 βαρβάροις
470 803 505 869 ἦ
531 809 781 852 πολυτεκνιά
803 807 872 852 διὰ
891 807 939 852 τὸ
959 812 1128 866 πλῆθος
1146 814 1232 854 τῶν
1252 814 1492 855 παλλακῶν.

853 906 1115 967 Σποράδηυ.

327 991 391 1038 Ἦ
407 992 476 1038 Ἰὼ
506 991 534 1051 ἦ
567 993 741 1053 δευτέρα
774 995 832 1046 εἷς
852 994 1075 1053 Αἴγυπτον
1100 997 1291 1041 ἐλθοῦσα
1309 992 1418 1040 κατά
1439 1013 1558 1048 τινας
1566 1030 1598 1051 ,Α
1619 993 1647 1053 ἢ
1669 997 1738 1039 καὶ
1753 1005 1797 1041 10

219 1059 321 1122 Ἶσις
347 1063 672 1127 προσηγορεύθη
716 1066 859 1125 Φαρία
869 1099 885 1122 ,
923 1067 1141 1125 γημαμένη
1178 1065 1604 1130 ΤηλεγόνῳἜπαφον
1628 1067 1739 1125 ἐγέν-

225 1152 364 1193 νησεν.

321 1206 516 1266 ’Έπαφος
540 1203 649 1257 Ἰοῦς
669 1209 748 1263 τῆς
769 1204 968 1266 δευτέρας
988 1206 1254 1263 ἐβασίλευσεν
1271 1204 1494 1266 Λῗγῦπτου
1515 1208 1584 1252 καὶ
1608 1207 1738 1266 Μέμ-

226 1295 299 1338 φιν
318 1276 474 1322 ἔκτισε.Δ

186 1354 221 1390 D
333 1346 555 1402 Κόρινθος
574 1343 602 1404 ἦ
623 1343 753 1390 πάλαι
767 1343 932 1406 Ἔφύρα
953 1345 1189 1405 καλουμένη
1209 1346 1398 1405 ἐκτίσθη,
1749 1355 1795 1393 15

338 1418 486 1470 Φοίνιξ
520 1418 589 1460 καὶ
627 1415 807 1473 Κάδμος
841 1417 924 1461 ἀπὸ
962 1420 1120 1476 Θηβῶν
1152 1422 1237 1463 τῶν
1261 1418 1363 1463 κατ’
1384 1418 1604 1477 Αἴγυπτον
1625 1418 1740 1472 ἔξελ-

228 1487 382 1541 θόντες
407 1491 464 1540 εἷς
483 1487 561 1545 τὴν
585 1489 745 1546 Συρίαν
768 1485 912 1547 Τύρου
934 1491 1003 1532 καὶ
1028 1491 1215 1540 Σιδῶνος
1237 1490 1524 1546 ἐβασίλευσαν.

332 1557 536 1616 Βούσιρις
553 1560 825 1620 Ποσειδῶνος
844 1560 915 1602 καὶ
933 1558 1110 1617 Λιβύης
1127 1564 1205 1617 τῆς
1223 1558 1414 1620 Ἐπάφου
1434 1568 1533 1612 παῖς
1551 1564 1637 1606 τῶν
1660 1578 1740 1605 κα-

228 1630 285 1675 τὰ
317 1631 392 1676 τὸν
422 1633 577 1675 Νεῖλον
608 1626 749 1674 τόπων
770 1627 982 1690 ἐτυράννει
1006 1632 1075 1675 καὶ
1097 1630 1198 1683 τοὺς
1220 1629 1534 1691 παροδεύοντας
1558 1631 1740 1677 κατέθυε

230 1702 387 1755 ξένους.
1483 1730 1488 1734 ·
1576 1716 1577 1719 ’
1748 1711 1798 1749 20

339 1771 403 1817 Τὸ
425 1771 468 1815 ἓν
491 1771 678 1830 Δελφοῖς
701 1770 815 1831 ἱερὸν·
830 1768 1069 1832 ἐνεπρήσθη
1090 1770 1173 1818 ὕπὸ
1197 1769 1402 1831 Φλεγύου.

325 1850 363 1886 1.
387 1846 554 1894 γελάνων
575 1849 617 1885 Α.
719 1850 756 1886 3.
779 1845 875 1886 αὐτὸ
894 1850 970 1885 Bm.
995 1846 1100 1896 αὐτῷ
1120 1850 1170 1884 G.
1266 1848 1303 1887 4.
1328 1848 1602 1898 κατεστήσαντο
1625 1853 1669 1888 Α.

327 1895 476 1938 δάναος
493 1897 523 1931 Β
541 1899 751 1933 constanter.
852 1898 888 1934 5.
915 1896 958 1934 αἳ
977 1897 1115 1934 addidit
1133 1897 1294 1944 Scaliger
1312 1911 1347 1945 p.
1365 1900 1422 1936 27.
1526 1902 1561 1937 6.
1588 1897 1739 1946 διεχρή-

327 1955 442 1981 σαντο
463 1944 634 1990 Scaliger.
660 1942 885 1992 διεχρήσατο
908 1946 957 1982 G.
1025 1991 1028 1993 ,
1061 1947 1117 1982 10.
1139 1943 1190 1982 Ἡ
1209 1957 1277 1982 om.
1295 1947 1345 1984 G.
1447 1947 1505 1985 16.
1532 1950 1666 1993 Φοῖνιξ
1690 1948 1739 1984 G.

396 1992 454 2027 21.
481 1994 638 2039 Φλεγίου
663 1993 712 2027 G.
771 2039 775 2042 ,

326 2059 483 2097 Stheneli
500 2074 735 2099 successorem
752 2062 962 2099 Gelanorem
981 2062 1086 2111 Argis
1103 2063 1296 2111 imperasse
1311 2063 1467 2101 nonnulli
1486 2065 1665 2108 referunt3
1688 2064 1742 2101 ei·-

235 2118 306 2156 qne
323 2120 403 2143 mox
422 2110 523 2155 regia
545 2110 720 2157 dignitate
736 2112 907 2157 abrogata
926 2111 1084 2147 Danaum
1105 2113 1149 2147 ab
1169 2111 1256 2159 ipsis
1272 2113 1416 2158 Argivis
1436 2113 1472 2149 in
1500 2113 1646 2160 imperio
1664 2113 1742 2148 suf-

234 2157 376 2191 fectum.
425 2157 494 2191 Hic
510 2159 673 2205 Aegypto
700 2158 820 2205 pulsus
843 2163 879 2194 et
896 2159 1104 2206 Argivorum
1127 2165 1268 2206 sceptro
1284 2161 1417 2207 potitus
1437 2172 1603 2208 aquarum
1635 2160 1741 2207 copia

235 2203 348 2238 locum
375 2203 530 2239 reddidit
559 2217 749 2241 amoenum.
797 2207 940 2242 Danaus
969 2207 1038 2243 iste
1064 2206 1212 2242 filiarum
1233 2207 1430 2243 Danaidum
1456 2208 1603 2254 gladiis,
1628 2207 1741 2254 (illae

234 2261 321 2285 vero
342 2262 482 2286 numero
502 2251 753 2299 quinquaginta
770 2253 943 2300 fuerunt),
960 2253 1082 2289 fratris
1099 2255 1255 2302 Aegypti
1271 2255 1363 2290 filios
1380 2255 1645 2303 quinquaginta,
1671 2267 1740 2290 uno

235 2297 379 2344 Lynceo
398 2298 550 2345 dempto,
571 2300 629 2346 qui
646 2300 750 2335 etiam
770 2312 914 2347 regnum
931 2313 973 2337 eo
992 2301 1130 2337 sublato
1149 2302 1298 2349 adeptus
1319 2310 1385 2345 est,
1409 2303 1574 2338 confecit.
1622 2302 1742 2337 Tanta

233 2355 343 2391 porro
360 2343 554 2429 liberorptmt
564 2346 674 2395 copia,
693 2348 863 2395 permissa
875 2349 1034 2385 barbaris
1051 2349 1215 2397 pellicum
1231 2350 1467 2394 multitudine,
1486 2350 1590 2386 fidem
1606 2361 1741 2386 omnem

235 2403 259 2428 a
277 2403 317 2428 se
333 2403 403 2428 non
424 2403 490 2428 ave
525 2405 537 2428 ι
555 2420 566 2432 .
1138 2404 1140 2406 ·

849 2457 1121 2499 Miscellanea.

328 2519 369 2556 Io
387 2520 525 2558 nomine
551 2522 728 2567 secunda,
747 2535 839 2571 quae
860 2529 897 2562 et
916 2523 985 2562 Isis
1004 2526 1135 2563 Pharia
1151 2530 1299 2571 vocata,
1322 2526 1361 2563 in
1377 2527 1577 2575 Aegyptum
1594 2524 1740 2561 veniens

237 2578 282 2605 ac
298 2567 488 2615 Telegono.
499 2575 610 2616 nupta
621 2596 632 2613 ‚
654 2571 844 2618 Epaphum
863 2574 970 2609 filium
987 2575 1138 2621 peperit.

305 2616 502 2699 digptaphus
524 2617 582 2653 Ius
610 2618 780 2655 secundae
806 2620 900 2656 filiu:
919 2622 1078 2669 Aegypti
1097 2634 1162 2658 rex
1189 2621 1390 2659 declaratus
1409 2619 1590 2669 Memphin
1619 2619 1741 2656 urbem

237 2674 303 2701 con
328 2676 339 2698 1
365 2676 377 2698 ι
397 2690 406 2698 .

331 2710 524 2748 Corinthus
545 2712 715 2760 quondam
735 2714 884 2760 Ephyra
901 2714 1018 2762 coepit
1037 2715 1231 2752 aedificari.

329 2758 487 2795 Phoenix
503 2763 541 2795 et
564 2757 715 2796 Cadmus
735 2761 871 2796 Thebis
892 2762 1081 2810 ‘Aegyptiis
1107 2764 1145 2799 in
1158 2763 1297 2811 Syriam
1314 2762 1486 2811 profecti,
1510 2762 1603 2810 Tyri
1630 2759 1738 2797 Sido-

236 2804 364 2852 nisque
383 2806 528 2843 sedibus
544 2812 581 2843 et
597 2808 741 2855 imperio
759 2808 952 2855 potiuntur.

283 2853 420 2889 Busiris
438 2854 610 2903 Neptuno
629 2861 666 2891 et
682 2855 798 2902 Libya
811 2881 822 2900 ‚
847 2868 938 2903 quae
963 2855 1033 2892 fuit
1049 2856 1190 2904 Epaphi
1203 2857 1296 2902 filia,
1319 2860 1446 2902 natus,
1470 2857 1547 2894 loco
1574 2855 1740 2905 quopiam

238 2899 286 2936 ad
301 2901 421 2937 Nilum
437 2903 622 2947 tyrannice
639 2908 828 2949 occupato,
853 2908 1119 2950 praetereuntes
1142 2906 1349 2952 peregrinos
1366 2906 1552 2942 mactabat.

332 2948 540 2998 Delphicum
558 2951 695 2997 fanum,
719 2950 869 2999 Phlegio
886 2953 1042 2989 flammas
1056 2958 1296 3001 supponente,
1318 2953 1480 2991 incendio
1500 2951 1705 2990 absumitur.
