1800 3236
239 173 343 224 404
708 181 957 228 GEORGH
986 182 1273 229 SYNCELLI

240 295 310 338 καὶ
349 293 687 350 αἷματεκχυσιάις
715 292 897 348 ἀδίκοις,
936 295 1176 349 οῗωνισμοῖς
1205 294 1349 346 τεκαὶ
1372 294 1653 353 φαρμακείαις
1671 297 1741 339 καὶ

238 363 439 420 μοιχείαις
458 365 606 416 συζῶν.
656 358 780 415 οὗτος
800 365 842 407 ἓν
856 352 1131 423 ὀἷ’κῴκυριόυ
1151 363 1257 415 Διὸς
1279 363 1448 421 ἄγαλμα
1475 364 1740 423 τετραπρόσ-

239 452 352 479 ωπον
386 433 570 490 ἕστησεν.
618 431 745 484 ἁλοὺς
776 434 822 477 δὲ
855 432 937 477 ὑπὸ
968 433 1199 492 Ἀσσυρίων
1228 435 1436 489 βασιλέως
1468 434 1740 493 ἐπιστρατεύ-

238 521 391 555 σαντος
426 503 540 562 αὐτῷ
569 505 636 547 καὶ
668 506 726 554 εἷς
749 502 916 561 ἄγαλμα
932 508 1118 560 χαλκοῦν
1140 507 1457 556 κατακλεισθεὶς
1483 503 1639 562 ἐδεήθη
1662 510 1738 550 τοῦ

237 579 343 618 θεοῦ
373 574 450 630 τὴν
472 572 583 632 ᾠδὴν
615 572 746 634 ᾄσας,
783 572 874 630 ἣτις
893 575 1013 633 μέχρι
1035 576 1104 618 καὶ
1124 579 1198 619 νῦν
1219 573 1451 632 θαυμαστή
1466 593 1537 627 τις
1558 575 1644 620 ἔστι
1668 577 1770 619 καὶὸ

236 646 421 703 γε’μουσα
450 641 734 697 κατανύξεως,
780 645 853 702 ἐφ’
889 639 916 703 ᾖ
941 647 1211 701 ὄυσωπηθεὶς
1235 643 1256 689 ὃ
1278 645 1403 699 θεὸς,
1444 646 1741 704 ὄιαρραγέντος

237 720 313 759 τοῦ
333 711 575 771 ἀγάλματος
583 747 596 767 ,
633 711 819 771 διεσώθη
841 715 1141 766 ἀποκαταστάς
1172 717 1229 766 εἷς
1249 714 1326 771 τὴν
1351 718 1570 770 βασιλείαν
1591 715 1737 760 αὐτοῦ.

240 780 362 835 οὗτος
383 791 528 847 πεῖραν
549 785 785 841 λαβὼντῆς
805 783 970 843 ἄφατον
994 786 1320 844 φιλανθρωπίας
1339 790 1414 829 τοῦ
1434 790 1540 830 θεοῦ
1563 788 1630 830 ἐπὶ
1653 793 1742 837 τοῖς

199 846 491 911 Βμετανοοῦσι
523 859 597 911 τῆς
629 857 971 914 εἷὸωλολατρειάς
1001 847 1069 899 καὶ
1090 860 1239 912 λοιπῆς
1272 853 1484 901 ἐπαύσατο
1505 854 1742 913 ματαιότη-

235 943 332 978 τος,
370 924 419 968 τὸ
449 929 524 968 τοῦ
555 925 661 975 Διὸς
684 926 854 970 εἴδωλον
875 926 1064 982 ἐκβαλών
1087 928 1130 978 ἐξ
1152 926 1267 970 οἴκου
1288 927 1433 983 κυρίου
1444 959 1458 981 ,
1498 927 1520 971 ὃ
1541 923 1592 983 ἦν
1613 926 1742 978 αὐτὸς
1757 934 1799 968 io

238 995 479 1052 εἶσαγαγιὺν,
504 997 572 1038 καὶ
598 996 728 1054 ῥίψας
750 995 828 1048 ἔξω
848 1001 922 1052 τῆς
944 995 1103 1047 πόλεως
1122 996 1199 1040 σὺν
1218 1004 1308 1047 τοῖς
1324 1000 1482 1048 λοιποῖς
1502 995 1741 1055 βὸἐλύγμα-

236 1085 316 1111 σιν.
354 1063 375 1109 ὃ
400 1064 526 1115 αὐτὸς
548 1065 596 1109 τὸ
615 1065 753 1110 νότιον
773 1074 906 1122 τεῖχος
926 1072 1002 1123 τῆς
1016 1065 1289 1125 Ἰερουσαλὴμ
1309 1065 1552 1126 ᾠκοδόμησε
1572 1069 1641 1111 καὶ
1667 1067 1740 1111 τὸν

236 1137 338 1181 ναὸν
360 1133 631 1191 ἀνεκτήσατο,
673 1134 801 1192 ζήσας
820 1137 867 1181 τὸ
888 1138 1033 1181 λοιπὸν
1054 1139 1096 1181 ἓν
1116 1137 1314 1198 εὐσεβείᾳ.

342 1204 642 1263 Προεφήτευον
659 1206 804 1263 ’1ωὴλ,
836 1207 1006 1263 Ἆβᾷιοῦ
1019 1241 1032 1261 ,
1067 1207 1234 1262 Ἰωνᾶς,
1271 1206 1451 1264 Ναοῦμ,
1477 1202 1737 1263 Ἀμβακοῦμ.

229 1276 361 1322 Ὀλδὰ
384 1275 485 1332 γυνὴ
510 1276 616 1334 παρ’
637 1275 846 1334 Ἑβραίοις
869 1275 1138 1336 προεφήτευε.
1752 1281 1798 1317 15

275 1351 365 1390 Τοῦ
392 1344 530 1389 Ἰούδα
553 1345 598 1390 ιε’
618 1347 883 1402 ἐβασίλευσεν
897 1347 1035 1404 Ἀμώς
1052 1347 1145 1399 υἱὸς
1166 1349 1387 1404 Marwa&
1410 1345 1480 1403 ἔτη
1501 1342 1558 1402 β’.
1594 1348 1671 1390 τοῦ
1695 1344 1742 1388 δὲ

222 1470 225 1473 ¹
373 1414 533 1471 κόσμου
557 1412 608 1474 ἦν
629 1418 721 1468 ἔτος
742 1416 898 1479 ,δωμζῖ

197 1499 228 1533 C
348 1480 486 1537 Οὗτος
518 1487 807 1546 πονηρότατος
835 1484 900 1545 ἦν.
938 1492 1091 1532 τοῦτον
1124 1491 1184 1548 τῷ
1206 1485 1248 1543 β’
1268 1486 1346 1530 ἔτει
1365 1485 1497 1530 αὐτοῦ
1521 1484 1681 1528 ἀνεῖλον
1701 1483 1741 1527 οἳ

232 1557 325 1615 περὶ
347 1554 476 1601 αὐτόν
489 1570 499 1580 ·
520 1555 547 1602 ’ὃ
571 1559 617 1601 δὲ
634 1559 734 1610 λαὸς
755 1560 959 1616 ἐπεξῆλθε
979 1563 1038 1618 τῷ
1059 1556 1175 1618 φόνῳ
1192 1558 1265 1602 τὸν
1281 1556 1416 1613 Ἀμώς
1436 1555 1528 1600 υἱὸν
1549 1558 1740 1600 Μανασ-

233 1631 301 1684 σῆ.
340 1625 503 1671 δώδεκα
536 1627 608 1685 ἔτη
643 1629 848 1686 Εὐσέβιος
884 1629 987 1687 λέγει
1018 1633 1269 1690 βασιλεῦσαι
1293 1627 1402 1671 κατὰ
1420 1626 1519 1678 τοὺς
1545 1623 1594 1670 o‘.
1631 1622 1739 1682 ψεύ-
1750 1632 1798 1668 20

232 1699 348 1742 δεται
371 1698 429 1741 δέ.
473 1702 477 1708 “

325 1765 359 1799 1.
396 1762 703 1811 αἱματεκχυσίαις
727 1763 770 1798 Β.
804 1763 1093 1810 αἳματοχυσίαις
1125 1763 1176 1799 G.
1306 1761 1541 1809 φαρμακίαις
1568 1758 1631 1795 καὶ
1657 1771 1741 1816 μοι·

327 1811 428 1856 χίαις
451 1812 545 1847 ΑΒ.·
643 1814 680 1849 3.
713 1808 1046 1857 ἐπιστρατεύσαιτο
1079 1811 1128 1848 G.
1255 1810 1311 1846 10.
1345 1807 1513 1865 ἐκβαλών,
1536 1807 1578 1842 Β.
1609 1805 1741 1864 {agial-

324 1861 401 1893 λων
434 1858 482 1893 G·
630 1861 686 1897 13.
722 1858 818 1896 ναὸν
847 1871 1050 1904 anonymus.
1096 1858 1215 1905 Vulgo
1244 1855 1348 1894 λαόν.
1491 1855 1737 1901 avenz-noceto]

326 1902 544 1942 ἆνεκτίσατο
575 1906 618 1941 Β.
734 1906 791 1943 14.
829 1906 1119 1953 Προεφήτευσεν
1145 1906 1193 1942 G.
1296 1906 1353 1942 15.
1385 1901 1666 1949 προεφήτευσεν
1690 1903 1727 1936 G

398 1955 455 1990 17.
480 1952 579 2002 Ιδων’
603 1965 647 1988 m.
764 1956 819 1992 19.
843 1956 913 1992 τοῦ
932 1954 1041 1999 Αμώς
1060 1953 1151 1990 υἱοῦ
1177 1953 1225 1987 G.
1331 1954 1390 1989 ΞΟ.
1415 1950 1565 1989 δώδεκα
1583 1949 1662 1996 ἔτηῖ
1690 1946 1739 1996 ιβ’

326 1998 390 2046 ἔτη
411 2002 460 2035 G.
486 2002 712 2037 δωδεκαετεῖ
725 2002 767 2036 Β.
864 2000 1063 2049 Εὐσέβιος]
1090 2001 1132 2036 Ρ.
1154 2000 1202 2035 20
1219 2002 1256 2034 et
1275 2000 1357 2037 326.
1464 1997 1557 2041 τούς
1576 1996 1622 2044 ο’]
1647 1997 1740 2043 Reg.

325 2047 388 2083 IV.
415 2049 459 2084 21
473 2074 484 2091 ‚
510 2051 566 2086 19.
602 2048 693 2083 Vide
713 2049 844 2085 Maium
865 2050 910 2085 ad
931 2050 1123 2085 Eusebium
1145 2059 1180 2094 p.
1199 2049 1257 2084 20.

230 2116 314 2152 mini
339 2118 615 2164 quadrifrontem
633 2118 730 2154 Iovis
753 2123 902 2156 statuam
924 2120 1052 2166 posuit.
1100 2120 1131 2154 A
1157 2130 1244 2164 rege
1262 2128 1346 2152 vero
1363 2117 1584 2163 Assyriorum
1603 2119 1739 2161 captus,

232 2164 326 2209 quod
356 2165 670 2201 belli-societatem
697 2178 773 2201 cum
791 2180 833 2202 eo
863 2179 930 2202 non
951 2166 1107 2210 iniisset,
1131 2167 1168 2201 in
1189 2176 1326 2200 aeream
1345 2168 1494 2199 statuam
1514 2162 1683 2197 immissus
1703 2166 1741 2196 et

231 2211 415 2246 conclusus
428 2239 438 2256 ‚
466 2213 562 2247 edito
586 2213 722 2248 cantico
739 2226 849 2259 usque
873 2213 908 2248 in
928 2213 1130 2248 hodiernum
1150 2212 1241 2247 diem
1259 2216 1440 2253 exstante,
1464 2209 1612 2245 mirandi
1631 2221 1748 2261 argu-A

231 2265 402 2301 mentum,
431 2263 468 2294 et
487 2259 700 2305 poenitentis
718 2261 821 2295 animi
843 2261 993 2295 dolorem
1022 2263 1197 2302 testante,
1233 2258 1334 2293 deum
1359 2263 1528 2304 precatus
1551 2263 1606 2292 est
1629 2262 1664 2291 et
1692 2255 1738 2291 ad

231 2305 446 2341 clementiam
464 2307 552 2341 adeo
569 2307 729 2349 inflexit,
754 2313 794 2341 ut
813 2312 917 2353 rupta
935 2312 1051 2342 statua
1075 2307 1191 2342 salvus
1218 2305 1386 2340 evaderet
1408 2310 1443 2340 et
1461 2305 1497 2339 in
1516 2315 1659 2350 regnum
1678 2315 1738 2338 re-

231 2352 450 2388 stitueretur.
507 2353 576 2387 Hic
597 2354 656 2388 dei
682 2366 855 2399 nunquam
887 2354 1104 2390 enarrandae
1140 2365 1226 2397 erga
1257 2353 1477 2399 poenitentes
1514 2350 1739 2387 humanitatis

231 2404 371 2445 sumpto
388 2400 648 2446 experimento,
674 2402 719 2435 ab
735 2400 904 2435 idolorum
923 2401 1018 2436 cultu
1039 2406 1077 2436 et
1104 2401 1260 2436 omnibus
1283 2400 1385 2436 vanis
1403 2399 1528 2435 ritibus
1547 2397 1738 2438 abstinuit3

232 2445 454 2481 simulacrum
475 2447 567 2493 quod
585 2446 662 2481 Iovi
688 2454 959 2482 consecraverat
978 2448 1055 2494 ipse
1082 2448 1215 2483 deiecit
1241 2452 1278 2482 et
1306 2459 1383 2483 cum
1409 2447 1555 2493 reliquis
1574 2445 1736 2480 sordibus

231 2497 334 2528 extra
357 2494 476 2529 urbem
496 2494 706 2539 deportavit.
755 2495 894 2530 Murum
923 2496 967 2530 ad
987 2496 1163 2531 meridiem
1183 2494 1498 2541 Hierosolymorum
1517 2493 1665 2540 positum
1681 2492 1737 2526 in·

230 2541 429 2583 stauravst,
454 2545 491 2576 et
517 2541 631 2588 plebis
649 2543 828 2588 reparavit
846 2543 992 2586 damna,
1015 2543 1245 2589 residuosque
1263 2542 1362 2577 vitae
1381 2553 1491 2577 annos
1511 2551 1642 2575 summa
1661 2550 1736 2573 cum

229 2587 362 2634 pietate
381 2588 512 2634 exegit.

325 2635 417 2676 ῙοόΙ,
449 2635 583 2670 Abdias
597 2661 608 2677 ‚
641 2635 765 2679 Ionas,
801 2636 940 2679 Naum,
966 2638 1120 2672 Abacum
1151 2636 1277 2683 spiritu
1308 2635 1519 2684 prophetiae
1553 2633 1735 2681 insignes3

229 2681 351 2717 mulier
368 2693 506 2730 quoque
526 2682 619 2717 olda
637 2683 757 2718 eodem
775 2684 989 2718 vaticinandi
1011 2686 1101 2720 dono
1120 2685 1226 2720 clara.

276 2728 363 2763 Iuda
382 2741 446 2764 rex
471 2730 514 2766 15
537 2731 661 2774 Amos,
688 2730 782 2764 filius
804 2731 998 2775 Manassis,
1026 2732 1126 2767 annis
1145 2734 1188 2774 2,
1214 2731 1328 2766 mundi
1349 2743 1434 2767 vero
1454 2729 1560 2769 4850.

326 2776 394 2811 Hic
411 2776 558 2811 maiores
578 2776 736 2823 nequitia
749 2778 947 2823 superavit3
967 2791 1113 2824 eumque
1135 2779 1288 2814 secundo
1309 2779 1409 2824 regni
1432 2780 1485 2814 sui
1507 2791 1597 2814 anno
1617 2778 1734 2814 dome-

231 2821 311 2857 stici
332 2823 581 2867 confoderunt3
606 2824 755 2870 populus
771 2830 886 2861 autem
908 2826 1012 2860 Amos
1030 2827 1094 2861 filii
1113 2826 1286 2861 Manassis
1307 2826 1450 2861 caedem
1470 2827 1564 2861 ultus
1585 2832 1651 2862 est.

323 2870 500 2905 Eusebius
517 2883 560 2906 ex
582 2871 805 2917 septuaginta
823 2872 1059 2918 interpretum
1076 2878 1210 2916 mente,
1235 2873 1359 2920 quibus
1380 2880 1497 2910 tamen
1519 2872 1733 2909 mendacium

228 2914 394 2962 imponit,
419 2918 518 2953 annis
539 2919 585 2957 12
603 2929 771 2965 regnasse
791 2923 981 2959 asseverat.
