1800 3236
209 185 313 238 550
680 194 939 242 GEORGII
969 194 1254 242 SYNCELLI

242 301 465 365 Αἰγύπτου
487 305 557 348 καὶ
577 303 891 365 Ἀλεξανδρείας
916 303 960 363 η’
986 306 1230 362 ἐβασίλευσε
1251 308 1520 364 Πτολεμαῖος
1545 305 1568 352 ὃ
1596 305 1715 353 Φού-

351 392 462 420 σκων
486 373 556 432 ἴτη
579 373 648 432 ιη’.
685 380 762 420 τοῦ
785 376 833 420 δὲ
852 373 1012 432 κόσμου
1030 371 1083 433 ἦν
1102 376 1195 428 ἔτος
1215 375 1347 438 ,ετοζῖ

174 461 206 498 Β
323 440 461 497 Οὗτος
487 446 556 489 καὶ
583 446 732 504 Σωτὴρ
753 446 953 491 ἐκαλεῖτο.
989 446 1081 498 υἱὸς
1111 448 1157 490 δὲ
1174 442 1226 504 ἦν
1249 451 1326 492 τοῦ
1343 446 1574 507 Εὐεργέτου
1594 451 1716 492 Πτο-

206 517 379 574 λεμαίου
402 517 471 560 καὶ
488 513 770 575 Κλεοπάτρας
798 513 1081 577 πρεσβύτερος
1096 530 1107 542 ·
1127 522 1279 562 τοῦτον
1297 516 1324 575 ἦ
1343 516 1484 578 μήτηρ
1506 522 1566 580 τῷ
1587 516 1613 560 ι’
1635 518 1715 562 ἔτει

208 593 286 645 τῆς
315 586 531 643 βασιλείας
564 584 755 644 ἀπήλασε
762 621 778 642 ,
816 588 887 631 καὶ
922 582 975 645 ἦν
1000 585 1236 644 βασιλεύων
1265 589 1310 633 ἒν
1338 587 1526 650 Κύπρῳ·
1562 587 1638 632 τὸν
1668 589 1743 635 δὲ5

207 656 410 715 νεώτερον
450 656 542 700 υἱὸν
575 656 708 715 αὐτῆς
737 658 807 702 καὶ
834 657 1020 716 ἀδελφὸν
1049 656 1203 703 τούτου
1230 658 1506 719 Ἀλέξανδρον
1537 658 1715 710 ἀνέδειξε

208 727 386 785 βασιλέα
407 725 483 771 σὺν
507 725 638 787 αὗτῇ·
676 726 723 779 ὃς
741 729 811 772 καὶ
834 730 1098 784 ἐβασίλευσεν
1120 728 1435 787 Ἀλεξανδρείας
1454 729 1525 787 ἔτη
1545 727 1607 784 ιε’,
1645 730 1716 773 καὶ

210 798 407 855 διωχθεὶς
431 794 515 841 ὖπό
547 802 632 842 τῶν
649 797 979 858 στρατευμάτων
1007 801 1066 851 εἷς
1082 802 1256 851 Λυκίας
1273 798 1392 844 πόλιν
1413 791 1553 859 Μύρα
1577 797 1714 859 φεύγει

207 868 313 925 μετὰ
347 867 540 926 γυναικὸς
568 870 637 912 καὶ
666 869 909 928 θυγατρὸς,
947 869 1140 915 κάκεῖθεν
1163 873 1220 922 εἷς
1238 868 1417 930 Κύπρον
1434 870 1542 927 μετὰ
1564 872 1713 923 παῖδα,

208 940 280 984 καὶ
312 938 541 997 ἀναιρεῖται
567 936 651 983 ὑπὸ
683 938 898 999 ναυάρχου
927 941 1119 1000 Χαιρέου
1152 939 1476 997 πολεμούμενος.
1524 940 1634 998 μεθ’
1667 939 1714 984 ὃν
1727 947 1773 983 10

211 1007 338 1053 πάλιν
367 1013 428 1069 τῷ
458 1007 627 1070 ἀδελφῷ
659 1009 921 1068 παραδόντες
940 1012 1195 1071 Πτολεμαίῳ
1216 1015 1384 1070 Σωτῆρι
1403 1013 1472 1055 καὶ
1494 1009 1716 1055 Φούσκωνι

176 1078 280 1122 οδι’
314 1078 437 1137 ὄγκον
470 1083 547 1123 τοῦ
579 1077 777 1137 σώματος
807 1081 1005 1138 κληθέντι
1035 1081 1113 1138 τὴν
1143 1083 1361 1138 βασιλείαν
1391 1082 1635 1134 ἀνεδέξαντο
1672 1078 1715 1138 β’

207 1149 386 1207 βασιλέα
415 1149 456 1193 οἶ
475 1148 758 1209 Ἀλεξανδρεῖς
796 1152 861 1195 ἐπὶ
898 1150 1006 1195 ἄλλα
1037 1151 1109 1209 ἔτη
1139 1150 1192 1209 η’.
1243 1149 1350 1208 ὃμοῦ
1381 1152 1452 1210 ἔτη
1480 1151 1555 1210 λγ’.
1594 1151 1716 1196 ἅτινα

210 1219 318 1277 μετὰ
348 1219 426 1277 τὴν
457 1219 667 1281 ἀναίρεσιν
706 1221 809 1266 ὄντα
833 1219 1110 1282 Ἀλεξάνδρου
1148 1226 1224 1267 τοῦ
1256 1221 1442 1281 ᾇδελφοῦ
1474 1223 1604 1267 αὐτοῦ
1635 1216 1716 1267 ὧδε

208 1288 523 1336 συντάττονται.
1727 1300 1774 1336 15

613 1405 791 1460 Συρίας
819 1403 897 1449 καὶ
923 1402 1070 1458 Ἀσίας
1098 1406 1309 1463 βασιλεῖς.

244 1490 406 1550 Συρίας
431 1486 459 1532 ι’
490 1489 730 1545 ἐβασίλευσε
761 1489 1012 1549 Δημήτριος
1047 1491 1140 1542 υἱὸς
1159 1489 1365 1535 Σελεύκου
1397 1488 1470 1548 ἴτη
1503 1488 1560 1546 ιβ’
1582 1487 1604 1534 ὃ
1627 1490 1715 1533 ε’πι-

349 1561 521 1617 κληθεὶς
540 1559 707 1619 Σωτήρ.
743 1566 820 1605 τοῦ
841 1563 887 1604 δὲ
913 1559 1074 1616 κόσμου
1096 1556 1149 1618 ἦν
1178 1561 1270 1612 ἔτος
1288 1560 1422 1622 ‘⁶127'-

171 1637 206 1673 1>
232 1656 234 1658 ·
323 1624 461 1682 Οὗτος
491 1628 512 1675 ὅ
549 1630 795 1690 Δημήτριος
821 1629 905 1675 ὖπό
939 1629 1144 1676 Σελεύκου
1167 1635 1242 1675 τοῦ
1262 1632 1424 1690 πατρὸς
1443 1631 1588 1682 δοθεὶς
1607 1628 1715 1688 ὅμη-

303 1766 340 1802 1.
365 1763 549 1802 Φούσκων
575 1765 647 1801 ΑΒ.
686 1766 856 1809 Φοῦσκος
875 1767 923 1802 G.
1040 1763 1075 1803 4.
1100 1762 1366 1814 πρεσβύτερος]
1401 1762 1614 1814 πρεσβύτης
1639 1765 1715 1800 ΑΒ.

375 1815 409 1850 9.
433 1814 570 1860 παῖδα]
596 1814 747 1851 παίδων
770 1826 816 1850 m.
922 1817 978 1850 10.
1003 1814 1186 1859 Χαιρέου]
1212 1814 1343 1860 χερέου
1367 1814 1410 1849 Β.
1515 1810 1574 1857 ὃν]
1602 1806 1655 1848 ὧν
1672 1813 1715 1848 Β.

379 1861 437 1896 11.
462 1861 526 1896 καὶ
550 1873 615 1896 om.
642 1862 691 1896 G.
812 1858 1025 1905 Φούσκωνι]
1054 1861 1213 1908 Φούσκςο
1238 1863 1286 1897 G.
1400 1862 1458 1898 12.
1490 1856 1714 1904 ἀνεδέξαντο

305 1904 341 1955 β’
366 1906 522 1956 βασιλέα
546 1909 590 1944 Β.
629 1905 825 1954 ἀνέδειξαν
846 1907 915 1946 τὸν
1007 1910 1205 1956 βασιλειῶν
1229 1909 1279 1944 G.
1398 1909 1454 1945 15.
1482 1906 1716 1944 συντάττων-

305 1967 370 1991 ται
393 1955 435 1990 Β.
556 1958 600 1992 16
623 1968 688 1991 om.
712 1958 754 1991 A.
858 1956 921 1993 καὶ
943 1959 1059 1998 Ασίας
1082 1969 1147 1993 om.
1173 1957 1216 1993 B.
1323 1958 1379 1993 17.
1409 1954 1615 2003 δημήτριος
1631 1951 1715 1997 υἱὸς

305 2013 340 2040 σ.
364 2002 407 2037 Β.
438 2000 525 2045 υἱὸς
542 2004 590 2039 Σ.
613 2001 830 2052 Δημήτριος
853 2005 903 2041 G.
1011 2007 1067 2042 19.
1102 2001 1292 2041 Σελεύκου
1317 2015 1383 2040 om.
1409 2004 1457 2041 G.

259 2118 416 2203 Aegypt5i
435 2123 473 2155 et
487 2119 718 2157 Alexandriae
737 2132 802 2157 rex
822 2123 845 2159 8
865 2120 1087 2157 Ptolemaeus
1103 2120 1266 2157 Phuscus
1293 2119 1393 2156 annis
1412 2120 1479 2162 18,
1503 2118 1621 2154 mundi
1651 2130 1716 2154 ve-

331 2178 371 2200 ro
418 2169 499 2205 377.

305 2212 404 2248 Huic
431 2226 572 2261 quoque
592 2215 698 2251 Soter
722 2227 846 2252 nomen
869 2215 951 2252 fuit.
997 2215 1190 2250 Ptolemaei
1210 2214 1413 2260 Euergetae
1439 2215 1476 2248 et
1499 2212 1716 2259 Cleopatrae

215 2258 333 2296 senior
347 2260 439 2296 filius
455 2261 544 2304 fuit3
572 2267 608 2298 et
625 2274 646 2297 a
665 2267 776 2298 matre
793 2275 883 2298 anno
901 2262 1003 2308 regni
1022 2262 1154 2297 decimo
1184 2262 1318 2296 eiectus
1336 2259 1449 2306 Cypri
1477 2259 1545 2294 sibi
1571 2260 1716 2295 retinuit

216 2306 470 2354 principatum3
493 2313 578 2343 natu
594 2320 678 2344 vero
699 2311 862 2345 minorem
880 2309 987 2344 filium
1004 2309 1239 2344 Alexandrum
1254 2307 1348 2342 illius
1367 2308 1511 2342 fratrem
1526 2312 1638 2343 mater
1657 2319 1716 2342 re—

216 2365 293 2400 gem
311 2354 457 2390 salutari
477 2355 626 2398 curavit,
649 2356 704 2391 cui
722 2357 826 2398 rebus
836 2356 1117 2391 administrandis
1131 2356 1259 2391 sociam
1276 2366 1314 2389 ee
1332 2354 1502 2390 adiunxit.
1536 2355 1716 2401 Regnavit

216 2401 414 2437 Alexander
430 2402 661 2438 Alexandriae
683 2404 782 2438 annis
801 2403 995 2449 quindecim
1014 2407 1050 2438 et
1067 2413 1089 2437 a
1107 2402 1274 2438 militibus
1293 2402 1476 2437 abdicatus
1499 2414 1574 2437 cum
1604 2414 1716 2438 uxore

217 2452 256 2484 et
275 2448 349 2484 filia
366 2449 504 2496 Myram
523 2449 656 2495 Lyciae
681 2449 857 2486 civitatem
887 2461 929 2484 ac
956 2450 1039 2485 inde
1059 2450 1213 2497 Cyprum
1243 2450 1328 2494 fuga
1347 2461 1384 2483 se
1404 2449 1577 2496 proripit3
1601 2461 1714 2496 oppu-

218 2501 326 2541 gnato
344 2507 429 2531 vero
447 2496 587 2542 navigio
607 2508 629 2531 a
647 2497 786 2532 Cherea
803 2498 977 2532 navarcho
997 2497 1203 2532 trucidatur.
1250 2496 1406 2531 Subinde
1423 2496 1623 2532 Ptolemaeo
1645 2497 1715 2531 So-

217 2542 288 2578 teri
307 2543 446 2579 Phusco
463 2543 508 2579 cb
525 2543 689 2579 tumidum
708 2557 743 2579 er.
761 2544 916 2579 inflatum
934 2557 1062 2591 corpus
1077 2545 1130 2581 ita
1146 2547 1285 2587 vocato,
1309 2548 1485 2589 sceptrum
1500 2543 1630 2579 iterato
1651 2543 1715 2578 de·-

218 2590 375 2625 tulerunt
393 2590 631 2633 Alexandrini,
654 2595 691 2626 et
705 2591 833 2637 gemini
847 2592 946 2638 regni
964 2592 1157 2638 principem
1176 2595 1394 2637 agnoverunt
1410 2590 1488 2626 aliis
1507 2591 1606 2626 annis
1622 2594 1716 2626 octo.

218 2635 414 2683 Utriusque
429 2637 532 2672 fratri
548 2637 628 2673 anni
644 2646 724 2673 sunt
742 2639 789 2676 33
800 2664 812 2681 ‚
837 2640 898 2685 qui
916 2639 1052 2686 quidem
1073 2644 1154 2686 post
1168 2638 1357 2673 Alexandri
1372 2636 1493 2673 fratris
1510 2649 1630 2673 necem
1648 2637 1715 2672 hoc

220 2688 323 2732 pacto
344 2684 547 2722 ordinantur
548 2708 1679 2724 ................................

709 2769 850 2823 Syriae
879 2776 919 2809 et
949 2769 1065 2811 Asiae
1093 2784 1219 2824 regeS.

267 2837 395 2886 Syriae
412 2850 474 2875 rex
500 2840 546 2876 10
566 2836 659 2874 filius
676 2836 815 2873 Seleuci
834 2836 1047 2882 Demetrius,
1075 2839 1182 2875 Soter
1198 2839 1360 2880 vocatus,
1384 2836 1484 2873 annia
1506 2837 1573 2880 12,
1597 2835 1715 2872 mundi

315 2887 598 2971 fflffigtffffia.ffic
624 2932 727 2968 obses
757 2943 779 2968 a
806 2934 907 2980 patre
926 2930 1071 2969 Romam
1100 2933 1247 2977 missus,
1270 2932 1357 2980 fuga
1384 2931 1528 2981 lapsus,
1551 2930 1714 2980 Tripolin
