1800 3236
248 146 351 197 448
725 152 974 198 GEORGII
1001 151 1284 198 SYNCELLI

342 267 497 326 ,Κῦρος
516 260 775 323 στρατεύσας
791 262 1158 320 ἒπὶΜασσαγέτας
1173 260 1257 306 ὕπὸ
1280 259 1522 320 Τομύριδος
1543 262 1743 322 ,γυναικὸς

244 338 463 393 βασιλίδος
506 334 646 378 αὐτῶν
687 331 913 391 διεφθάρη.
959 332 1063 388 μεθ’
1109 331 1158 376 ὃν
1188 330 1429 389 Καμβύσης
1474 337 1575 383 παῒς
1602 339 1748 390 κρατεῖ·

247 411 426 467 Περσῶν
447 404 518 462 ἴτη
537 402 591 461 η’.
628 407 779 447 τοῦτον
808 403 972 447 οἴονταί
985 419 1091 453 τινες
1109 401 1210 464 εἶναι
1228 399 1624 460 Ναβουχοδονόσωρ
1647 399 1743 445 δεύ-

212 484 372 536 Οτερον
404 475 477 519 τὸν
514 473 622 518 κατὰ
638 471 891 531 Ὁλοφὲρνην
921 475 989 516 καὶ
1010 472 1085 530 τὴν
1098 472 1273 527 Ἰουδὶθ,
1313 471 1370 523 ὡς
1390 473 1459 516 καὶ
1476 471 1740 530 Ἀφρικανὸς,

248 546 348 605 ὅπερ
378 543 585 589 ἀδύνατον
595 577 608 597 ,
647 546 815 600 πρῶτον
841 544 917 599 μὲν
950 542 1013 587 ὅτι
1049 541 1386 603 ὀκτωκαιδεκάτῳ
1412 541 1490 586 ἔτει
1524 542 1655 585 αὐτοῦ
1673 541 1772 597 γε’-5

246 633 429 675 γραπται
449 615 491 658 ἓν
506 618 559 673 τῇ
573 613 736 657 Ἰουδὶθ
754 611 1063 664 ἐξαπεστάλθαι
1081 611 1336 671 Ὁλοφέρνης
1361 611 1470 656 κατὰ
1492 613 1651 670 Συρίας
1673 612 1744 667 καὶ

246 686 533 741 Παλαιστίνης
551 685 619 727 καὶ
640 681 862 740 Αἰγύπτου
873 717 888 739 ,
928 678 1050 734 οὗτος
1070 684 1115 727 δὲ
1133 681 1172 739 η’
1190 682 1301 739 μόνα
1323 682 1394 738 ἔτη
1415 683 1653 738 ἐβασίλευσε
1675 682 1746 724 καὶ

245 761 336 808 πῶς
357 760 416 816 τῷ
438 751 775 814 ὀκτωκαιδεκάτῳ
795 754 872 798 ἔτει
890 754 1021 798 αὐτοῦ
1045 754 1270 809 ἐξέπεμψεν
1287 751 1565 811 Ὁλοφέρνην;
1600 751 1744 799 ἔπειτα

248 826 311 872 ὅτι
342 827 407 869 ἐπὶ
432 825 620 880 Ἰωακεὶμ
654 828 731 868 τοῦ
750 822 932 882 μεγάλου
965 824 1185 882 ἀρχιερέως
1195 857 1208 877 ,
1249 822 1295 873 ὃς
1314 817 1366 879 ἦν
1393 822 1485 873 υἱὸς
1507 822 1646 878 Ἰησοῦ
1667 826 1743 865 τοῦ

242 897 451 951 Ἰωσεδὲκ,
487 895 712 954 γέγραπται
733 899 976 954 πεπρᾶχθαι
996 894 1049 938 τὰ
1071 894 1177 938 κατὰ
1193 894 1355 937 Ἰουδὶθ
1374 894 1443 936 καὶ
1458 890 1715 951 Ὁλοςοέρνην
1728 905 1739 916 ·
1755 903 1800 939 10

99 968 140 1007 V.
164 965 273 1012 1896
305 968 351 1011 δὲ
376 967 566 1021 Ἰωακεὶμ
602 964 710 1021 μετὰ,
748 965 824 1022 τὴν
854 962 1094 1021 Καμβύσου
1124 963 1318 1020 τελευτὴν
1351 960 1664 1021 ἅρχιεράτευσεν
1689 964 1746 1014 εἷς

247 1037 319 1095 ἔτη
353 1035 404 1081 κ’.
442 1038 622 1080 λείπεται
660 1035 743 1093 ἄρα
776 1035 830 1079 τὰ
860 1035 968 1079 κατὰ
998 1034 1075 1091 τὴν
1099 1034 1262 1079 Ἰουδὶθ
1291 1035 1334 1076 ἐν
1352 1037 1413 1093 τῷ
1431 1032 1586 1088 μεταξὺ
1601 1030 1746 1093 χρόνῳ

247 1112 324 1152 τοῦ
352 1125 398 1152 τε
428 1103 725 1165 Μακρόχειρος
746 1105 1018 1164 Ἀρταξέρξου
1051 1106 1120 1148 καὶ
1152 1109 1227 1148 τοῦ
1252 1101 1492 1159 Καμβύσου
1526 1103 1743 1160 γεγονέναι.

210 1177 354 1222 Βᾶλλ’
379 1178 423 1222 ἓν
452 1177 528 1233 μὲν
557 1182 645 1226 τοῖς
660 1172 828 1233 χρόνοις
847 1177 1031 1234 Δαρείου
1053 1179 1128 1218 τοῦ
1151 1173 1257 1230 μετὰ
1278 1171 1519 1230 Καμβύσην
1540 1173 1589 1216 οὐ
1614 1174 1746 1216 δυνα-

247 1249 322 1293 τὸν
350 1252 477 1292 τοῦτο
499 1244 653 1311 ὴφάναι.
691 1245 765 1289 τὸν
783 1246 861 1305 γὰρ
883 1245 1049 1290 ἅπαντα
1066 1243 1221 1302 χρόνον
1242 1244 1372 1288 αὐτοῦ
1396 1243 1543 1300 σχεδὸν
1564 1241 1585 1287 ὃ
1605 1247 1745 1301 Ζορο-
1756 1254 1800 1291 15

247 1317 382 1375 βάβελ
394 1316 529 1375 ἡγεῖτο
550 1320 634 1360 τῶν
649 1316 877 1370 Ἰουδαίων,
902 1318 1102 1375 φίλτατος
1121 1314 1178 1359 ὢν
1196 1319 1255 1374 τῷ
1275 1314 1388 1374 αὐτῷ
1400 1314 1568 1373 Δαρείῳ
1587 1311 1744 1357 ιΥστά--

249 1406 360 1434 σπου
382 1388 458 1432 σὺν
471 1387 609 1444 Ἰησοῦ
630 1390 690 1446 τῷ
706 1391 781 1430 τοῦ
800 1387 999 1431 Ἰωσεδέκ.
1022 1385 1118 1429 ἀλλ’
1150 1385 1247 1429 οὐδὲ
1265 1384 1329 1428 ἐπὶ
1349 1389 1423 1428 τοῦ
1448 1380 1745 1443 ΖΥΙακρόχειρος

243 1458 517 1517 Ἀρταξέρξου
546 1456 630 1500 ἀπὸ
659 1461 734 1500 τοῦ
773 1455 807 1500 κ’
828 1456 947 1509 ἔτους
974 1457 1103 1501 αὐτοῦ
1123 1455 1200 1507 ἕως
1221 1459 1295 1500 τοῦ
1319 1452 1409 1511 λβ’,
1450 1455 1492 1498 ἒν
1512 1448 1545 1514 ᾧ
1562 1453 1701 1514 χρόνῳ
1721 1451 1743 1497 ὃ

249 1530 431 1584 Νεεμίας
463 1528 517 1571 τὰ
548 1528 660 1584 τείχη
688 1524 962 1586 Ἰερουσαλὴμ
999 1525 1219 1585 ἀνήγειρεν.
1260 1523 1496 1581 Ἓλιάσιβος
1523 1524 1602 1583 γὰρ
1631 1522 1747 1583 ἱερά-

248 1618 387 1655 τευεν,
428 1595 450 1643 ὃ
482 1597 590 1655 μετὰ
617 1597 691 1642 τὸν
708 1597 921 1655 Ἰωακεὶμ,
958 1598 1049 1649 υἱὸς
1080 1597 1236 1651 αὐτοῦ,
1272 1597 1337 1639 ἐπὶ
1356 1596 1565 1659 Νεεμίου,
1603 1592 1660 1646 ὡς
1679 1594 1800 1653 γε’-2ο

343 1735 378 1771 1.
403 1729 635 1778 τουμύριδος
656 1733 698 1770 Β.
722 1735 794 1771 τοῦ
813 1731 973 1779 μύριδος
998 1733 1041 1769 Α.
1071 1731 1275 1777 Τομίριδος
1295 1731 1344 1766 G.
1466 1731 1503 1767 2.
1538 1723 1596 1774 ὃν]
1623 1722 1677 1764 ὧν
1700 1729 1744 1764 A.

421 1784 513 1822 παῖς
536 1793 600 1815 om.
625 1781 673 1815 G.
800 1782 835 1819 4.
862 1782 976 1827 Vulgo
997 1778 1149 1825 Ιουδήθ
1170 1779 1226 1813 hic
1248 1785 1284 1814 et
1310 1778 1414 1813 infra.
1440 1777 1585 1823 ἰουδῆθ·
1605 1778 1647 1811 Α.

342 1828 379 1865 5.
403 1827 604 1875 γέγραπται
631 1829 672 1863 Β.
706 1826 907 1876 ἐγέγραπτο
932 1829 980 1864 G.
1099 1830 1132 1864 6.
1157 1825 1433 1870 ἐξαπεστάλθαι
1448 1827 1490 1861 Α.
1515 1820 1745 1869 ἐξαπεστάλ-

341 1877 399 1921 θη
423 1876 466 1910 Β.
499 1874 727 1913 ἐπεστάλθαι
747 1878 795 1913 G.
926 1878 959 1912 8.
994 1876 1046 1922 τῷ
1071 1876 1133 1911 καὶ
1159 1875 1207 1909 G.
1341 1876 1399 1911 10.
1432 1871 1481 1908 τοὶ
1513 1884 1580 1907 om.
1605 1873 1649 1906 B.

349 1924 406 1972 13.
437 1922 695 1981 συγγεγονέναι
719 1926 767 1959 G.
894 1924 951 1961 15.
977 1923 1103 1968 τοῦτο]
1131 1918 1226 1958 αὐτὸ
1249 1921 1297 1957 G.
1416 1921 1473 1958 16.
1497 1918 1671 1966 Υστάσπῃ
1695 1918 1745 1953 G.

413 1970 472 2007 17.
496 1971 582 2008 αλλ’
602 1969 692 2008 οὐδὲ
715 1973 758 2007 Β.
783 1969 897 2009 ἄλλον
917 1969 959 2008 δὲ
981 1974 1023 2008 Α.
1049 1969 1155 2007 ἄλλοι
1174 1967 1214 2006 δὲ
1240 1969 1288 2006 G.
1383 1968 1441 2005 18.
1465 1966 1587 2004 αὑτοῦ
1610 1978 1675 2001 om.
1695 1965 1744 2000 G.

348 2084 466 2132 Cyrus
495 2086 587 2122 bello
610 2087 824 2134 Massagetis
853 2087 985 2123 indicto
1013 2099 1035 2123 a
1059 2086 1196 2123 Tomiri
1226 2085 1354 2121 femina
1379 2095 1498 2120 eorum
1523 2082 1646 2129 regina
1668 2081 1747 2117 neci

254 2132 415 2168 traditur.
461 2134 654 2170 Successor
674 2136 863 2182 Cambyses
889 2136 1073 2170 Persarum
1103 2133 1242 2180 excepit
1271 2144 1416 2179 regnum
1442 2136 1479 2167 et
1509 2131 1624 2166 tenuit
1648 2129 1746 2164 annis

253 2184 344 2215 octo.
391 2181 494 2215 Hunc
512 2182 834 2217 Nabuchodonosor
862 2184 997 2217 nomine
1023 2181 1208 2216 secundum
1226 2177 1444 2226 Holopherni
1469 2177 1657 2223 Iuditbque
1684 2188 1747 2210 ae-

253 2227 391 2273 qualem
417 2228 571 2263 nonnulli
594 2241 668 2263 cum
687 2230 853 2263 Africano
876 2229 1105 2270 arbitrantur3
1130 2227 1223 2273 quod
1251 2227 1344 2261 nulla
1369 2229 1440 2260 stat
1464 2225 1611 2260 ratione.
1657 2223 1747 2258 Eius

253 2274 343 2309 enim
368 2286 457 2309 anno
487 2277 532 2312 18
559 2275 725 2311 adversus
749 2276 909 2321 Syriam,
946 2276 1179 2310 Palaestinam
1207 2278 1244 2309 et
1267 2275 1465 2319 Aegyptum
1491 2272 1748 2317 Holophernem

252 2332 348 2356 arma
366 2333 510 2368 parasse
530 2322 652 2357 scribit
671 2322 760 2357 liber
780 2323 921 2365 Iudith;
948 2322 1137 2368 Cambyses
1163 2332 1248 2357 vero
1274 2321 1374 2355 annis
1397 2321 1420 2356 8
1441 2319 1612 2354 duntaxat
1637 2329 1747 2363 regno

253 2367 386 2415 potitus
407 2373 480 2412 est3
504 2369 634 2403 idcirco
649 2370 747 2414 regni
765 2369 807 2404 18
825 2370 1083 2415 Holophernem
1101 2380 1254 2404 armasse
1274 2368 1352 2414 quis
1370 2369 1532 2402 asserat?
1554 2365 1623 2401 His
1645 2366 1748 2407 aude,

253 2416 317 2450 sub
334 2415 463 2451 Ioacim
479 2427 602 2462 magno
622 2416 803 2462 pontifice,
829 2416 887 2463 qui
905 2417 985 2451 Iesu
1006 2416 1070 2451 filii
1087 2416 1232 2450 losedec
1251 2422 1351 2450 natus
1373 2414 1553 2456 scribitur,
1576 2424 1634 2448 res
1653 2412 1749 2446 circa

252 2462 372 2498 Iudith
390 2468 427 2498 et
436 2462 692 2518 Holophernem
713 2469 810 2498 actas
830 2464 1030 2506 memorari3
1056 2468 1093 2498 at
1108 2463 1237 2498 Ioacim
1250 2461 1432 2508 Cambysis
1452 2466 1562 2496 morte
1580 2459 1679 2494 annis
1701 2462 1749 2494 ΞΟ

254 2510 431 2557 posterior
448 2510 687 2556 pontificatum
708 2510 856 2557 adeptus
875 2515 951 2553 est3
976 2512 1070 2546 unde
1094 2516 1255 2556 superest
1271 2509 1388 2544 Iudith
1406 2509 1542 2543 facinus
1564 2506 1675 2542 medio
1693 2506 1748 2539 in-

254 2563 310 2593 ter
340 2557 586 2603 Longimanum
600 2560 826 2594 Artaxerxem
848 2562 884 2593 et
903 2559 1107 2605 Csmbysem
1129 2557 1242 2603 spatio
1265 2557 1405 2592 editum.
1454 2556 1548 2590 Sane
1575 2554 1613 2588 in
1634 2552 1746 2594 Darii,

253 2603 314 2650 qui
332 2604 498 2650 Cambysi
515 2604 706 2647 successit,
729 2610 889 2651 tempora
907 2606 993 2641 illud
1014 2606 1186 2640 coniicere
1207 2605 1326 2647 nefas;
1350 2608 1425 2638 toto
1441 2601 1532 2638 enim
1548 2601 1656 2636 ferme
1673 2599 1747 2634 eius

254 2656 411 2698 tempore
440 2652 562 2686 ducem
585 2652 788 2687 Iudaeorum
807 2653 935 2698 agebat
961 2652 1158 2688 Zorobabel
1189 2651 1299 2686 Dario
1329 2650 1411 2693 isti,
1440 2647 1630 2694 Hystaspis
1662 2647 1747 2689 filio,

258 2698 539 2744 quemadmodum
569 2703 605 2734 et
629 2699 747 2741 Iesus,
772 2700 917 2734 losedec
942 2700 1057 2743 filius,
1083 2710 1212 2734 summa
1246 2696 1500 2733 necessitudine
1533 2695 1748 2730 coniunctus.

258 2745 314 2779 Ad
331 2746 535 2791 Longimani
552 2745 754 2781 Artaxerxis
774 2751 922 2782 aetatem
940 2747 1025 2781 haec
1053 2752 1155 2793 gesta
1180 2746 1320 2792 quidam
1352 2745 1509 2780 referunt
1535 2743 1579 2777 ab
1600 2742 1675 2777 eius
1695 2741 1750 2776 ni-

259 2791 378 2827 mirum
398 2804 488 2828 anno
509 2795 556 2830 20
578 2793 623 2828 ad
639 2794 707 2836 32,
730 2805 799 2839 quo
817 2798 972 2840 tempore
990 2794 1154 2829 Neemias
1173 2792 1328 2827 civitatis
1354 2790 1490 2827 moenia
1506 2790 1751 2832 restaurabat3

253 2837 429 2874 Eliasibus
448 2841 559 2884 enim,
585 2851 649 2875 ceu
670 2841 799 2875 Ioacim
816 2841 930 2883 filius,
956 2846 1035 2887 post
1055 2853 1130 2876 eum
1153 2840 1378 2887 pontificatus
1396 2839 1527 2873 honore
1546 2837 1751 2872 sublimatus

255 2890 334 2929 est,
367 2886 558 2932 Neemiae,
582 2891 687 2937 prout
713 2888 878 2936 scriptum
904 2893 960 2924 est
979 2900 1107 2935 supra,
1140 2894 1306 2935 tempore.
1355 2885 1540 2933 Reliquum
1555 2889 1611 2920 est
1629 2885 1750 2931 igitur,
