1800 3236
251 180 356 231 396
726 177 985 233 GEORGII
1011 182 1297 261 SYNCELLI

217 304 248 342 B
363 301 530 344 Τοῦτον
568 294 591 342 ὃ
638 295 895 355 Πολυΐστωρ
933 295 1206 355 Ἀλέξανδρος
1235 290 1601 357 Σαρδανάπαλλον
1639 299 1758 340 καλεῖ

254 368 484 426 πέμψαντα
517 367 623 432 πρὸς
643 365 877 425 Ἀστυάγην
897 363 1119 425 σατράπην
1137 367 1333 424 Μηδείας
1350 368 1420 410 καὶ
1437 365 1514 424 τὴν
1535 366 1754 424 θυγατέρα

253 440 387 486 αὐτοῦ
408 439 610 496 Ἀμυ’ί”την
641 435 829 493 λαβόντα
846 434 1015 494 νύμφην
1036 438 1092 488 εἲς
1110 436 1183 481 τὸν
1205 437 1298 481 υἱὸν
1321 436 1452 481 αὐτοῦ
1468 438 1752 493 Ναβουχοδο-

253 508 407 569 νόσωρ.
445 503 570 559 οὗτος
595 507 829 565 στρατηγὸς
861 504 943 550 ὖπό
969 504 1166 566 Σάρακος
1193 512 1283 562 voa,
1295 507 1530 572 Χαλδαίων
1546 507 1753 562 βασιλέως

253 582 440 634 σταλεὶς,
477 578 586 623 κατὰ
615 582 692 622 τοῦ
727 577 859 621 αὐτοῦ
886 575 1082 636 Σάρακος
1109 579 1168 629 εἷς
1193 579 1325 622 Νίνον
1357 574 1662 636 ἐπιστρατεύει·
1698 571 1783 621 0ὗό

254 651 332 709 τὴν
358 650 513 709 ἔφοδον
541 649 744 706 πτοηθεὶς
772 645 793 692 ὃ
816 645 1013 706 Σάρακος
1040 645 1191 692 ἑαυτὸν
1209 648 1286 692 σὺν
1310 654 1400 700 τοῖς
1422 648 1648 701 βασιλείοις
1667 647 1756 692 ἐνέ-

255 737 411 779 πρησε,
450 720 520 764 καὶ
557 719 635 775 τὴν
663 718 798 777 ἀρχὴν
826 719 1060 763 Χαλδαίων
1091 719 1162 762 καὶ
1186 721 1449 773 Βαβυλῶνος
1474 717 1710 777 παρέλαβεν
1730 715 1754 763 ὅ

255 790 385 844 αὐτὸς
406 785 812 848 Ναβοπαλάσαρος,
850 785 872 833 ὅ
899 793 976 833 τοῦ
998 786 1396 850 Ναβουχοδονόσωρ
1415 786 1571 848 πατήρ.

753 900 1015 959 Αἰγυπτίων
1043 902 1250 960 βασιλεῖς.

287 987 532 1049 Αἰγυπτίων
549 985 623 1034 πα’
641 988 883 1045 ἐβασίλευσε
899 987 1054 1045 Νεχαῶ
1070 987 1142 1046 ἔτη
1160 985 1216 1046 η’.
1253 991 1330 1033 τοῦ
1350 988 1396 1033 δὲ
1410 983 1572 1045 κόσμον
1591 981 1645 1045 ἦν
1662 984 1754 1039 ἔτος
1766 997 1800 1034 1(

396 1057 551 1122 flama&

217 1137 254 1175 G
292 1131 539 1191 Αἶγυπτίων
566 1126 641 1186 πβ’
671 1130 910 1184 ἐβασίλευσε
938 1124 1216 1186 Ψαμμήτιχος
1234 1125 1305 1186 ξ’τη
1327 1123 1395 1173 ιδ’.
1431 1131 1509 1172 τοῦ
1529 1127 1575 1172 δὲ
1594 1123 1755 1183 κόσμου

391 1196 446 1259 ἦν
470 1200 563 1252 ξ’τος
585 1199 740 1262 Ιὸωξβῖ

289 1272 536 1331 Αἰγυπτίων
554 1268 623 1329 πγ’
644 1271 885 1326 ἐβασίλευσε
905 1267 1059 1326 Νεχαώ
1076 1264 1120 1325 β’
1145 1266 1307 1328 Φαραὼ
1326 1264 1398 1326 ἔτη
1418 1263 1481 1313 θ’.
1517 1270 1596 1313 τοῦ
1614 1267 1660 1311 δὲ
1681 1263 1755 1311 κό-

396 1359 506 1399 σμου
525 1337 576 1402 ᾖν
599 1341 691 1393 ἴτος
714 1339 865 1402 Ιδωοςῖ
1766 1353 1800 1391 15

291 1413 536 1471 Αἰγυπτίων
565 1408 635 1455 ηδ’
671 1412 912 1468 ἐβασίλευσε
940 1405 1201 1465 Ψάμμουθις
1225 1406 1385 1467 ἕτερος,
1425 1402 1448 1453 ὅ
1473 1408 1543 1452 καὶ
1567 1404 1756 1465 Ψαμμή-

395 1500 535 1540 τιχος,
572 1481 643 1540 ἴτη
664 1480 728 1536 ιζ’.
765 1485 841 1526 τοῦ
860 1482 906 1525 δὲ
930 1477 1090 1536 κόσμου
1108 1474 1161 1536 ἦν
1179 1479 1271 1531 ἔτος
1290 1475 1446 1541 stasne.

351 1575 386 1612 1.
419 1572 503 1616 „Ex
524 1569 748 1617 Polyhistore
774 1571 890 1605 Sarax
917 1568 995 1604 sive
1015 1569 1167 1604 Saracus
1195 1580 1264 1604 non
1291 1571 1346 1604 est
1373 1566 1683 1613 Nabopolasarus3
1717 1568 1756 1601 at

350 1621 507 1655 Saracus
534 1623 589 1653 est
613 1618 693 1664 ipse
719 1617 992 1663 Sardanapalus.
1046 1617 1246 1662 Legendum
1280 1617 1445 1652 videtum
1478 1615 1583 1650 Hunc
1609 1613 1756 1660 Polybi-

350 1671 427 1704 stor
444 1666 529 1701 dicit
552 1677 574 1701 a
595 1665 838 1712 Sardanapalo
865 1664 1003 1699 missum
1024 1664 1068 1698 ad
1086 1666 1288 1710 Astyagem.
1339 1663 1477 1698 Vitiose
1496 1660 1663 1708 'obrepsit
1693 1673 1757 1695 no-

352 1726 431 1751 men
450 1712 683 1759 Sardanapali
702 1723 766 1759 pro
786 1713 942 1755 Saraco,
967 1710 1027 1757 qui
1048 1710 1314 1757 Chyniladanus
1334 1722 1411 1745 esse
1429 1710 1546 1744 debet.
1604 1708 1661 1742 Ex
1684 1708 1758 1742 Po-

349 1762 523 1808 lyhistore
547 1761 700 1795 Saracus
729 1762 784 1794 est
814 1757 1096 1804 sardanapalus,
1120 1759 1294 1804 Astyages
1315 1763 1370 1794 est
1385 1757 1560 1797 Arbaces,
1584 1755 1756 1801 Nabopo-

351 1809 488 1844 lasarus
510 1811 564 1842 est
591 1807 751 1853 Belesys.
810 1805 866 1840 De
893 1805 1050 1840 Sachora
1076 1809 1111 1840 et
1136 1804 1300 1851 Tilgamo
1321 1804 1465 1852 regibus
1485 1802 1754 1848 Babyloniorum

352 1856 487 1891 Aelian.
505 1854 550 1889 de
568 1854 619 1889 N.
637 1854 680 1889 Α.
703 1853 731 1888 Ι.
759 1854 814 1889 12.
838 1855 897 1889 21.
945 1852 999 1887 De
1020 1852 1160 1898 Sargon
1187 1852 1264 1889 sive
1292 1853 1388 1888 Arna
1409 1851 1521 1886 Isaias
1537 1851 1604 1892 20,
1631 1851 1662 1885 1.
1685 1861 1756 1884 non

354 1906 409 1938 est
429 1914 514 1948 ergo
534 1901 636 1936 huius
661 1900 853 1946 tempori-⁴13
870 1900 1024 1935 Saracus
1040 1911 1102 1934 rex
1124 1911 1203 1935 esse
1220 1903 1341 1946 potest
1358 1899 1566 1946 Scytharum
1578 1922 1590 1940 ,
1613 1897 1673 1944 qui
1688 1897 1755 1931 sub

353 1949 517 1995 cyaxare
552 1960 618 1995 per
644 1960 753 1984 annos
781 1949 829 1984 28
853 1947 971 1983 Asiam
1000 1946 1223 1982 tenuerunt.”
1256 1948 1467 1994 Anonymus,
1639 1943 1755 1990 Vulgo

352 1994 674 2041 Σαρδανάπαλον.
804 1996 840 2031 2.
866 1994 1056 2041 Μηδείας]
1082 1995 1239 2041 Μηδίας
1264 1999 1362 2029 recte
1381 2006 1414 2029 m
1435 1992 1492 2028 hic
1513 1993 1550 2027 et
1567 1990 1664 2027 alibi.

351 2045 389 2082 3.
414 2041 612 2089 Ἀμυΐτην]
647 2040 818 2089 Αρωΐτην
839 2042 887 2077 G.
919 2042 1107 2077 Amuhiam
1139 2041 1225 2077 dicit
1253 2041 1430 2077 Eusebius
1453 2052 1490 2086 p.
1520 2040 1579 2075 21.
1602 2039 1661 2075 25.

350 2089 388 2128 4.
412 2091 610 2128 Χαλδαίου
636 2091 684 2125 G.
802 2091 837 2125 8.
860 2087 1164 2136 ναβοχοδονόσορ
1193 2090 1236 2125 Α.
1358 2092 1404 2126 10
1424 2092 1462 2123 et
1483 2084 1539 2125 14.
1563 2083 1685 2132 νεχαοὶ
1711 2084 1756 2120 Β.

353 2137 514 2187 Νεχαάβ
537 2139 586 2173 G.
706 2138 763 2173 12.
786 2137 1046 2182 ’ψααμμίτιχος
1071 2137 1113 2171 Α.
1131 2136 1355 2184 ’ψαμίτειχος
1379 2136 1421 2170 Β.
1451 2135 1687 2179 Ψαμμίτιχος
1708 2133 1756 2166 G.

470 2188 526 2224 16.
557 2183 798 2232 ψάμμουθης
836 2184 879 2220 Α.
910 2181 1123 2231 ψαμουθὴς
1147 2184 1195 2220 Β.
1351 2182 1468 2228 Vulgo
1508 2178 1758 2228 Ψαμμιτικός.

361 2234 598 2280 Ψαμμίτιχος
613 2245 658 2269 m.
689 2230 898 2278 Ψαμιτικός
919 2232 964 2267 Β.

358 2316 466 2351 Hunc
495 2312 772 2359 Sardanapalum
802 2315 906 2348 vocat
933 2311 1134 2360 Polyhistor
1161 2310 1381 2356 Alexander,
1405 2310 1466 2358 qui
1493 2310 1539 2348 ad
1567 2312 1758 2359 Astyagem

265 2361 409 2400 Mediae
428 2365 604 2409 satrapam
631 2360 766 2396 miserit
787 2366 824 2396 et
841 2360 947 2395 filiam
967 2360 1042 2394 eius
1056 2359 1211 2395 Aroitem
1231 2371 1371 2395 uxorem
1388 2359 1460 2394 filio
1480 2371 1542 2393 suo
1563 2359 1757 2402 Nabucho-

266 2411 417 2447 donosor
441 2408 637 2456 sumpserit.
694 2407 764 2442 Hic
791 2407 933 2443 traditis
960 2407 1027 2442 sibi
1053 2406 1164 2454 copiis
1188 2419 1210 2442 a
1232 2408 1363 2442 Saraco
1391 2406 1643 2442 Chaldaeorum
1670 2419 1757 2452 rege

269 2456 505 2506 praepositus,
528 2457 566 2491 in
598 2456 764 2490 Saracum
788 2454 901 2501 ipsum
930 2458 967 2489 et
991 2454 1158 2489 Ninivem
1185 2454 1363 2490 civitatem
1390 2465 1484 2490 arma
1504 2455 1634 2497 vertit3
1658 2455 1757 2489 cuius

266 2507 430 2552 impetum
457 2507 494 2539 et
517 2503 701 2539 adventum
728 2501 862 2537 veritus
892 2502 1063 2544 Saracus,
1087 2501 1230 2537 incensa
1247 2502 1348 2549 regia
1370 2501 1452 2547 igne
1477 2513 1516 2536 se
1543 2501 1758 2548 absumpsit;

262 2551 461 2639 gagaggi}
478 2562 562 2586 vero
586 2548 841 2585 Chaldaeorum
873 2552 909 2585 et
932 2549 1123 2598 Babylonis
1154 2548 1299 2596 collegit
1322 2548 1629 2597 Nabopolasarus,
1654 2553 1759 2596 pater

302 2612 324 2637 a
347 2612 371 2636 u
416 2610 436 2635 o
462 2608 599 2639 onosor.

774 2667 1069 2723 Aegyptiorum
1094 2682 1223 2722 reges-

257 2785 259 2788 ·
304 2737 564 2788 *Aegyptiorum
585 2747 650 2773 rex
674 2737 718 2774 81
742 2736 911 2773 Nechaab
929 2737 1029 2772 annis
1052 2738 1094 2781 8,
1120 2736 1237 2772 mundi
1259 2747 1346 2772 vero
1370 2733 1479 2773 4854.

312 2785 562 2834 Aegyptiorum
585 2796 648 2820 rex
671 2786 718 2821 82
741 2784 1006 2819 Psammitichus
1033 2784 1132 2819 annis
1158 2784 1223 2826 14,
1247 2783 1365 2819 mundi
1390 2795 1475 2819 vero
1494 2780 1602 2822 4862.

311 2834 566 2881 Aegyptiorum
589 2843 653 2867 rex
675 2832 722 2868 83
746 2831 917 2866 Nechaab
929 2831 1100 2866 secundus
1109 2833 1247 2868 Pharao
1265 2830 1366 2866 annis
1379 2832 1416 2874 9,
1436 2831 1553 2867 mundi
1562 2842 1646 2867 vero
1654 2829 1759 2868 4876.

311 2881 564 2936 Aegyptiorum
586 2890 651 2915 rex
674 2876 721 2915 84
743 2878 977 2916 Psammuthis
1000 2879 1107 2924 alter,
1134 2879 1250 2927 quiet
1269 2878 1557 2924 Psammitichus,
1582 2878 1682 2915 annis
1701 2880 1759 2919 17,

386 2927 506 2965 mundi
524 2939 609 2965 vero
625 2923 733 2964 4885.
