1800 3236
587 190 1111 238 CHRONOGRAPHIA.
1492 187 1595 238 249

100 300 371 359 πλανώμενον
378 337 393 359 ,
434 300 609 363 εῦρόντα
640 305 708 348 καὶ
738 302 954 354 πεπτωκὸς
979 301 1061 348 ὖπό
1094 303 1167 347 τὸν
1180 298 1594 365 ’γόμονσυνεγείρειη

99 373 166 430 μὴ
192 374 455 433 διαστρέφειν
493 376 628 432 κρίσιν
664 373 840 430 πένητος
872 374 1062 429 δικαίαν,
1102 373 1187 418 ἀπὸ
1220 373 1376 426 παντὸς
1408 373 1597 434 ῥήματος

101 443 249 488 ἀδίκου
267 443 548 503 ἀφίστασθαι,
575 444 636 500 μὴ
658 444 839 501 ἀναιρεῖν
860 443 1008 488 ἀθῶον
1024 445 1092 488 καὶ
1115 445 1288 497 δίκαιον,
1325 444 1385 502 μὴ
1409 447 1595 490 δικαιοῦν

99 513 176 558 τὸν
193 514 338 571 ἀσεβῆ,
355 516 473 573 δῶρα
491 514 551 572 μὴ
572 510 799 573 λαμβάνριν
819 512 877 565 ὦς
895 515 1180 574 ἐκτυφλοῦντα
1199 515 1433 570 βλέποντας
1454 518 1524 560 καὶ
1543 516 1591 561 τὸ

71 584 264 628 5δίκαιον
283 583 598 641 λυμαινόμενον.
636 583 902 643 προσήλυτον
922 581 968 628 εὖ
988 591 1131 640 ποιεῖν,
1165 583 1212 637 ’ἐξ
1230 584 1300 642 ἔτη
1320 586 1499 644 σπείρειν
1516 586 1594 643 τὴν

97 658 177 711 γῆν
193 656 262 698 καὶ
281 659 340 715 τῷ
359 653 527 716 ἑβδόμῳ
547 655 695 714 ἄφεσιν
716 655 824 714 αὖτῇ
846 656 1038 712 παρέχειν
1062 657 1119 706 εἷς
1151 653 1382 699 ἀπόλαυσιν
1410 663 1632 713 πτωχοῖζΒ

45 735 48 737 ’
95 722 125 780 ἢ
156 726 348 783 θηρίοις·
384 723 540 782 ὁμοίως
556 727 636 769 καὶ
665 726 740 770 τὸν
756 725 980 782 ἀμπελῶνα
999 727 1067 768 καὶ
1085 725 1157 770 τὸν
1178 727 1356 770 ἕλαιῶνα
1373 723 1422 779 (ἐξ
1436 724 1595 786 ἡμέρας

96 793 344 853 ἐργάζεσθαι
369 800 445 852 τῆς
470 794 733 852 ἑβδομάδος,
771 800 832 856 τῷ
862 797 908 839 δὲ
924 788 1129 856 σαββάτῳ
1151 794 1456 842 ἀναπαύεσθαι.
1496 795 1593 842 ὀνό-

94 883 199 921 ματι
219 865 323 910 θεὸν
345 865 565 926 ἀλλότριον
582 867 642 923 μὴ
660 864 836 922 ὀμνύειν,
872 864 978 922 μήτε
999 866 1249 925 προσφέρειν
1265 867 1335 910 διὰ
1355 866 1590 924 στόματος·

41 941 88 976 10
97 942 209 994 τρεῖς
228 936 400 995 καιροὺς
419 942 494 981 τοῦ
515 937 634 988 ἔτους
651 935 877 996 ἑορτάζειν·
915 936 991 993 τὴν
1012 935 1161 995 ἑορτὴν
1180 942 1264 981 τῶν
1285 934 1453 993 ἀζύμων
1473 937 1591 997 πριζ-

94 1022 174 1062 την
196 1005 302 1050 ἑπτὰ
327 1004 494 1066 ἡμερῶν
515 1012 575 1068 τῷ
602 1009 702 1064 μηνὶ
731 1005 947 1051 τῶννὲων
981 1006 1073 1064 ἤτοι
1095 1006 1203 1050 κατὰ
1227 1007 1304 1064 τὴν
1323 1006 1494 1066 πρώτην
1512 1013 1589 1054 τοῦ

39 1094 45 1099 ·
95 1074 227 1135 ἴαρος,
239 1077 498 1135 πανσέληνον
510 1092 521 1103 ·
541 1074 740 1136 δευτέραν
760 1076 909 1136 ἑορτὴν
928 1082 1137 1135 θερισμοῦ
1156 1077 1564 1136 πρωτογεννημάτων
1578 1094 1588 1104 ·

94 1148 164 1190 καὶ
190 1148 334 1206 τρίτην
367 1153 610 1206 συναγωγῆς
640 1148 769 1207 ἔργων
797 1152 874 1192 τοῦ
902 1147 1034 1206 ἀγροῦ
1065 1151 1301 1199 συντελείας
1331 1149 1414 1193 ἀπὸ
1435 1147 1589 1202 ἐξόδων

94 1217 302 1262 ἐνιαυτοῦ.
348 1219 410 1276 μὴ
449 1219 639 1278 ὀφθῆναι
674 1218 791 1264 κενὸν
831 1215 1006 1263 ἐνώπιον
1043 1219 1188 1277 κυρίου
1199 1253 1212 1273 ,
1248 1221 1317 1262 καὶ
1346 1224 1429 1263 πᾶν
1461 1220 1589 1280 ἄρσεν

37 1293 83 1330 15
95 1286 355 1334 ὃπτάνεσθαι
383 1288 558 1334 ἐνώπιον
581 1291 726 1348 κυρίου
745 1289 862 1334 κατὰ
889 1289 967 1340 τὰς
994 1296 1105 1348 τρεῖς
1130 1287 1280 1347 ἑορτὰς
1306 1288 1476 1342 ταύτας.
1522 1290 1626 1348 pujo

92 1356 215 1403 θύειν
244 1360 311 1402 ἐπὶ
352 1357 458 1419 ζύμῃ
492 1358 598 1416 αἷμα
625 1358 923 1416 θυσιάσματος
948 1361 1116 1418 κυρίου,
1156 1359 1254 1403 ἀλλ’
1286 1360 1356 1403 ἐπ’
1390 1359 1584 1417 ἀζύμοις·

90 1428 153 1485 μὴ
182 1429 318 1485 με’νειν
346 1430 430 1481 ἕως·
459 1433 579 1490 πρωῒ
599 1431 726 1490 στέαρ
761 1435 839 1487 τῆς
866 1429 1037 1489 ἑορτῆς,
1075 1431 1146 1473 καὶ
1177 1430 1253 1482 τὰς
1281 1431 1473 1488 ἀπαρχὰς
1498 1436 1583 1475 τῶν

90 1498 499 1557 πρωτογεννημάτων
529 1505 605 1558 τῆς
631 1507 708 1559 γῆς
733 1499 906 1559 εῗσάγειν
937 1503 994 1551 εἷς
1022 1500 1096 1544 τὸν
1122 1498 1234 1544 οἶκον
1253 1505 1329 1545 τοῦ
1350 1506 1470 1545 θεοῦ.
1508 1500 1580 1560 ἐφ’

92 1567 225 1614 ἅπασι
244 1570 304 1627 μὴ
324 1571 441 1626 ἕψειν
459 1570 567 1630 ἄρνα
588 1573 632 1615 ἓν
650 1570 823 1629 γάλακτι
846 1570 1008 1628 μητρὸς
1026 1570 1169 1614 αὐτοῦ.

34 1646 82 1681 20
198 1644 350 1684 Ταῦτα
383 1640 438 1685 τὰ
472 1640 734 1698 δικαιώματα
769 1646 846 1686 τοῦ
869 1645 974 1684 θεοῦ
995 1643 1191 1697 Μωῢσῆς
1210 1639 1348 1684 ἐλθών
1370 1637 1584 1698 ἀπήγγειλε

92 1714 152 1772 τῷ
175 1715 265 1772 λαῷ
283 1711 390 1767 μετὰ
413 1714 481 1755 καὶ
501 1711 639 1756 ἄλλων
656 1716 779 1756 τινῶν
798 1713 927 1756 θείων
945 1710 1249 1770 παραινέσεων,
1285 1712 1354 1754 καὶ
1375 1710 1581 1769 ἀπεκρίθη

185 1812 219 1847 1.
244 1807 422 1856 εὑρόντα]
448 1807 618 1856 εὗρῶντα
636 1811 678 1847 Β.
706 1807 887 1857 εὑρόντας
906 1823 950 1846 m.
1044 1809 1246 1852 matronale
1269 1810 1310 1845 Β.
1409 1811 1581 1858 συναγεί-

182 1871 263 1902 ρειν
281 1860 330 1894 G.
356 1863 531 1905 συναρεῖς
559 1864 614 1894 est
638 1859 754 1894 Exod.
782 1858 925 1902 XXIII,
948 1859 982 1894 5.
1099 1860 1133 1896 5.
1166 1855 1419 1905 λυμαινόμενα
1441 1870 1484 1894 ιιι.

181 1906 219 1943 7.
241 1904 384 1952 ὁμοίως
404 1905 443 1943 δὲ
462 1906 529 1944 τὸν
554 1907 604 1942 G.
720 1909 756 1944 9.
789 1908 893 1942 θεῶν
913 1903 1118 1950 α’λλοτρίων
1143 1906 1190 1941 G.
1306 1904 1510 1953 προφέρειν
1533 1917 1577 1940 m.

253 1957 311 1991 10.
338 1952 534 2000 ἑωρτάζειν
549 1955 579 1989 Β
601 1958 638 1989 et
655 1954 748 1989 infra
768 1953 921 2000 ἓωρτῆς.
1016 1956 1071 1992 12.
1097 1953 1232 1998 αἴαρος
1254 1954 1296 1989 Β.
1394 1966 1577 2001 πρωτογε-

181 2001 358 2047 νημοὶτων
374 2002 415 2037 Β.
508 2004 565 2040 13.
588 2003 717 2049 τρίτην
737 2014 780 2036 m.
805 2003 931 2047 τρίτον
946 2001 995 2036 G.
1088 2000 1305 2048 συναγωγήν
1321 2002 1367 2037 G.
1461 1999 1577 2047 ἔργων

181 2049 259 2086 Bm.
281 2047 391 2097 ἔργον
409 2050 456 2085 G.
552 2052 611 2088 19.
636 2050 750 2096 Vulgo
772 2048 891 2097 ἐψεῐν.
992 2050 1053 2086 21.
1077 2049 1189 2085 τινοῖν
1206 2061 1271 2084 om.
1292 2050 1341 2084 G.

87 2129 134 2165 ad
152 2130 325 2166 dominum
342 2134 378 2166 et
403 2129 588 2177 subiugale
609 2143 729 2166 errans
754 2131 962 2174 restituant,
986 2129 1014 2164 si
1036 2131 1101 2164 sub
1130 2141 1235 2166 onere
1258 2129 1454 2177 prolapsum
1475 2129 1576 2165 inve-

87 2177 205 2220 uiant,
238 2178 309 2225 ipsi
336 2178 538 2222 sublevent,
563 2190 608 2213 ne
633 2179 761 2213 iustum
789 2178 953 2224 pauperis
975 2177 1144 2212 iudicium
1172 2183 1396 2224 pervertant,
1419 2178 1463 2212 ab
1484 2177 1573 2211 omni

86 2225 195 2260 verbo
216 2225 343 2261 iniusto
369 2225 585 2268 abstineant,
609 2237 653 2261 ne
667 2225 881 2260 innocentem
907 2230 944 2260 et
967 2224 1094 2259 iustum
1122 2225 1225 2259 morti
1249 2224 1411 2266 tradant,
1440 2236 1485 2258 ne
1507 2224 1572 2258 im-

86 2271 183 2318 pium
199 2273 402 2315 iustificent‚
425 2285 468 2308 ne
485 2273 577 2308 dona
594 2284 657 2308 ceu
673 2272 865 2307 videntium
883 2272 999 2308 oculos
1017 2271 1238 2307 excaecantia
1253 2271 1357 2307 etius
1378 2283 1478 2306 omne
1490 2282 1572 2317 per-

85 2319 261 2355 vertentia
284 2320 484 2366 aceipiant,
516 2324 557 2355 ut
579 2320 724 2355 advenis
753 2319 997 2362 benefaciant,
1031 2330 1093 2354 sex
1120 2318 1220 2354 annis
1241 2324 1368 2354 terram
1393 2324 1512 2354 serant
1535 2323 1573 2352 et

86 2366 234 2411 septimo
257 2367 294 2400 in
312 2378 501 2413 pauperum
521 2372 558 2402 et
581 2367 772 2402 bestiarum
791 2378 902 2401 escam
924 2365 1076 2413 requiem
1103 2365 1136 2401 ei
1157 2367 1370 2413 praebeant,
1393 2365 1483 2401 vites
1507 2377 1571 2411 pa-

85 2413 176 2447 riter
206 2417 243 2449 et
269 2413 399 2449 oliveta
423 2426 487 2449 sex
511 2413 744 2449 hebdomades
777 2413 899 2449 diebus
922 2414 1039 2448 colant
1061 2417 1098 2449 et
1119 2413 1273 2449 sabbato
1296 2425 1319 2448 a
1343 2414 1461 2448 labore
1493 2424 1570 2447 ces-

85 2466 188 2503 sent,
216 2471 281 2506 per
299 2461 486 2496 alienorum
505 2460 644 2496 deorum
663 2472 786 2495 nomen
807 2473 853 2496 ne
877 2461 994 2496 iurent
1016 2461 1074 2496 vel
1093 2472 1154 2496 ore
1181 2461 1254 2495 solo
1282 2461 1481 2507 proferant,
1504 2459 1571 2494 tri-

84 2507 151 2542 bns
172 2507 254 2542 anni
278 2508 640 2554 temporibus'festum
664 2511 793 2553 agant:
826 2507 970 2555 primum
991 2509 1197 2555 Azymornm
1221 2508 1344 2542 festum
1367 2507 1491 2542 diebus
1513 2518 1571 2540 se-

84 2558 198 2601 ptem,
222 2566 388 2590 novorum
406 2566 543 2598 mense,
568 2555 634 2589 hoc
653 2560 709 2590 est
727 2555 821 2590 circa
842 2555 990 2601 primum
1011 2555 1107 2590 veris
1130 2554 1362 2597 novilunium3
1385 2553 1569 2589 secundum

84 2602 207 2636 messis
223 2602 498 2648 primitivorum3
531 2606 568 2637 et
587 2602 727 2637 tertium
744 2602 874 2637 festum
891 2602 1191 2638 consummationis
1211 2603 1257 2636 de
1283 2602 1365 2638 anni
1390 2599 1569 2647 proventi-

83 2649 151 2683 bus
170 2649 208 2683 in
230 2649 435 2684 collectione
453 2660 594 2694 operum
612 2649 711 2695 agl-13
734 2661 779 2685 ne
799 2649 902 2684 vacui
918 2661 1032 2685 coram
1052 2650 1190 2685 domino
1211 2654 1425 2695 appareant,
1453 2645 1568 2681 cuncti

83 2696 227 2730 maseuli
249 2697 361 2731 tribus
382 2696 438 2731 his
457 2696 559 2731 festis
579 2695 701 2731 diebus
727 2695 765 2732 in
794 2695 923 2732 domini
948 2702 1136 2743 conspectu
1154 2709 1194 2732 se
1218 2697 1365 2737 sistant,
1395 2707 1439 2729 ne
1462 2703 1567 2739 super

83 2742 252 2777 fermento
266 2769 277 2784 ‚
301 2743 364 2778 sed
389 2754 495 2790 super
509 2743 650 2789 Azymis
675 2742 837 2779 sacrificii
858 2743 1060 2790 sanguinem
1085 2744 1252 2786 offerant3
1277 2755 1320 2778 ne
1337 2753 1447 2787 usqne
1467 2751 1567 2775 mane

84 2789 168 2824 sesti
185 2789 293 2836 adeps
309 2794 507 2832 remaneat,
530 2789 779 2836 primitivorum
806 2791 978 2838 primitias
998 2791 1034 2826 in
1054 2790 1183 2826 domini
1202 2790 1334 2826 domum
1354 2789 1507 2823 inferant
1531 2790 1570 2822 et

83 2847 171 2883 prae
190 2837 346 2872 omnibus
366 2849 411 2872 ne
426 2837 463 2872 in
482 2837 602 2872 matris
619 2848 706 2872 suae
724 2839 895 2885 sanguine
911 2849 1036 2884 agnum
1055 2841 1217 2884 coquant.

175 2882 251 2918 Has
267 2883 326 2920 dei
346 2883 614 2920 iustificationes
637 2895 680 2920 ac
700 2884 799 2920 simul
818 2884 932 2920 omnia
955 2896 1058 2920 sacra
1081 2885 1285 2920 documenta
1306 2881 1436 2929 populo
1452 2881 1570 2916 Mose·

84 2929 247 2978 exposuit
267 2934 399 2969 et‘unn
418 2942 507 2968 voce
526 2931 676 2979 populus
699 2932 807 2968 omnis
828 2932 1037 2980 responditz‘
1051 2932 1162 2968 omnia
1178 2931 1286 2967 verba
1314 2927 1441 2966 domini
1459 2927 1568 2964 facie-
