1800 3236
222 111 325 160 646
679 114 933 163 GEORGII
961 114 1250 164 SYNCELLI

222 247 278 274 τα
297 227 406 273 κατὰ
429 227 508 286 τὴν
532 225 700 288 Ῥώμην
726 229 796 274 καὶ
815 225 938 291 φόβῳ
966 232 1044 287 τῆς
1074 225 1350 288 ἀναρρήσεως
1372 231 1451 274 τοῦ
1480 226 1666 286 ἀδελφοῦ
1686 228 1730 272 ἓν

221 304 283 361 τῷ
322 301 585 361 Καπετωλίῳ
615 297 918 360 προσφυγόντα
947 299 1056 343 κατὰ
1085 299 1160 344 τὸν
1191 299 1295 344 ναόν
1327 304 1405 345 τοῦ
1437 298 1546 350 Διὸς
1578 299 1727 353 ἀνεῖλε,

220 368 503 430 πολιορκήσας
523 371 598 416 τὸν
620 370 755 429 ἄνδρα
774 371 846 415 καὶ
868 369 944 414 τὸν
965 370 1069 415 ναὸν
1092 368 1324 430 ἐμπρήσας.
1364 368 1386 415 ὅ
1413 370 1456 414 δ’
1484 369 1615 421 αὐτὸς
1646 367 1729 413 ὑπὸ
1748 414 1753 421 ,

220 443 488 499 Δομετιανοῦ
516 446 779 501 παραχρῆμα
811 439 1001 500 ἀνῃρέθη
1027 444 1104 485 τοῦ
1134 441 1335 502 νεωτέρου
1356 439 1518 490 παιδὸς·
1533 440 1731 484 Οὐεσπα-

183 517 374 558 Βσιανοῦ
404 511 674 571 πεμφθέντος
695 513 753 563 εἷς
777 514 905 556 τοῦτο
935 510 1055 569 παρὰ
1078 515 1156 556 τοῦ
1187 509 1362 573 πατρός.
1400 511 1476 557 τὸν
1492 510 1572 570 γὰρ
1597 522 1760 570 πρεσ-5

221 569 401 641 βῦτερον
429 582 523 627 υἱὸν
564 584 696 628 Τίτον
728 581 802 627 τὸν
855 581 963 640 πρὸς
986 582 1221 635 Ἰουδαίους
1247 581 1431 640 πόλεμον
1459 582 1732 626 ἓκτελέσαντα

223 652 466 699 καταλιπών
491 651 621 706 αὐτὸς
643 655 711 698 ἐπὶ
733 652 812 714 τῂν
834 650 1018 698 Ἑλλάδα
1042 654 1333 713 παραγίνεται,
1355 652 1412 706 ὥς
1432 651 1630 710 Ἓλληνες
1647 671 1734 710 μυ-

222 722 451 779 θεύουσιν,
487 723 561 784 ἐφ’
599 722 662 776 οἷς
684 720 852 782 ἠκηκόει
881 723 999 783 παρὰ
1028 728 1105 769 τοῦ
1129 725 1329 776 Τυανέως
1339 724 1621 769 Ἀπολλωνίου
1640 725 1735 783 περὶ

223 800 300 840 τοῦ
320 797 516 854 Χριστοῦ
534 799 612 853 τῆς
634 795 853 851 βασιλείας
874 796 944 839 καὶ
963 798 1050 839 τῶν
1076 799 1235 841 λοιπῶν
1257 792 1587 852 εὐδοκιμήσεων,
1624 794 1735 839 κατὰ

223 867 301 924 τὴν
318 866 539 925 Αἴγυπτον
558 865 776 924 συντυχὼν
798 865 915 927 αὐτῷ
940 866 985 918 ἐξ
1005 865 1149 910 Ἰνδῶν
1176 868 1247 910 καὶ
1267 863 1539 926 Βραχμάνων
1560 866 1735 910 ἐπανελ-
1747 876 1793 913 10

222 936 348 983 θόντι
368 941 454 982 τῶν
476 937 603 982 ἓκεΐσε
623 940 666 981 Γ
660 941 999 996 υμνοσοφιστῶν.
1022 936 1162 981 ἐλθὼν
1187 932 1263 982 οὗν
1283 939 1341 990 εἷς
1359 934 1543 981 Ἑλλάδα
1565 941 1735 996 χειροῦ-

224 1027 293 1053 ται
314 1008 391 1059 τὰς
411 1005 660 1060 ἀποστάσας
678 1005 830 1058 πόλεις.
869 1006 1062 1051 κάκεῖθεν
1082 1010 1140 1058 εἲς
1155 1005 1320 1066 Ῥώμην
1339 1009 1625 1067 παραγίνεται,
1651 1013 1736 1064 βα-

71 1084 117 1123 V.
138 1084 212 1123 272
232 1077 426 1130 σιλεύσας
452 1079 638 1134 κοσμίως
658 1080 728 1122 καὶ
757 1077 988 1129 ἀντιθέτως
1014 1082 1076 1139 τῷ
1105 1078 1294 1137 Νέρωνι.
1333 1080 1455 1134 βίους
1481 1079 1562 1138 γὰρ
1592 1079 1736 1123 καὶτὰ

221 1154 299 1207 τῆς
317 1148 478 1200 πόλεως
505 1148 773 1194 ἀνακαλεῖται
801 1150 969 1203 δίκαια,
1008 1146 1109 1200 τούς
1139 1167 1185 1193 τε
1217 1147 1538 1200 ε’παναστάντας
1564 1148 1736 1209 βαρβά-

225 1239 327 1278 ρους
362 1217 603 1278 Βροξύλους
632 1221 702 1264 καὶ
729 1218 999 1278 Βρεττανοὺς
1028 1219 1098 1263 καὶ
1125 1217 1278 1271 Δάκας
1307 1222 1377 1263 καὶ
1405 1218 1641 1278 Σαρμάτας
1666 1220 1736 1265 διὰ
1749 1230 1796 1267 15

223 1281 310 1336 τῶν
333 1292 498 1335 παίδων
517 1287 899 1349 παραστησάμενος
915 1291 1183 1346 Δομετιανοῦ
1205 1292 1275 1335 καὶ
1297 1292 1575 1351 Κυρεναλίου.

72 1417 114 1455 Ρ.
137 1415 208 1455 342
828 1435 830 1437 -
859 1400 1100 1462 Εὐσεβίου.

332 1492 462 1542 Τίτος
487 1489 720 1541 Ἰουδαίους
748 1488 1032 1550 πολιορκήσας
1063 1492 1132 1534 καὶ
1155 1490 1210 1535 τὰ
1228 1489 1502 1549 Ἱεροσόλυμα
1525 1487 1740 1534 κατασκά-

227 1573 318 1617 ψας
337 1562 405 1605 καὶ
423 1559 636 1618 μυριάδας
657 1560 824 1619 ἀνδρῶν
846 1559 1055 1620 ἐφόνευσε.
1094 1563 1199 1621 φησὶ
1224 1562 1271 1605 δὲ
1292 1563 1362 1606 καὶ
1377 1560 1610 1619 Ἰώσηππος
1631 1565 1739 1622 λιμῷ

227 1633 296 1678 καὶ
327 1633 518 1694 μαχαίρᾳ
540 1629 593 1690 ρι’
616 1629 829 1691 μυριάδας
848 1631 1111 1688 ἀπολέσθαι,
1152 1633 1222 1677 καὶ
1244 1631 1375 1685 ι’ίλλας
1402 1640 1513 1693 τρεῖς
1527 1629 1740 1691 μυριάδας
1751 1647 1799 1684 20

319 1732 355 1768 2.
381 1721 669 1777 προσφυγὸντα]
697 1730 890 1779 φεύγοντα
914 1732 964 1770 Gr.
1081 1733 1117 1769 3.
1143 1729 1221 1770 ’ὑπὸ
1241 1731 1317 1767 BP.
1342 1731 1404 1768 ἐπὶ
1424 1733 1474 1768 G.
1593 1729 1629 1768 4.
1654 1745 1743 1768 παι-

323 1775 405 1823 δὸς]
429 1779 568 1821 παιδὸς
589 1780 661 1815 τοῦ
683 1779 732 1814 G.
837 1781 870 1816 7.
895 1778 1131 1818 καταλειπών
1150 1781 1194 1815 Β.
1294 1776 1345 1822 ὥς
1358 1777 1536 1827 ’Έλληνες
1555 1779 1742 1824 μυθεύ-

323 1826 504 1872 (supplevi
523 1826 782 1872 μυθεύουσιν)
811 1826 933 1862 addidi
952 1840 996 1862 ex
1023 1829 1074 1870 B,
1102 1827 1162 1874 qui
1191 1826 1227 1862 in
1261 1827 1317 1862 his
1345 1827 1432 1874 ipsis
1454 1827 1574 1864 verbis
1599 1827 1748 1864 desinit.

322 1874 461 1909 Dehinc
489 1874 553 1909 ubi
579 1874 694 1910 Goari
723 1874 907 1910 lectionem
935 1875 1143 1923 simpliciter
1170 1886 1285 1920 pon0,
1317 1879 1465 1922 recepta
1490 1875 1596 1910 lectio
1627 1875 1741 1910 codici

322 1922 355 1957 A
379 1920 541 1957 debetur.
635 1923 670 1958 9.
695 1923 768 1959 τοῦ
787 1923 955 1966 Χριστοῦ
975 1925 1057 1969 τῆς]
1083 1923 1151 1971 τῆς
1170 1923 1337 1967 Χριστοῦ
1359 1924 1406 1959 G.
1514 1924 1574 1959 11.
1600 1923 1653 1964 εἰς
1671 1922 1742 1969 τὴν

318 1965 483 2005 Ἑλλάδα
503 1969 552 2005 G.
659 1971 734 2006 46.
760 1971 1021 2018 Κυρεναλίου]
1055 1971 1261 2016 Κερεαλίου
1280 1982 1325 2005 m.
1454 1971 1509 2007 17.
1536 1967 1739 2016 Εὐσεβιόυ]

322 2017 365 2053 Ρ.
386 2017 469 2053 376.
490 2020 527 2051 et
542 2015 676 2054 Hister.
702 2017 827 2052 eccles.
844 2017 920 2060 ΙΙΙ,
945 2019 981 2054 5.
1090 2020 1147 2055 19.
1171 2016 1394 2064 Ἰώσηππος]
1417 2017 1507 2052 Bell.
1526 2017 1601 2052 Iud.
1623 2018 1689 2061 VI‚'
1705 2017 1740 2056 4.

393 2065 453 2101 20.
479 2061 526 2111 ρι’
549 2062 755 2113 μυριάδας]
780 2063 972 2112 μυριάδας
992 2063 1040 2114 ριί
1064 2066 1112 2103 G.
1227 2063 1457 2111 ἀπολέσθαι]
1485 2062 1678 2102 ἀπώλεσεν
1698 2068 1740 2102 Α.

232 2160 270 2192 et
284 2157 407 2192 fratris
418 2156 630 2204 Vespasiani
646 2157 872 2204 Imperatoris
890 2158 1088 2195 renunciati
1101 2170 1209 2195 causa
1227 2159 1441 2207 Capitolium
1457 2159 1547 2204 fuga
1566 2170 1744 2206 occupare

231 2207 422 2239 tentantem
435 2230 446 2247 ,
469 2205 515 2241 ad
531 2205 625 2239 Iovis
644 2205 810 2252 templum
827 2206 1010 2243 obsidione
1029 2207 1144 2254 posita
1161 2214 1199 2243 et
1215 2208 1297 2242 fano
1315 2207 1399 2252 igne
1416 2206 1600 2241 devastato
1620 2208 1744 2242 confe-

231 2251 301 2294 cit3
329 2250 490 2297 idemque
519 2252 701 2288 confestim
723 2265 744 2290 a
765 2253 965 2290 Domitiano
986 2254 1198 2301 Vespasiani
1223 2254 1295 2289 filio
1324 2253 1459 2288 iuniore
1487 2263 1512 2288 a·
1532 2259 1634 2299 patre
1659 2255 1743 2290 illuc

231 2297 336 2333 misso
358 2301 557 2345 peremptus
586 2303 651 2335 est.
707 2301 948 2347 Vespasianus
974 2301 1064 2336 enim
1094 2301 1181 2336 Tito
1201 2301 1275 2335 filio
1298 2300 1429 2336 maiore
1451 2300 1550 2335 bellis
1570 2301 1743 2337 adversus

230 2345 381 2380 Iudaeos
407 2346 631 2392 perficiendis
647 2346 771 2382 relicto
792 2347 829 2382 in
848 2348 1037 2385 Graeciam
1056 2347 1270 2390 diverterat,
1295 2359 1363 2394 quo
1385 2355 1543 2394 tempore
1557 2349 1741 2395 Apollonio

232 2393 404 2439 Tyanaeo
422 2403 466 2427 ex
484 2393 594 2427 Indiis
612 2397 649 2428 et
667 2394 958 2429 Brachmanarum
979 2399 1017 2429 et
1036 2395 1412 2441 Gymnosophistarum
1434 2395 1600 2433 convictu
1621 2398 1742 2444 Aegy-

231 2442 330 2487 ptum
354 2450 497 2475 reverso
519 2440 808 2483 factmmbviam,
836 2440 879 2476 de
898 2441 1033 2476 Christi
1051 2454 1160 2487 regno
1181 2442 1332 2488 aliisque
1350 2442 1532 2478 laudandis
1551 2444 1658 2479 rebus
1685 2444 1742 2479 vi-

232 2498 311 2522 rum
336 2486 563 2523 disserentem
584 2487 756 2524 audierat.
804 2487 845 2522 In
866 2489 1054 2524 Graeciam
1081 2489 1249 2536 appulsus
1265 2490 1414 2525 rebelles
1433 2489 1597 2525 civitates
1615 2503 1742 2538 parere

232 2533 372 2579 coegit3
397 2533 525 2569 exinde
541 2533 683 2569 Romam
705 2546 814 2581 usque
836 2536 1088 2571 transfretatus
1108 2537 1322 2572 moderatum
1351 2541 1387 2572 et
1406 2537 1608 2573 Neroniano
1628 2550 1741 2584 oppo-

233 2580 338 2615 situm
367 2580 479 2626 gessit
511 2580 711 2627 imperium
746 2593 869 2617 census
897 2582 988 2618 enim
1025 2587 1061 2618 et
1101 2590 1227 2619 cuncta
1263 2584 1420 2619 civitatis
1450 2584 1607 2620 restituit
1639 2586 1740 2628 iura;

232 2631 412 2673 motusque
437 2628 620 2670 barbaros,
644 2629 836 2677 Broxylos‚
859 2629 1062 2675 Britannos,
1085 2631 1204 2670 Dacos
1230 2635 1268 2669 et
1287 2632 1466 2669 Sarmatas
1487 2631 1602 2669 missis
1622 2632 1660 2668 in
1680 2645 1740 2669 eos

233 2673 433 2714 Domitiano
450 2678 487 2712 et
503 2675 643 2714 Cereali
659 2675 743 2714 filiis
760 2676 944 2724 repressit.

850 2749 915 2789 Ex
946 2749 1135 2792 Eusebio.

327 2812 433 2849 Titus
451 2813 601 2850 Iudaeos
620 2814 781 2858 obsedit,
803 2815 1046 2865 Hierosolyma
1075 2818 1272 2862 subvertit,
1294 2817 1541 2865 myriadesque
1569 2819 1741 2856 hominum

234 2860 402 2909 plurimas
427 2861 590 2904 delevit„
624 2863 730 2898 Fame
756 2875 839 2900 vero
865 2865 1031 2913 ferroque
1055 2866 1226 2905 hominum
1254 2867 1432 2915 myriades
1457 2869 1527 2905 110
1550 2868 1741 2912 confectas,
