1800 3236
262 139 364 191 470
716 148 990 201 ‚GEORGII
1016 147 1304 196 SYNCELLI

361 255 411 304 ‘O
428 258 649 317 Πειραιεὺς
671 258 880 317 ἐτειχίσθη
898 258 981 305 ’ὕπὸ
1005 260 1348 318 Θεμιστοκλέους,

362 331 547 375 Λατῖνοι
562 327 776 386 Ῥωμαίων
799 329 1039 388 ἀπέστησαν
1057 332 1100 376 ἐν
1116 329 1266 393 Ῥώμῃ.
1304 330 1326 377 ὃ
1347 334 1483 390 δῆμος
1502 330 1659 389 ἀπέστη
1677 337 1753 390 τῆς

260 396 505 459 συγκλήτου.

353 469 608 527 ,Ἀριστείδης
623 468 953 529 ἐξωστρακίσθη.

355 539 574 596 Ἀθηναῖοι
592 539 665 584 τὸν
683 537 866 599 Πειραιᾶ
883 540 1097 597 ἐτείχισαν.
1751 551 1776 588 5

361 612 508 661 Ζεῦξις
526 607 742 668 ζωγράφος
765 611 1012 669 ἐγνωρίζετο.

326 680 477 735 Κίμων
505 679 575 724 ἐπ’
603 679 889 738 Εὐρυμέδοντι
917 681 1092 739 Πέρσας
1120 678 1233 724 ἐνίκα
1251 681 1463 742 ναυμαχία
1481 682 1550 725 καὶ
1570 681 1754 736 πεζομα-

257 749 342 810 χία.
380 751 449 798 καὶ
480 747 501 793 ὅ
522 750 720 810 Μηδικὸς
740 749 920 807 πόλεμος
942 748 1155 795 ἐπαύσατο
1178 749 1248 793 διὰ
1271 749 1461 807 φιβάλεις
1481 749 1658 807 ἰσχάδας
1678 769 1754 795 συ-

261 819 364 870 στὰς
382 819 571 878 Πέρσαις
591 822 659 864 καὶ
672 820 915 878 Ἀθηναίοις
932 823 1001 866 καὶ
1023 825 1151 865 πᾶσιν
1165 819 1360 878 ’Έλλησιν
1383 820 1461 865 ἀπ’
1485 822 1630 866 αὐτοῦ.
1674 825 1755 865 Φι-

223 888 405 946 Ι)βάλεις
426 890 472 933 δὲ
492 892 625 947 δῆμος
645 895 722 947 τῆς
735 891 936 948 Ἀττικῆς.
1765 903 1800 939 1(

361 962 574 1018 Κρατῖνος
592 962 661 1004 καὶ
679 959 865 1007 Πλάτων
885 961 927 1005 οἱ
942 961 1114 1017 κωμικοὶ
1131 957 1330 1017 ἤκμαζον.

361 1029 429 1077 Ἐν
448 1028 586 1089 Ῥώμῃ
606 1031 806 1090 Κλαρίων
828 1030 938 1088 ἀγὼν
962 1029 1260 1087 ἔκατονταετὴς
1280 1030 1396 1087 ἤχθη
1421 1034 1601 1089 πρῶτος.

363 1098 539 1159 Κράτης
565 1098 587 1144 ὅ
617 1100 797 1157 κωμικὸς
826 1103 895 1145 καὶ
926 1100 1152 1145 Τελέσιλλα
1182 1102 1252 1145 καὶ
1280 1102 1504 1161 Πραξίλλα
1525 1103 1595 1146 καὶ
1617 1103 1753 1145 Κλεο-

258 1170 435 1227 βουλίνα
453 1170 731 1228 ἒγνωρίζοντο.

362 1241 630 1298 Βακχυλίδης
649 1239 670 1285 ὃ
687 1239 910 1297 μελοποιὸς
930 1237 1123 1296 ἤκμαζεν.
1765 1254 1800 1291 15

360 1309 409 1354 ‘O
421 1314 506 1367 ’τῆς
517 1308 653 1369 εἨρας
670 1310 773 1362 νεώς
797 1307 1050 1368 ἐνεπρήσθη.

354 1379 576 1437 Ἀθηναῖοι
607 1382 675 1424 καὶ
705 1378 1038 1437 Λακεδαιμόνιοι
1072 1379 1257 1431 σπονδὰς
1280 1375 1526 1437 ἐποιήσαντο
1548 1379 1654 1439 πρὸς
1677 1378 1754 1423 ἆλ-

260 1445 413 1506 λήλους
430 1448 771 1508 τριακοντούτεις.

111 1526 148 1563 P.
171 1523 242 1563 243
361 1518 591 1584 Ἡρόδοτος
621 1519 828 1584 ἱστορικὸς
861 1517 1044 1578 ἐτιμήθη
1088 1519 1205 1580 παρὰ
1236 1523 1313 1577 τῆς
1334 1518 1572 1578 Ἀθηναίων
1596 1523 1757 1576 βουλῆς

260 1589 515 1647 ἔπαναγνοὺς
534 1590 676 1643 αὐτοῖς
695 1591 773 1644 τὰς
788 1591 977 1648 βίβλους.
1762 1606 1800 1642 2(

353 1679 388 1717 1.
411 1676 564 1725 πειρεὺς
582 1679 658 1716 ΑΒ.
767 1681 802 1717 2.
828 1682 994 1716 λατεῖνοι
1015 1678 1058 1713 Β.
1171 1680 1206 1715 6.
1229 1677 1348 1724 ζευξὶς
1366 1678 1409 1716 Β.
1525 1677 1559 1713 8.
1582 1674 1756 1725 φιβᾶλεις

354 1723 511 1771 ἰσχάδας
534 1727 695 1772 Scaliger
710 1739 746 1774 p.
761 1728 820 1763 53.
855 1727 972 1773 Vulgo
996 1725 1285 1774 Φιβαλισχάδας.
1408 1726 1443 1761 9.
1472 1722 1645 1772 Φιβοὶλεις
1666 1725 1755 1759 Sca-

352 1772 455 1818 liger.
479 1774 653 1821 σφιβαλὶς
676 1775 719 1810 Β.
745 1773 935 1821 Σφιὸαλὶς
958 1775 1004 1808 G.
1144 1775 1198 1809 11.
1222 1776 1399 1818 κρατῖνος
1422 1773 1464 1807 Α.
1499 1776 1692 1816 κρατεῖνος
1713 1772 1754 1806 Β.

352 1821 549 1865 Κρατίνων
584 1821 630 1855 G.
790 1822 827 1858 οἱ
856 1820 1014 1864 κωμικοὶ
1030 1819 1198 1865 Scaliger.
1254 1821 1367 1866 Vulgo
1397 1820 1641 1864 οἰκονομικοὶ.

355 1870 412 1903 12.
439 1867 628 1914 Κλαρίων]
657 1869 879 1905 Calariorum
890 1868 1063 1904 Eusebius
1089 1879 1122 1912 p.
1139 1869 1221 1904 339.
1335 1869 1390 1914 13.
1420 1864 1440 1903 ὁ
1459 1867 1621 1911 κωμικὸς
1639 1865 1754 1901 Scali-

354 1925 429 1959 ger.
462 1915 575 1960 Vulgo
595 1913 843 1963 οἰκονομικὰς.
951 1913 1144 1951 Τελέσιλλα
1161 1926 1205 1949 ex
1223 1915 1376 1950 Eusebio
1395 1926 1428 1961 p.
1448 1916 1531 1951 339.
1548 1919 1754 1949 correctum.

359 1962 538 1998 Τελεσίδοι
558 1963 676 2008 vulgo.
777 1964 841 2000 καὶ
865 1961 1069 2009 Πραξίλλα]
1096 1961 1159 1998 καὶ
1183 1974 1249 1997 om.
1274 1962 1322 1998 G.
1425 1964 1480 1998 16.
1504 1960 1611 2006 νεώς]
1638 1960 1753 2005 Vulgo

355 2006 458 2050 ναὸς.
484 2007 568 2050 υεὸς
586 2010 629 2045 Β.
757 2012 816 2047 20.
848 2007 1082 2056 ἐπαναγνοῦς
1104 2008 1275 2056 Scaliger.
1339 2008 1453 2055 Vulgo
1483 2006 1754 2055 ἐπαναγούσης.

354 2068 458 2101 quum
473 2057 617 2103 legisset
639 2056 816 2092 Eusebius
840 2070 874 2105 p.
895 2059 977 2095 339.
1317 2085 1319 2091 .

354 2124 503 2160 Piraeus
524 2137 546 2161 a
566 2126 804 2162 Themistocle
821 2139 919 2163 muro
939 2127 1100 2163 vallatur.

355 2171 485 2207 Romae
509 2173 628 2209 Latini
652 2173 855 2211 defecerunt
873 2187 895 2212 a
920 2174 1104 2217 Romanis3
1128 2171 1283 2220 populus.
1299 2180 1439 2220 quoque
1461 2170 1497 2209 in
1516 2176 1672 2210 senatum
1696 2176 1752 2209 tu-

262 2215 448 2253 multuatus
467 2223 532 2254 est.

354 2265 526 2301 Aristides
544 2265 738 2302 ostracismi
760 2279 905 2314 poenam
921 2266 1026 2303 subit.

353 2312 584 2348 Athenienses
606 2313 768 2349 Piraeum
787 2326 884 2351 muro
903 2312 1131 2350 circumdant.

354 2359 483 2394 Zeuxis
505 2360 619 2405 pictor
634 2361 794 2396 florebat.

354 2404 483 2443 Persas
509 2407 626 2441 navali
650 2408 879 2453 terrestrique
900 2406 1031 2453 praelio
1057 2405 1102 2441 ad
1124 2405 1417 2452 Eurymedontem
1442 2406 1566 2442 Cimon
1590 2408 1753 2452 superat;

260 2450 503 2498 Medicumque
524 2453 648 2488 bellum
668 2454 788 2489 Persis
816 2459 851 2488 et
869 2453 1162 2498 Atheniensibus,
1188 2460 1294 2499 atque
1317 2455 1404 2489 adeo
1426 2454 1576 2489 Graecis
1594 2453 1752 2488 omnibus

260 2498 431 2535 aridorum
444 2500 567 2534 ficuum
583 2500 764 2536 occasione
780 2504 917 2542 motum,
937 2500 1080 2546 quievit,
1123 2500 1277 2547 Populus
1289 2501 1428 2547 Atticae
1439 2500 1596 2536 Phihalis
1606 2500 1752 2535 nomine.

353 2545 515 2582 Cratinus
533 2551 568 2582 et
587 2547 688 2583 Plato
706 2547 827 2582 comici
848 2548 1037 2593 scriptores
1055 2547 1236 2593 vigebant,
1698 2567 1700 2569 v

351 2592 442 2630 Ludi
461 2593 562 2640 primi
583 2595 780 2629 saeculares
796 2595 926 2629 Romae
947 2599 1027 2641 post
1046 2606 1153 2630 annos
1171 2598 1307 2629 centum
1325 2594 1409 2631 acti.

353 2639 477 2675 Crates
493 2640 640 2676 comicus
658 2645 693 2676 et
709 2641 876 2677 Telesilla
898 2644 934 2676 et
954 2642 1110 2678 Praxilla
1128 2646 1166 2678 et
1182 2641 1388 2678 Cleobulina
1404 2640 1680 2677 celebrabantur.

351 2686 593 2733 Bacchydides
612 2688 759 2724 musicus
781 2688 1043 2723 celebrabatur.¹

353 2733 494 2769 Iunonis
516 2735 676 2782 templum
695 2734 856 2770 incendio
876 2739 1123 2781 consumptum.

353 2781 583 2816 Athenienses
600 2786 636 2818 et
654 2781 917 2818 Lacedaemonii
934 2793 1052 2828 pacem
1070 2783 1107 2817 in
1124 2794 1231 2818 annos
1249 2780 1396 2828 triginta
1414 2782 1634 2826 componunt.

353 2827 555 2864 Herodotus
571 2829 772 2865 Historicus
791 2840 906 2865 coram
926 2829 1184 2865 Atheniensium
1202 2834 1324 2865 senatu
1342 2827 1451 2863 libros
1475 2827 1612 2873 publice
1630 2827 1751 2872 legens

262 2872 419 2918 publicos
440 2875 588 2913 honores
602 2876 739 2924 recipit.
