1800 3236
236 187 341 236 230
692 190 949 239 -GEORGII
974 189 1262 253 SYNCELLI

237 299 492 355 ἄνυπόὸετος
533 302 603 347 καὶ
646 300 812 362 ἄβαρὴς
853 304 1111 362 δερματίνων
1146 300 1379 363 περιβόλων
1409 307 1647 362 προσβῆναι
1674 308 1736 365 τῷ

198 373 350 433 Βὸρει,
386 375 457 417 καὶ
477 376 553 430 τῆς
581 377 656 430 γῆς
664 406 678 428 ,
719 371 815 418 ὥσεὶ
838 372 1068 433 τηλικούτῳ
1093 376 1202 432 φωτὶ
1224 371 1532 432 περιήστραπτο
1545 408 1559 429 ,
1596 367 1736 432 προσ-

233 448 403 502 ψαῦσαι
434 441 651 489 κελεύεται.
691 445 760 488 καὶ
789 444 842 500 δὴ
875 443 1126 502 προσελθὼν
1148 443 1342 505 εὐλαβείᾳ
1363 448 1497 503 πολλῇ
1521 444 1598 494 τὰς
1617 444 1737 500 ὄψεις

192 554 195 558 .
234 515 302 558 ἐπὶ
321 515 454 565 θείοις
472 513 586 573 αὐτῷ
609 511 767 572 ῥήμασι
795 513 1065 569 λαλουμένοις
1085 513 1405 572 ἀποστρέφεται,
1445 516 1513 558 καὶ
1537 513 1614 571 τὴν
1636 512 1736 582 ἦγε-

227 585 386 642 ;μονίαν
428 587 512 628 τῶν
547 581 773 642 ὁμοφύλων
812 583 920 638 μετὰ
948 585 1143 640 πλείστην
1178 585 1762 642 παραίτησινἐγχειρίζεταιρ

229 655 421 712 σημείοις
439 653 485 697 δὲ
505 654 574 697 καὶ
587 653 729 712 τέρασι
743 655 1051 705 καθοπλισθεὶς
1071 655 1129 704 εἲς
1148 654 1368 711 Αἴγυπτον
1390 654 1478 711 ἅμα
1500 656 1596 698 δυσὶ
1618 656 1738 701 παισὶ

235 726 304 769 καὶ
332 724 495 782 γυναικὶ
523 721 729 778 κάτεισιν,
777 717 896 784 ᾧτινί
914 741 977 775 τις
1010 723 1176 782 ἄγγελος
1207 723 1378 776 ἐπιστὰς
1407 724 1566 782 λέγεται
1594 723 1737 769 θάνα-

233 812 309 839 τον
328 794 531 849 ἀπειλεῖν,
569 793 618 838 ὃν
640 791 840 838 ἱλεώσατο
851 827 866 849 ,
902 794 1047 853 καίπερ
1076 789 1183 838 οὖσα
1203 792 1442 852 ἀλλόφυλος
1460 792 1487 851 ἧ
1509 793 1610 852 γυνὴ
1624 827 1638 848 ,
1675 798 1737 854 τῷ

234 869 313 923 τῆς
341 868 569 923 περιτομῆς
591 865 736 920 αἵματι
764 868 841 909 τοῦ
864 862 1040 916 παιδός·
1078 861 1344 920 συναντήσας
1365 863 1410 908 δ’
1442 864 1557 924 αὐτῷ
1572 864 1736 923 Ἀαρών

235 932 396 979 θεόθεν
429 935 594 985 σταλεὶς
617 937 909 992 κοινολογεΐται
938 936 1032 993 περὶ
1059 938 1138 991 τῆς
1158 937 1234 978 τοῢ
1254 938 1361 978 λαοῦ
1384 932 1659 985 συνελεύσεως
1681 937 1738 986 εἷς
1751 941 1794 977 10

237 1005 339 1061 μίαν
361 1004 580 1061 ἐκκλησίαν
602 1007 671 1048 καὶ
689 1006 782 1064 περὶ
804 1008 887 1049 τῶν
912 1005 1272 1062 λαληθησομένων
1294 1004 1452 1059 αὐτοῖς,
1492 1002 1550 1056 ὥς
1568 1005 1613 1048 ἐκ
1632 1008 1738 1048 θεοῦ

137 1081 142 1086 ’
204 1077 235 1121 C
247 1072 461 1134 ῥημάτων,
469 1121 478 1127 ,ς
489 1073 569 1118 ὅσα
590 1092 634 1118 τε
656 1077 748 1133 περὶ
767 1079 844 1132 τῆς
863 1075 1102 1133 ἐλευθερίας
1119 1076 1242 1134 ἐχρῆν
1260 1074 1510 1133 ἀγγελθῆναι
1533 1081 1621 1126 τοῖς
1633 1072 1739 1134 χρό-

237 1162 297 1204 νῳ
317 1148 460 1205 πολλῷ
488 1142 776 1201 πεποιηκόσιν,
818 1145 866 1189 οὗ
886 1142 1127 1204 γεγονότος,
1165 1147 1234 1189 καὶ
1256 1149 1340 1189 τῶν
1363 1146 1456 1204 περὶ
1475 1144 1553 1202 τὴν
1577 1143 1739 1204 ῥάβδον

239 1216 310 1259 καὶ
334 1214 412 1272 τὴν
430 1221 551 1273 χεῖρα
570 1215 792 1266 Μωϋσέως
814 1215 1176 1272 ἅπολευκουμένην
1196 1217 1265 1266 καὶ
1285 1209 1414 1267 αὖθις
1443 1214 1740 1259 ἀποκαθιστα-

238 1284 366 1341 μένην
386 1283 624 1341 θαυμάτων
645 1287 715 1329 καὶ
738 1283 943 1343 ποτάμιον
973 1285 1090 1345 ὕδωρ
1115 1282 1444 1342 αἶματούμενον,
1481 1285 1588 1344 πρὸς
1610 1285 1737 1330 αὐτὸν
1751 1291 1795 1328 15

238 1354 322 1411 ἤδη
351 1354 496 1398 λοιπὸν
528 1355 749 1415 ἠγωνίζετο.
771 1354 946 1414 Φαραώ.
986 1358 1044 1408 εἷς
1067 1356 1147 1416 γὰρ
1167 1356 1242 1400 τὸν
1262 1353 1482 1413 λεγόμενον
1503 1358 1743 1415 Μισφραγ-

239 1422 462 1480 μούθωσιν
499 1424 697 1477 ἐλθόντες
732 1427 801 1469 καὶ
830 1430 929 1478 τοὺς
970 1427 1117 1478 θείους
1146 1427 1361 1488 παρρησία
1390 1423 1627 1482 ποιούμενοι
1658 1428 1740 1469 διε-

241 1495 451 1538 ὃείκνυντο
487 1493 661 1552 λόγους·
700 1496 773 1555 ἐφ’
810 1494 874 1547 οἷς
902 1495 1143 1555 χαλεπήνας
1175 1495 1197 1540 ὃ
1228 1494 1434 1555 τύραννος
1462 1496 1634 1540 ἐπέτεινε
1654 1502 1740 1547 τοῖς

233 1563 513 1622 Ἰσραηλίταις
530 1565 607 1622 τὴν
627 1564 833 1620 κάκωσιν,
873 1565 1249 1625 ἀντισοφισάμενος
1263 1567 1352 1623 «μὲν
1370 1568 1440 1610 καὶ
1458 1565 1528 1610 διὰ
1549 1571 1741 1624 γοητικῆς

229 1636 489 1693 μαγγανείας
517 1637 731 1698 φαντασίᾳ
756 1633 889 1697 μόνῃ,
927 1639 997 1681 καὶ
1033 1637 1109 1682 οὗκ
1138 1637 1337 1699 ἐνεργείᾳ,
1375 1643 1463 1688 τοῖς
1483 1634 1738 1694 εὖεξαπατή-
1749 1643 1797 1678 20

331 1757 368 1793 2.
393 1753 492 1802 ὥσεὶ]
521 1752 547 1802 ἣ
569 1769 614 1793 m.
725 1760 760 1796 8.
784 1754 995 1806 ἀλλόφυλος
1016 1753 1116 1796 οὖσα
1131 1759 1180 1794 G.
1300 1759 1584 1801 9.’συναντίσας
1602 1759 1648 1796 Β.

331 1803 389 1839 12.
421 1801 493 1841 ὅσοι
518 1805 571 1850 τε]
597 1817 636 1841 τε
661 1817 728 1840 om.
752 1806 800 1840 G.
917 1808 975 1844 13.
1001 1805 1048 1845 οὐ
1075 1804 1271 1854 γεγονότος
1287 1807 1330 1842 Β.
1355 1806 1445 1847 οὔτε
1468 1804 1663 1853 γεγονότος
1690 1807 1738 1842 G.

332 1849 480 1895 μήποτε
507 1850 686 1899 γεγονότα
715 1863 759 1887 m.
883 1851 941 1891 14,
976 1851 1334 1901 ἀποκαθισταμένην
1351 1856 1394 1893 B.
1436 1852 1741 1901 ἀποκαθισταμέ-

303 1932 313 1955 4
332 1909 412 1935 νων
434 1899 481 1932 G.
584 1900 641 1937 15.
665 1898 730 1936 καὶ
747 1897 841 1946 πρὸς
857 1907 902 1936 m.
996 1903 1060 1939 20.v
1079 1903 1288 1950 μαγγανίοις
1312 1903 1357 1938 Β.

242 2011 336 2048 ritus
361 2011 506 2059 insuper
532 2012 654 2049 auditu
675 2014 719 2050 ob
739 2026 859 2050 vocem
880 2013 1008 2050 clarius
1029 2027 1152 2050 nomen
1180 2015 1254 2051 eius
1276 2019 1539 2062 personantem,
1563 2017 1741 2053 discinctis

243 2059 390 2105 pedibus
418 2065 455 2094 et
479 2061 620 2105 pellium
647 2061 838 2097 involucris
868 2062 1098 2108 undequaque
1131 2062 1292 2106 nudatis,
1326 2063 1372 2098 ad
1400 2069 1549 2099 montem
1575 2066 1742 2100 accedere

242 2110 439 2152 terramque
454 2106 548 2142 illam
566 2113 665 2143 tanta
691 2109 767 2144 luce
787 2107 1024 2144 collustratam
1048 2109 1252 2156 contingere
1276 2110 1429 2146 iubetur.
1475 2111 1562 2146 Loci
1579 2124 1662 2157 ergo
1683 2124 1742 2147 re·-

242 2152 374 2197 ligione
403 2159 584 2200 correptus
612 2155 860 2202 progreditur,
885 2154 1083 2202 divinisque
1106 2157 1248 2192 auribus
1272 2157 1347 2192 eius
1366 2157 1485 2193 verbis
1503 2158 1742 2194 insonantibus

243 2198 372 2234 faciem
390 2201 520 2235 avertit
537 2205 573 2236 et
595 2206 678 2248 post
700 2202 885 2249 plerasque
908 2203 1098 2248 productas
1119 2203 1379 2247 excusationes,
1405 2204 1503 2239 ducis
1530 2205 1581 2239 illi
1601 2205 1638 2240 in
1659 2218 1743 2241 con-

243 2245 392 2290 tribules
414 2248 638 2283 committitur
655 2249 854 2285 auctoritas,
903 2249 1089 2295 Signorum
1110 2250 1238 2286 deinde
1264 2251 1571 2298 prodigiorumque
1590 2252 1743 2288 edendo-

236 2303 324 2338 yrum
346 2292 476 2329 virtute
496 2295 646 2330 munitus
671 2296 709 2331 in
727 2297 927 2343 Aegyptum
947 2308 1023 2331 cum
1046 2308 1156 2332 uxore
1183 2297 1387 2345 duobusque
1406 2298 1527 2333 liberis
1547 2299 1743 2346 proficisci-

244 2343 326 2385 tur3
351 2339 453 2386 eique
468 2346 552 2376 tunc
571 2343 716 2388 angelus
732 2344 871 2389 quidam
891 2343 1034 2379 adstans
1055 2348 1198 2379 mortem
1219 2344 1349 2380 dicitur
1369 2346 1591 2380 comminatus
1603 2372 1614 2388 ,
1640 2358 1742 2393 quem

244 2386 466 2421 nihilominus
487 2388 552 2422 filii
580 2389 776 2425 circumcisi
794 2390 962 2436 sanguine
987 2391 1141 2437 placavit
1163 2391 1289 2427 coniux
1317 2392 1429 2428 alieno
1454 2393 1621 2439 sanguine
1646 2399 1742 2429 nata.

243 2431 386 2469 Exinde
404 2433 521 2469 divino
539 2434 646 2470 ductu
665 2437 768 2471 fratri
783 2438 899 2474 Aaron
917 2438 1056 2473 obviam
1074 2438 1210 2482 factus,
1235 2439 1280 2474 de
1296 2440 1424 2486 populo
1443 2440 1487 2475 ad
1505 2439 1644 2476 comitia
1660 2452 1744 2475 con-

246 2480 405 2515 vocando
432 2485 471 2520 ¹et
501 2482 545 2517 de
573 2482 804 2526 allocutione,
836 2485 934 2520 velut
961 2496 1004 2520 ex
1029 2497 1090 2520 ore
1115 2485 1191 2529 dei,
1225 2497 1302 2521 cum
1322 2498 1363 2522 eo
1389 2486 1565 2529 habenda,
1591 2491 1743 2530 tractat3

248 2537 341 2572 quae
357 2526 512 2563 nimirum
530 2528 635 2576 longa
650 2530 718 2565 iam
736 2531 906 2567 servitute
925 2532 1104 2579 oppressis
1119 2533 1237 2568 forent
1255 2533 1471 2577 nuncianda,
1495 2545 1552 2569 res
1571 2545 1744 2581 nunquam

249 2572 413 2617 auditas,
445 2586 537 2621 quae
565 2577 709 2619 rubum,
743 2589 834 2623 quae
852 2578 974 2624 leprae
997 2579 1147 2614 candore
1171 2579 1284 2615 Mosis
1308 2579 1451 2616 tinctam
1474 2591 1628 2623 manum,
1652 2592 1744 2628 quae

249 2619 381 2655 iterata
401 2620 567 2657 miracula
590 2627 627 2658 et
658 2623 834 2659 fiuvialem
870 2636 992 2671 aquam
1018 2626 1054 2660 in
1084 2638 1241 2662 cruorem
1264 2638 1400 2663 versam
1421 2630 1640 2674 spectarent,
1673 2639 1745 2674 qua

250 2666 388 2713 ratione
411 2667 450 2703 in
476 2670 638 2716 populum
666 2670 891 2716 evulgarent‚
924 2672 1143 2716 deliberant,
1165 2674 1303 2720 iamque
1326 2674 1370 2709 de
1390 2674 1541 2709 ineundo
1568 2685 1643 2709 cum
1664 2673 1743 2720 ipso

251 2713 435 2750 Pharaone
454 2716 640 2751 certamine
666 2718 917 2764 colloquuntur.
965 2717 1141 2754 Processu
1160 2720 1328 2767 temporis
1354 2721 1464 2768 ipsum
1483 2720 1743 2768 Misphragmu-

251 2760 368 2795 thosin
386 2761 515 2798 dictum
532 2763 741 2799 conveniunt
759 2769 796 2799 et
814 2764 990 2810 intrepide
1014 2765 1136 2801 divina
1155 2768 1341 2803 enunciant
1356 2767 1527 2804 mandata.
1576 2768 1642 2802 His
1661 2767 1744 2802 irri-

251 2811 347 2842 tatus
363 2811 532 2854 tyrannus
551 2809 787 2846 Israelitarum
804 2811 1045 2866 oppressiones
1064 2813 1228 2857 adauxit,
1253 2813 1521 2861 praestigiisque
1541 2814 1658 2850 divina
1677 2814 1743 2850 mi-

249 2854 371 2890 racula
387 2855 628 2900 eludentibus,
651 2857 798 2904 magicis
816 2863 919 2893 enam
938 2860 1121 2904 portentis,
1146 2861 1265 2907 specie
1279 2874 1349 2897 non
1363 2873 1402 2897 re
1419 2861 1636 2897 exstantibus
1647 2887 1658 2904 ‚
1681 2873 1744 2907 po-

253 2901 370 2947 pulum
397 2907 511 2940 mente
536 2903 778 2954 simpliciorem
804 2904 841 2941 in
868 2898 1019 2943 errokem
1042 2906 1174 2952 traxit3
1208 2908 1364 2957 quamvis
1383 2907 1518 2946 demum
1540 2920 1563 2945 a
1588 2907 1744 2945 mosaica
