1800 3236
243 157 347 208 564
717 151 984 207 GEORGH'
1000 158 1287 232 SYNCELLi

246 273 589 332 καταδεχομένων
632 268 946 329 καταλαμβάνει
985 288 1030 315 τε
1069 269 1123 315 τὰ
1159 267 1431 330 Ἱεροσόλυμα
1465 263 1535 313 καὶ
1572 266 1753 324 πόλεμον

245 336 400 405 ’ἐξάγειν
427 349 618 403 πειρᾶται
653 343 759 403 κατὰ
782 341 1000 398 Ῥωμαίων
1022 340 1440 399 στρατοπεδευόντων
1464 342 1520 391 εἷς
1533 337 1754 398 Ἱεριχοῦν-

245 437 324 472 τα,
364 417 412 462 τὸ
438 414 639 459 πιότατον
669 413 880 464 Ἰουδαίας
902 409 1198 470 φοινικοφόρον
1221 414 1289 455 καὶ
1309 408 1647 469 βαλσαμοφόρον
1663 427 1754 466 χω-

249 490 360 548 ρίον·
400 481 458 531 ὧν
485 481 808 543 Ἀριστόβουλος
838 483 1049 539 ἐκπλαγεὶς
1076 482 1152 538 τὴν
1184 482 1338 540 ἔφοδον
1359 479 1571 539 χρήμασιν
1590 478 1756 523 ἱκετεύει

90 563 138 600 Ρ.
159 563 230 600 298
251 555 553 612 ἒξιλειόσασθαι
573 554 647 598 τὸν
681 551 910 609 Πομπήιον
939 549 1198 609 ἐπειγόμενον
1227 555 1283 604 εἷς
1297 549 1580 611 Ἱεροσόλυμα.
1618 553 1659 593 Γ
1657 554 1783 606 αβι-5

248 631 339 675 νίου
360 629 405 671 δὲ
426 626 530 684 πρὸς
547 629 623 668 τοῦ
641 621 965 682 Ἀριστοβούλου
987 623 1254 680 πεμφθέντος
1276 625 1332 674 εἷς
1356 622 1532 679 κομιδὴν
1550 625 1635 664 τῶν
1646 638 1756 678 χρη-

248 697 395 757 μάτων
427 697 495 741 καὶ
525 695 633 752 μηδὲ
661 699 737 751 τῆς
767 692 931 737 εῗσόδου
967 691 1168 749 τυχόντος
1197 697 1274 750 τῆς
1305 691 1464 745 πόλεως
1485 698 1667 751 φρουρεῖ
1679 692 1755 746 μὲν

249 770 324 815 τὸν
338 764 678 826 Ἀριστόβουλον,
712 768 925 823 πολιορκεῖ
956 764 1001 807 δὲ
1030 763 1107 821 τὴν
1133 761 1407 821 Ἰερουσαλὴμ
1437 760 1755 820 ταῖςὝ’ρκανοῦ

250 841 320 885 καὶ
347 834 620 894 Ἀντιπάτρου
650 836 719 878 καὶ
749 839 834 878 τῶν
868 836 961 893 περὶ
992 833 1146 884 αὐτοὺς
1167 833 1286 878 ἔνδον
1309 836 1378 877 καὶ
1399 833 1479 885 ἔξω
1502 838 1578 890 τῆς
1599 831 1758 883 πόλεως

249 909 493 968 ὑπηρεσίαις
525 908 594 950 καὶ
626 906 822 956 ἐπινοίαις
855 904 903 948 οὗ
938 904 1066 962 μικρὰ
1106 904 1213 962 πρὸς
1250 904 1299 948 τὸ
1335 902 1582 948 δυσάλωτον
1613 898 1800 965 αῇτοῖςΙῑ

251 977 547 1038 βοηθούμενος
578 974 599 1020 ὃ
631 977 862 1032 Πομπηίου
894 974 1129 1032 στρατηγὸς
1164 977 1331 1018 Πείσων
1357 975 1434 1032 τὴν
1452 973 1607 1018 ἅλωσιν
1630 975 1757 1031 ἔγχει-

255 1050 429 1108 ρισθείς.
453 1049 553 1105 μηνὶ
572 1047 617 1090 δὲ
635 1047 762 1105 τρίτῳ
784 1044 905 1101 μόλις
926 1045 996 1089 ἕνα
1017 1049 1102 1088 τῶν
1120 1043 1289 1103 πύργων
1304 1042 1759 1100 καθελόντεςῬωμαΐοι

218 1121 331 1165 Bau>
360 1123 436 1164 τοῦ
467 1119 628 1173 τείχους
654 1118 711 1167 εἰς
739 1115 787 1159 τὸ
809 1115 917 1174 ἱερὸν
948 1113 1249 1172 εἰσεπήδησαν,
1292 1114 1493 1160 Φαύστου
1520 1115 1758 1172 Κορνηλίου

254 1190 408 1241 παιδὸς
419 1186 563 1234 Σύλλα
582 1184 752 1245 πρώτου
772 1183 1076 1242 τολμήσαντος,
1099 1184 1536 1243 ἐπακολουθησάντων
1554 1186 1599 1229 δὲ
1615 1189 1760 1243 Φρου-

255 1263 346 1321 ρίου
383 1261 450 1304 καὶ
485 1258 653 1312 Φαβίου
684 1260 769 1300 τῶν
799 1253 1114 1313 ἑκατοντάρχων
1143 1255 1219 1299 σὺν
1249 1263 1338 1307 τοῖς
1365 1256 1526 1307 οἰκείοις
1554 1255 1759 1314 στέφεσιν,
1773 1261 1800 1296 1!

255 1332 303 1376 o‘t'
332 1329 433 1380 τοὺς
458 1328 690 1378 Ἰουδαίους
721 1333 925 1384 περιεῖχον
955 1327 1182 1376 κτείνοντες
1213 1326 1323 1370 καθ’
1356 1324 1457 1383 ὅλης
1489 1331 1565 1383 τῆς
1583 1325 1757 1379 πόλεως)

255 1402 305 1446 τὸ
327 1404 533 1449 ,πλεῖστον
563 1399 608 1441 δὲ
640 1399 682 1440 ἐν
714 1401 774 1456 τῷ
812 1396 907 1455 ἱερῷ
941 1394 1194 1454 φεύγοντας·
1233 1396 1339 1440 ἀλλὰ
1369 1398 1437 1440 καὶ
1455 1394 1535 1440 {md
1554 1401 1640 1440 τῶν
1657 1394 1761 1451 ὃμο-

256 1469 405 1531 φύλων
450 1468 813 1512 ἀντιστασιαστῶν
863 1464 1183 1524 ἀπεσφάττοντο
1234 1468 1395 1511 πολλοί.
1444 1456 1551 1511 τότ-ἐ’ζ
1584 1468 1764 1525 μυρίους

256 1541 362 1600 πρὸς
397 1539 622 1595 δισχιλίους
651 1537 883 1587 Ἰουδαίους
910 1537 1067 1594 λέγεται
1086 1542 1375 1594 πεφονεῦσθαι
1391 1534 1634 1592 Ῥωμαίοις,
1675 1536 1761 1580 ὀλί-

255 1629 342 1670 γων
368 1608 478 1653 πάνυ
509 1608 774 1652 κτανθέντων
804 1606 947 1658 αὐτοῖς
975 1608 1020 1658 ἐξ
1049 1604 1249 1651 εὐτάκτου
1279 1609 1348 1651 καὶ
1377 1605 1800 1664 ἀλληλοσυμμάχουΞ(

260 1682 485 1741 ἀνδρείας·
521 1678 571 1723 τὸ
611 1678 692 1737 γὰρ
737 1676 916 1721 ἄτακτον
946 1678 989 1720 ἐν
1022 1675 1179 1733 μάχαις
1211 1675 1430 1737 θράσους,
1468 1677 1544 1721 οὐκ
1571 1677 1766 1736 ἀνδρείας

356 1806 391 1841 1.
415 1800 710 1850 καταλαμβάνει]
732 1798 1005 1845 καταλιμπάνει
1029 1799 1078 1835 G'r.
1195 1800 1230 1836 3.
1253 1797 1452 1845 πιότατον]
1477 1798 1670 1837 maim-:ov
1690 1800 1765 1835 AB.

357 1848 557 1897 πρώτατον
580 1850 628 1884 G.
755 1847 790 1885 4.
823 1847 1023 1897 χρήμασιν]
1050 1845 1234 1893 σχήμασιν
1258 1848 1307 1884 G.
1434 1847 1470 1883 7.
1499 1845 1609 1894 μηδὲ]
1635 1846 1688 1894 μή
1715 1848 1762 1882 G.

437 1899 472 1934 9.
496 1896 596 1943 περὶ]
620 1892 713 1941 παρ’
741 1897 789 1931 G.
904 1898 960 1933 10.
985 1893 1118 1938 αὐτοῖς
1140 1906 1206 1930 om.
1230 1895 1280 1933 G.
1391 1892 1449 1932 14.
1476 1896 1590 1933 συλλᾶ
1609 1896 1684 1931 ΑΒ.

355 1942 739 1991 ἕπακολουθήσαντος
763 1944 812 1979 G.

261 2048 401 2086 Exinde
422 2054 613 2086 castrorum
633 2049 837 2084 custodibus
865 2060 942 2084 eum
965 2048 1150 2084 admittere
1171 2046 1467 2090 detrectantibus,
1491 2047 1579 2094 ipsis
1595 2042 1764 2083 Hieroso-

261 2097 362 2143 lymis
386 2097 503 2141 cedit,
528 2102 564 2132 et
590 2097 627 2131 in
644 2096 818 2131 Romanos
845 2096 891 2131 ad
907 2096 1147 2132 Hierichuntis
1164 2096 1350 2142 palmarum
1377 2095 1589 2140 balsamique
1611 2107 1654 2129 ex
1675 2093 1765 2128 omni

262 2144 394 2179 Iudaea
413 2143 662 2180 feracissimum
681 2155 802 2190 agrum
828 2147 945 2178 castra
963 2147 1110 2178 metatos
1130 2143 1254 2178 bellum
1272 2143 1445 2177 instruere
1473 2141 1679 2183 meditatum
1705 2152 1765 2175 eo·
1788 2184 1790 2186 K

264 2195 471 2230 rumtamen
487 2192 581 2227 vires
599 2196 753 2226 metuens
770 2191 924 2236 experiri
940 2190 1141 2235 Pompeium
1158 2189 1399 2235 Hierosolyma
1424 2200 1546 2223 versus
1577 2187 1764 2223 exercitum

265 2237 448 2272 ducentem
478 2237 645 2285 supplicis
673 2235 794 2272 habitu
829 2237 971 2283 placare
998 2236 1152 2270 festinat.
1202 2235 1376 2270 Gabinius
1403 2240 1519 2270 autem
1542 2235 1764 2281 pecuniarum

266 2284 548 2330 accipiendarum
566 2284 680 2329 gratia
700 2285 743 2319 ab
763 2283 964 2318 Aristobulo
985 2283 1107 2317 missus
1126 2286 1163 2316 et
1180 2283 1223 2316 ab
1245 2282 1407 2327 ingressu
1427 2281 1582 2316 civitatis
1610 2281 1765 2328 prohibi-

265 2334 336 2374 tus,
362 2330 596 2366 Aristobulum
613 2330 750 2376 quidem
778 2331 844 2364 sub
874 2329 1031 2364 custodia
1061 2329 1216 2372 detinet3
1240 2329 1323 2364 Piso
1351 2341 1436 2364 vero
1462 2329 1531 2363 dux
1552 2327 1724 2364 exercitui
1743 2340 1765 2364 a

264 2377 431 2424 Pompeio
452 2378 554 2412 datus
571 2377 690 2412 urbem
710 2376 891 2411 obsidione
910 2376 1021 2421 cingit
1040 2379 1075 2410 et
1092 2376 1273 2422 Hyrcani,
1296 2387 1361 2410 nec
1383 2387 1451 2410 non
1471 2375 1667 2422 Antipatri,
1692 2381 1763 2410 tum

266 2427 406 2467 eorum,
430 2424 490 2470 qui
505 2429 574 2459 tam
591 2424 704 2470 ipsius
720 2423 817 2458 urbis
836 2423 872 2456 in
886 2422 1140 2468 penetralibus,
1165 2434 1267 2470 quam
1285 2422 1321 2458 in
1339 2424 1465 2458 castris
1482 2434 1590 2469 penes
1607 2434 1645 2457 se
1663 2433 1762 2456 manu

268 2471 327 2507 vel
350 2470 492 2507 consilio
522 2470 605 2506 belli
630 2481 828 2505 successum
858 2470 1126 2515 promovebant,
1161 2470 1321 2513 auxiliis,
1344 2482 1419 2504 eam
1448 2470 1533 2505 licet
1562 2474 1764 2515 expugnatu

270 2517 507 2554 difficillimam
528 2517 694 2552 Romanis
716 2516 961 2552 subiiciendam
980 2516 1145 2563 suscepit.
1192 2517 1314 2552 Mense
1345 2528 1449 2563 porro
1477 2516 1583 2552 tertio
1610 2516 1667 2551 vix
1693 2527 1765 2550 una

268 2565 360 2601 turri
376 2564 545 2600 machinis
561 2563 710 2606 deiecta,
733 2564 798 2609 per
818 2575 950 2598 murum
968 2563 1114 2598 Romani
1131 2563 1328 2599 insilierunt
1345 2565 1381 2599 in
1403 2563 1578 2610 templum.
1626 2562 1764 2597 Primus

295 2623 333 2647 er
349 2612 466 2647 ruinas
487 2610 669 2646 Cornelius
688 2611 839 2645 Faustus
858 2610 976 2656 Syllae
1002 2611 1095 2645 filius
1114 2611 1255 2647 immisit
1281 2624 1319 2646 se
1332 2637 1343 2654 ‚
1367 2622 1468 2657 quem
1485 2610 1612 2645 Furius
1638 2612 1675 2644 et
1691 2609 1763 2643 Fa-

267 2623 349 2695 gius
367 2659 584 2694 centuriones
600 2669 675 2692 cum
694 2657 765 2692 suis
783 2657 965 2703 manipulis
984 2658 1123 2704 sequuti
1139 2662 1229 2694 sunt.
1276 2659 1325 2694 Hi
1342 2658 1463 2693 obvios
1480 2668 1637 2704 quosque
1659 2655 1764 2696 etjn·

269 2706 442 2741 terclusos
460 2717 524 2751 per
542 2705 719 2741 civitatem
749 2705 916 2746 Iudaeos,
939 2708 978 2739 ut
998 2705 1177 2751 plurimum
1197 2709 1312 2740 autem
1337 2705 1375 2739 in
1400 2705 1563 2750 templum
1590 2702 1762 2749 recipien-

270 2757 327 2787 tes
345 2764 384 2787 se
400 2751 643 2795 conficiebant3
663 2763 732 2786 non
745 2751 846 2797 pauci
862 2751 945 2785 licet
962 2763 984 2787 a
1000 2752 1151 2798 propriis
1169 2752 1420 2788 contribulibus
1436 2751 1544 2787 caede
1561 2753 1597 2786 et
1614 2750 1761 2785 tumultu

272 2799 504 2847 gaudentibus
522 2799 652 2834 fuerint
668 2798 795 2833 necati.
842 2797 957 2833 Millia
975 2797 1042 2834 duo
1071 2810 1176 2847 supra
1193 2799 1383 2846 myriadem
1410 2798 1583 2844 integram
1615 2797 1674 2832 die
1701 2795 1762 2830 illo

272 2857 375 2881 caesa
395 2846 578 2890 dicuntur,
601 2858 622 2881 e
642 2844 805 2881 Romanis
826 2856 871 2879 ex
890 2844 1020 2880 usitato
1051 2846 1119 2881 sibi
1140 2847 1263 2882 ordine
1291 2850 1326 2881 et
1352 2845 1471 2881 militis
1502 2843 1762 2880 commilitonem

271 2892 434 2929 servandi
449 2892 567 2929 studio
583 2891 796 2941 paucissimi.
843 2891 998 2929 Confusa
1016 2893 1147 2942 quippe
1163 2893 1200 2929 in
1216 2892 1383 2941 praelium
1401 2891 1553 2941 irruptio
1584 2889 1762 2927 temerita-
