1800 3236
251 164 358 217 542
716 170 971 218 GEORGII
996 170 1285 218 SYNCELLI

249 281 509 345 Μαρκέλλου
542 286 778 344 στρατηγοῦ
803 280 1044 340 Ῥωμαίων,
1083 282 1130 336 ὃς
1159 282 1250 329 ὑπὸ
1260 283 1494 343 Ῥωμαίους
1514 281 1645 341 αὖθις
1667 288 1746 347 τὴν

248 357 440 402 Σικελίαν
459 357 553 407 θεὶς
574 357 767 399 ἐπινίκιον
787 353 958 411 πομπὴν
981 352 1276 412 ἐθριάμβευσε.

351 430 536 472 Πολλῶν
553 427 600 470 δὲ
620 425 758 470 ἄλλων
773 422 991 481 Ῥωμαίων
1011 431 1255 484 στρατηγῶν
1273 425 1380 482 μετὰ
1397 431 1535 472 ταῦτα
1559 433 1746 487 πολεμη-

246 495 412 543 σάντων
433 497 604 557 Ἀννίβα
638 499 860 554 κρατοῦντι
889 494 1166 553 Καρχηδόνος
1186 499 1256 540 καὶ
1272 495 1485 549 Ἱσπανίας
1503 501 1572 543 καὶ
1587 499 1648 557 μὴ
1666 519 1745 544 κα·-

246 564 535 625 τισχυσάντων
556 566 687 610 αὐτοῦ
707 566 825 617 τέλος
843 567 1027 611 Σκιπίων
1039 565 1290 626 Ἀφρικανὸς
1308 568 1467 626 τρέψας
1485 569 1563 627 τὴν
1572 569 1773 626 Ἀννίβαό

209 637 431 695 Βδύναμιν
462 638 505 682 ἓν
530 635 720 698 Ἶσπανία
745 635 852 680 κατὰ
872 636 948 693 τὴν
977 634 1067 695 ρμε’
1090 636 1331 694 ὀλυμπιάδα
1351 637 1591 691 ὑπατεύσας
1608 658 1652 684 τε
1676 643 1746 684 καὶ

247 709 345 754 κατ’
381 708 572 760 ἐξουσίαν
601 707 747 751 λοιπὸν
772 709 938 751 διοικῶν
965 708 1042 765 τὴν
1076 706 1178 766 ὅλην
1197 708 1378 753 Ἰταλίαν
1397 711 1464 753 ἐπὶ
1485 708 1745 770 Καρχηδόνα

249 780 400 824 διέπλει
439 776 576 839 στόλῳ
607 776 776 839 μεγάλῳ
803 779 873 821 καὶ
903 777 980 835 τὴν
1011 776 1179 823 ἅπασαν
1211 784 1370 837 πορθεῖ
1393 780 1499 839 πρὸς
1519 786 1572 840 τῇ
1591 780 1745 840 Λιβύῃ

243 848 390 909 χώραν
415 851 748 908 Καρχηδονίων,
788 847 894 893 ὥστε
932 848 1032 901 τούς
1062 850 1105 894 ἓν
1135 849 1240 894 τέλει.
1267 853 1587 909 Καρχηδονίους
1611 870 1745 907 μετα-

248 922 499 966 στείλασθαι
526 920 601 963 τὸν
624 919 819 975 Ἀννίβαν
849 920 893 972 ἐξ
918 919 1121 972 Ἰταλίας·
1170 914 1283 981 ᾧτινι
1316 923 1500 966 Σκιπίων
1536 920 1743 980 συγκρού-
1755 927 1800 964 10

250 1009 331 1044 σας
362 988 569 1035 ἐπανιόντι
600 991 706 1049 πρὸς
741 994 794 1048 τῇ
817 988 1062 1049 Καρχηδόνι
1096 998 1242 1049 κρατεῖ
1266 996 1342 1049 τῆς
1377 990 1518 1050 μάχης
1541 998 1744 1038 τοσοῦτον

249 1062 356 1108 ὥστε
388 1068 530 1120 φυγεῖν
560 1061 634 1106 τὸν
657 1061 851 1116 Ἀννίβαν
870 1063 939 1104 καὶ
958 1060 1065 1119 πρὸς
1086 1061 1159 1105 τὸν
1179 1063 1389 1113 Βιθυνίας
1407 1063 1545 1107 ἐλθεῖν
1565 1064 1743 1120 βασιλέα

89 1137 136 1174 V.
158 1139 230 1176 228
255 1135 312 1185 εἷς
349 1132 572 1191 Προυσίαν
605 1128 851 1188 αἲδοῦμενον
876 1133 1208 1189 Καρχηδονίους.
1262 1130 1356 1177 τότε
1383 1135 1452 1177 καὶ
1483 1131 1744 1192 Καρχηδόνα

243 1202 462 1261 Ῥωμαίοις
477 1201 499 1247 ὅ
517 1202 645 1253 αὐτὸς
656 1201 906 1261 Ἀφρικανὸς
918 1204 1100 1246 Σκιπίων
1113 1204 1348 1260 ἐπικληθεὶς
1366 1201 1447 1248 ὑπὸ
1467 1208 1543 1261 τῆς
1564 1202 1743 1262 συγκλή-

89 1280 131 1317 Ρ.
154 1282 226 1319 286
247 1293 322 1320 του
361 1277 521 1330 βουλῆς
562 1272 632 1316 διὰ
670 1272 719 1317 τὸ
759 1275 1003 1334 τηλικοῇτον
1046 1271 1309 1332 κατόρθωμα
1346 1272 1640 1334 παρεστήσατο
1671 1276 1742 1319 καὶ
1755 1282 1799 1320 15

243 1346 461 1404 θρίαμβον
479 1344 523 1387 ἐν
535 1341 674 1402 Ῥώμῃ
693 1341 911 1400 κατήγαγε.

279 1416 439 1475 Συρίας
473 1412 506 1468 ζ’
537 1414 778 1470 ἐβασίλευσε
810 1414 1011 1464 Σέλευκος
1037 1413 1178 1472 τρίτος
1200 1412 1291 1465 υἱὸς
1313 1411 1445 1458 αὐτοῦ
1468 1411 1540 1472 ἴτη
1558 1411 1617 1471 ιβ’
1619 1449 1630 1460 .
1668 1408 1745 1459 οὗ-

380 1502 455 1537 τος
486 1486 554 1528 καὶ
586 1481 841 1543 Φιλοπάτωρ
859 1484 1030 1542 ἐλέγετο.
1074 1488 1149 1528 τοῦ
1169 1484 1215 1527 δὲ
1232 1482 1391 1540 κόσμου
1411 1479 1464 1542 ἦν
1485 1483 1577 1536 ἴτος
1598 1481 1740 1546 ,⁶⁶¹⁷n'·

277 1557 438 1617 Συρίας
455 1552 496 1612 η’
516 1555 783 1609 ἐβασίλευσεν
796 1555 1008 1612 Ἀντίοχος
1028 1551 1292 1614 ὅἘπιφανὴς
1313 1554 1384 1613 ἔτη
1405 1553 1476 1600 ια’.
1511 1560 1588 1600 τοῦ
1605 1556 1651 1600 δὲ
1669 1553 1744 1601 κό-

384 1642 494 1683 σμου
515 1621 568 1683 ἦν
590 1625 683 1677 ἔτος
701 1623 799 1687 ‘sust
1750 1634 1800 1673 20

335 1694 587 1754 Ἀντίοχοςὸ
608 1696 839 1756 Ἐπιφανὴς
857 1695 1018 1756 Συρίας
1035 1692 1269 1751 βασιλεύων
1287 1695 1553 1756 πρῶτονμὲν
1572 1698 1742 1740 Πτολε-

335 1821 371 1858 1.
398 1816 441 1863 ὃς
458 1817 535 1858 ὑπὸ
550 1816 759 1867 Ῥωμαίους
782 1818 902 1855 addidi
921 1831 965 1854 ex
985 1819 1028 1856 B.
1150 1817 1184 1855 4.
1219 1819 1396 1863 ἰσπανίας
1418 1819 1461 1855 Β.
1494 1817 1671 1860 Σπανίας
1689 1819 1740 1856 G.

416 1871 450 1906 7.
474 1866 609 1906 λοιπὸν
626 1870 670 1904 Β.
693 1866 820 1917 λαβών
838 1867 901 1903 καὶ.
913 1867 962 1902 G.
1066 1868 1100 1904 8.
1125 1866 1242 1913 Vulgo
1260 1865 1388 1915 Λιβύϊ.
1483 1869 1539 1903 10.
1560 1863 1741 1913 συγκρού-

337 1926 414 2000 ἓριλςε
416 1917 608 2007 1Ξςῖἶῖκὲφῗτηείοτιν
632 1917 681 1952 G.
795 1917 853 1952 12.
876 1913 972 1963 πρὸς
992 1911 1061 1953 τὸν
1078 1916 1145 1962 τῆς
1168 1915 1216 1950 G.
1328 1915 1387 1952 17.
1409 1912 1641 1963 ἐβασίλευσε]
1667 1915 1739 1962 βα-

242 2067 306 2103 lite
332 2067 480 2115 quodam
503 2070 644 2115 praeter
669 2068 827 2104 Marcelli
853 2067 1084 2103 Romanorum
1112 2066 1211 2102 ducis
1234 2069 1382 2102 mentem
1409 2065 1631 2102 interficitur.
1677 2064 1740 2100 Si-

243 2115 326 2150 cilia
344 2115 518 2151 debellata
529 2141 540 2160 ,
564 2116 734 2152 victoriae
748 2115 900 2162 insignia
915 2115 1105 2151 Marcellus
1122 2115 1309 2161 assumpsit
1330 2119 1367 2150 et
1380 2115 1511 2150 Romae
1528 2112 1739 2159 triumphum

242 2174 263 2198 e
289 2161 329 2197 it.

265 2174 288 2208 g
336 2208 568 2244 Romanorum
601 2213 714 2245 autem
742 2209 889 2245 ducibus
920 2208 1076 2255 plurimis
1108 2220 1184 2243 cum
1212 2207 1381 2243 Annibale
1408 2210 1480 2242 tum
1507 2207 1738 2253 Carthagine,

239 2259 314 2291 tum
335 2255 372 2290 in
391 2256 572 2302 Hispaniis
593 2262 800 2303 potestatem
828 2261 1012 2292 exercente
1041 2255 1313 2302 praeliantibus,
1338 2265 1420 2296 nec,
1452 2258 1492 2289 ut
1510 2266 1589 2289 eum
1605 2260 1739 2290 attere-

238 2306 340 2346 rent,
367 2303 557 2346 assecutis,
577 2305 711 2339 demum
734 2304 854 2350 Scipio
879 2304 1066 2339 Africanus
1097 2302 1214 2337 consul
1242 2305 1438 2348 assumptus
1466 2313 1580 2337 rerum
1606 2313 1737 2337 summa

239 2349 308 2386 sibi
324 2349 457 2385 tradita
469 2375 480 2393 ‚
505 2355 541 2385 et
558 2351 651 2386 circa
666 2351 907 2398 Olympiadem
929 2349 995 2387 145
1016 2354 1124 2385 totam
1140 2349 1275 2384 Italiam
1292 2350 1503 2395 gubernans,
1529 2361 1604 2384 cum
1621 2350 1736 2384 classe

238 2397 387 2433 maxima
405 2397 652 2443 Carthaginem
670 2398 782 2444 petit,
807 2402 844 2433 et
861 2398 995 2444 Libyae
1017 2396 1086 2432 oris
1106 2408 1245 2444 quaqua
1267 2408 1392 2431 versus
1417 2397 1513 2432 ferro
1542 2395 1735 2432 devastatis

241 2444 564 2491 Carthaginensium
591 2446 813 2491 magistratus
840 2449 880 2480 ut
904 2444 1105 2480 Annibalem
1137 2455 1180 2479 ex
1206 2443 1309 2479 Italia
1339 2447 1570 2487 revocarent,
1595 2443 1735 2488 coegit.

239 2492 328 2527 Cum
357 2503 399 2527 eo
419 2491 665 2538 Carthaginem
691 2504 830 2528 reverso
858 2504 1065 2538 congressus
1087 2490 1207 2538 Scipio
1228 2491 1292 2527 tali
1316 2491 1466 2526 victoria
1495 2491 1655 2538 superior
1677 2491 1734 2525 ef-

237 2539 355 2575 fectus
374 2543 449 2582 est,
472 2544 512 2574 ut
532 2540 619 2585 fuga
644 2552 684 2574 se
709 2539 890 2575 damnaret
906 2540 1054 2575 Annibal
1081 2539 1159 2586 ipse
1187 2543 1224 2574 et
1251 2538 1578 2585 Carthaginensium
1606 2537 1736 2584 adspe-

239 2591 334 2622 ctum
351 2587 485 2622 veritus
505 2587 660 2622 Prusiam
681 2587 726 2621 ad
746 2587 933 2634 Bithyniae
949 2599 1067 2633 regem
1083 2600 1121 2622 se
1143 2587 1330 2623 conferret.
1375 2586 1498 2633 Scipio
1522 2585 1662 2620 tandem
1689 2585 1734 2620 ab

238 2634 362 2669 Africa
390 2633 531 2669 devicta
554 2634 738 2669 Africanus
768 2646 811 2669 ex
837 2638 979 2670 senatus
1008 2634 1162 2670 consulto
1190 2634 1305 2670 dictus
1334 2632 1583 2678 Carthaginem
1607 2633 1737 2667 Roma-

237 2691 304 2763 ziae
329 2681 452 2716 ditioni
478 2681 609 2717 adiecit
633 2685 671 2717 et
698 2682 805 2717 rebus
833 2682 921 2718 adeo
950 2682 1105 2718 feliciter
1133 2682 1243 2729 gestis
1267 2682 1398 2717 Romae
1430 2680 1643 2727 triumphum
1670 2679 1735 2715 ob-

255 2727 356 2763 inuit.

285 2775 414 2822 Syriae
429 2787 494 2812 rex
515 2778 539 2815 7
556 2776 724 2813 Seleucus
740 2775 888 2820 tertius,
911 2777 1049 2813 Seleuci
1072 2777 1212 2814 maioris
1241 2777 1334 2814 filius
1346 2802 1358 2822 ‚
1390 2776 1452 2824 qui
1472 2779 1510 2812 et
1530 2776 1736 2823 Philopator

355 2828 523 2868 vocatus,
546 2824 646 2874 annis
668 2826 734 2868 12,
760 2824 876 2859 mundi
894 2837 977 2860 vero
998 2828 1103 2862 5298.

284 2868 414 2917 Syriae
435 2882 499 2907 rex
518 2873 540 2909 8
561 2872 751 2907 Antiochus
766 2871 919 2908 Illustris
942 2873 1040 2908 annis
1060 2876 1126 2917 11,
1152 2873 1269 2909 mundi
1288 2884 1373 2908 vero
1392 2874 1499 2911 5310.

332 2918 524 2956 Antiochus
537 2919 691 2956 Illustris
707 2919 753 2956 ad
771 2919 898 2967 Syriae
914 2921 1074 2957 thronum
1095 2927 1249 2965 evectus,
1273 2921 1506 2958 Ptolemaeum
1526 2919 1735 2969 Philopato-
