1800 3236
250 162 355 212 432
623 157 625 159 ’
716 169 970 217 GEoRGn
998 169 1285 217 SYNCELLI

293 280 306 298 s
364 279 377 297 s
462 278 477 297 ⁵
517 279 530 298 s
568 283 571 286 ·
632 280 644 299 ς
700 280 718 323 ιι
790 280 804 297 ³
871 280 885 299 x
931 280 957 298 ν
1097 281 1112 298 ³
1179 281 1192 299 x
1271 284 1282 299 ι
1313 282 1327 300 7
1375 279 1388 300 1
1423 268 1441 294 9
1619 283 1632 301 x

247 301 309 339 μη
328 299 406 339 την
426 298 558 338 αυτην
576 297 645 324 και
664 299 695 337 μ
716 299 768 325 αν
780 299 914 341 αρχην
931 300 1048 338 εχειν.
1087 286 1196 326 αλλα
1215 300 1283 326 και
1307 284 1510 335 επανοδος
1528 300 1636 328 κατα
1659 284 1754 327 δια-

247 350 410 410 φόρους
425 351 562 409 γέγονε
579 349 772 410 χρόνους.
811 354 879 396 καὶ
895 352 978 410 χρὴ
997 352 1162 396 κάκεῖνα
1180 355 1497 411 συλλογίζεσθαι
1514 353 1615 405 τοὺς
1635 354 1754 412 ἀκρι-

208 425 240 461 C
249 427 340 479 βῶς
358 420 659 478 ἐπιβάλλοντας
676 423 744 465 καὶ
764 421 823 478 μὴ
842 420 1065 477 βιάζεσθαι
1084 423 1190 479 μήτε
1208 423 1284 475 τὰς
1302 424 1509 483 γραφικοὶς
1522 422 1756 482 ἀποφάσεις

243 491 351 550 μήτε
376 492 460 543 ’τὰς
479 491 650 542 ἐθνικὰς
677 485 1034 551 χρονοκρατορίας
1065 493 1171 552 πρὸς
1186 493 1260 537 τὸν
1279 494 1385 538 ἴδιον
1405 492 1575 539 σκοπόν.
1614 495 1755 538 ἐντεῦ-

243 568 325 607 θεν
355 562 434 620 γὰρ
465 560 491 619 ἢ
525 561 659 619 πολλὴ
693 564 903 620 διαφωνία
931 565 1083 621 γίνεται
1111 565 1179 607 καὶ
1212 564 1348 621 γ’ἐγονε
1367 572 1457 616 τοῖς
1474 569 1644 616 πολλοῖς
1668 569 1783 609 τῶν5

247 634 492 691 ἱστορικῶν,
532 630 639 676 ὥστε
680 632 828 688 σχεδὸν
860 631 936 677 δύο
966 634 1026 691 μὴ
1057 632 1255 692 εὑρίσκειν
1285 632 1399 692 ἡμᾶς
1426 635 1524 686 τούς
1553 636 1596 679 ἓν
1627 639 1755 678 πᾶσιν

246 702 586 762 ὃμοφωνοῦντας.
627 701 729 746 ὅθεν
749 705 819 746 καὶ
839 704 1004 761 σπουδὴ
1027 707 1186 762 γε’γονεν
1207 702 1307 761 ἡμῖν
1330 705 1438 749 κατὰ
1463 703 1640 761 δύναμιν
1662 712 1755 756 ταῖς

242 775 382 825 θείαις
401 771 604 832 πρότερον
624 774 954 825 ἓξακολουθοῦσι
974 782 1172 834 γραφαῖς,
1213 774 1352 819 ἔπειτα
1373 776 1418 819 δὲ
1440 779 1509 819 καὶ
1527 783 1614 828 τοῖς
1634 776 1755 834 ἄκρι-

245 849 335 901 βῶς
365 862 406 888 τι
437 842 629 902 γράψασι
663 843 736 887 τὸν
758 846 852 903 περὶ
871 843 1033 889 τούτων
1054 843 1178 903 λόγον
1200 843 1561 902 ὖποσημήνασθαι
1571 880 1585 900 ,
1630 848 1665 890 εἴ
1686 847 1755 889 καὶ

247 917 292 959 ἓν
315 914 458 965 ἄλλοις
478 932 518 957 τι
539 912 785 973 διῆμαρτον.
824 916 962 972 ἐπειδὴ
988 917 1033 959 δὲ
1059 916 1112 960 τὰ
1133 916 1340 960 καθολικὰ
1359 921 1444 960 τῶν
1466 917 1754 974 μερικωτέρων
1769 926 1800 963 1(

246 983 634 1044 προλαμβανόμενα
674 986 936 1043 σαφεστέραν
974 986 1053 1042 ἔχει
1089 986 1165 1043 τὴν
1193 985 1429 1042 ἀπόδειξιν,
1467 985 1493 1044 ἡ
1524 988 1570 1031 δὲ
1602 992 1685 1030 τῶν
1717 984 1753 1030 o'

248 1056 354 1100 ἐτῶν
385 1059 462 1111 τῆς
485 1057 772 1111 αἰχμαλωσίας
803 1061 879 1100 τοῦ
897 1054 1036 1100 Ἰούδα
1056 1055 1202 1115 μερική
1224 1075 1287 1108 τις
1311 1053 1418 1101 οὖσα
1438 1057 1543 1116 πρὸς
1567 1058 1644 1114 τὴν
1670 1061 1754 1100 τῶν

249 1124 306 1181 ιβ’
343 1129 489 1184 φυλῶν
521 1123 746 1182 ἀνάκλησις
777 1128 884 1181 ,ποτὲ
912 1128 989 1182 μὲν
1025 1132 1083 1187 τῷ
1115 1125 1268 1187 πρώτῳ
1303 1127 1380 1171 ἔτει
1418 1127 1566 1185 Κύρου
1594 1129 1754 1185 λέγεται

206 1197 466 1255 Βγενὲσθαι,
506 1197 607 1240 ποτὲ
627 1197 672 1250 δὲ
693 1201 751 1256 τῷ
773 1197 951 1257 δευτέρῳ
973 1197 1052 1241 ἔτει
1080 1199 1265 1252 Δαρείου
1295 1203 1370 1241 τοῦ
1392 1196 1634 1242 εΥστοὶσπου
1644 1232 1658 1252 ,
1697 1195 1755 1248 ὥς

247 1269 396 1326 ἐφεξῆς
408 1266 485 1317 τὰς
506 1266 563 1310 δι’
577 1265 772 1324 Ἱερεμίου
794 1271 869 1311 τοῦ
891 1267 1112 1326 προφήτου
1136 1270 1257 1319 θείας
1276 1270 1559 1325 ἔξενεχθείσας
1583 1266 1755 1326 ἀποφά-
1767 1281 1800 1318 15

247 1355 332 1388 σεις
360 1338 547 1392 δείξομεν
574 1335 902 1396 μαρτυρούσας,
943 1338 1026 1382 ἀπὸ
1062 1340 1184 1382 ποιόυ
1210 1338 1367 1397 χρόνου
1403 1338 1636 1397 ἀρξάμεναί
1665 1355 1755 1390 πως

244 1408 310 1451 ἐπὶ
341 1406 390 1451 τὸ
427 1411 596 1465 πρῶτον
623 1407 716 1458 ἔτος
747 1406 895 1466 Κύρου
925 1409 999 1453 τὸν
1021 1407 1384 1467 ἕβδομηκονταετῆ
1406 1408 1633 1467 συνάγουσι
1647 1406 1755 1467 χρό-

244 1496 332 1532 νον,
371 1477 446 1521 τόν
466 1479 511 1521 δὲ
530 1478 636 1521 καθ’
662 1477 761 1522 ὅλου
783 1480 882 1538 περί
895 1497 939 1523 τε
960 1484 1044 1524 τῶν
1067 1481 1109 1523 ἐν
1130 1482 1351 1541 Σαμαρείᾳ
1375 1480 1474 1524 δέκα
1493 1485 1568 1524 τοῦ
1584 1479 1755 1538 Ἰσραὴλ

1607 1555 1627 1564 -o

244 1547 476 1606 λεγομένων
511 1552 658 1607 φυλῶν
685 1548 806 1607 λόγον
829 1551 898 1593 καὶ
918 1553 1009 1609 περὶ
1029 1555 1114 1594 τῶν
1134 1551 1175 1594 ἓν
1189 1548 1464 1608 Ἰερουσαλὴμ
1485 1549 1529 1607 β’
1550 1569 1626 1595 του
1648 1548 1756 1594 Ἰού-

243 1621 300 1663 δα
336 1620 405 1663 καὶ
439 1618 581 1664 αὐτῶν
610 1620 906 1679 ἐπιλεγομένων
926 1626 1001 1678 τῆς
1021 1623 1308 1678 αῗχμαλωσίας
1330 1623 1494 1679 καὶτῆς
1515 1619 1753 1678 ποσότητος
1763 1635 1800 1672 2(

336 1755 374 1792 3.
398 1751 490 1802 μήτε
507 1775 553 1781 --
576 1738 683 1801 ιῖἦτε]
709 1753 806 1802 μηδὲ
821 1776 869 1785 --
883 1753 980 1804 μηδὲ
1006 1757 1053 1792 G.
1154 1757 1190 1793 7.
1215 1753 1307 1803 ἡμῖν
1330 1768 1396 1793 om.
1420 1756 1468 1791 G.
1576 1757 1632 1794 13.
1657 1753 1754 1792 οἰνά-

337 1806 466 1849 κλησις
492 1803 533 1839 Β.
560 1801 765 1851 ἀνάκλησιν
788 1805 835 1841 G.
959 1806 1031 1841 τοῦ
1051 1802 1182 1850 Κύρου
1204 1806 1251 1840 G.
1380 1805 1437 1844 15.
1456 1800 1651 1852 Ἰερεμίου]
1676 1802 1755 1851 ἐρε-

336 1852 429 1897 μίου
455 1851 499 1887 Α.
522 1849 684 1899 Ιεζεκιὴλ
705 1864 750 1890 m.
878 1853 936 1890 16.
972 1853 1151 1900 δείξωμεν
1173 1853 1218 1889 Β.

248 1967 315 2002 est.
360 1966 442 2002 Non
460 1979 550 2002 unus
572 1968 678 2004 etiam
704 1968 772 2005 fuit
796 1982 816 2005 e
845 1971 916 2004 tam
942 1968 1092 2005 diversis
1120 1968 1253 2004 exsiliis
1282 1980 1486 2016 regressus,
1511 1967 1574 2015 qui
1602 1967 1754 2003 diversis

248 2014 463 2060 temporibus
481 2014 622 2050 licuisse
640 2017 869 2063 dignoscitur.
914 2017 1212 2053 Illorumiidcirco
1242 2017 1410 2053 rationem
1440 2020 1606 2051 accurate
1630 2027 1755 2061 perce-

248 2061 345 2108 pisse
365 2067 402 2096 et
424 2062 469 2096 ad
489 2061 637 2098 invicem
664 2076 887 2110 comparasse
908 2064 1011 2100 decet
1031 2076 1091 2100 eos
1104 2090 1114 2107 ‚
1140 2065 1201 2110 qui
1223 2076 1310 2111 opus
1330 2063 1528 2099 chronicum
1552 2063 1754 2105 instituunt,

249 2120 316 2143 nec
332 2109 376 2144 ad
395 2109 572 2155 proprium
595 2123 737 2156 scopum
769 2124 890 2147 sacrae
914 2113 1109 2158 scripturae
1136 2111 1348 2153 sententias,
1382 2111 1440 2146 vel
1467 2114 1570 2145 enata
1601 2110 1753 2144 diversis

248 2156 462 2202 temporibus
487 2157 668 2202 gentilium
690 2158 837 2205 imperia
863 2159 919 2194 vel
949 2159 1166 2204 respublicas
1192 2159 1414 2203 detorquere.
1463 2158 1557 2192 Hinc
1582 2161 1652 2191 tam
1679 2157 1754 2191 fre-

249 2213 356 2248 quens
376 2204 468 2238 inter
496 2209 659 2239 auctores
687 2206 887 2248 dissensus,
911 2206 991 2240 hinc
1018 2205 1120 2239 etiam
1146 2206 1238 2239 inter
1259 2205 1513 2239 Historicorum
1540 2203 1752 2239 vetustiores

247 2249 444 2293 discordia,
469 2256 509 2285 ut
525 2252 583 2285 vix
601 2251 689 2286 duos
709 2253 745 2287 in
761 2252 917 2287 omnibus
934 2253 1026 2287 inter
1047 2264 1085 2286 se
1103 2251 1362 2287 consentientes
1381 2251 1554 2298 reperias,
1603 2252 1659 2286 Ex
1682 2262 1751 2296 quo

247 2297 394 2332 subinde
420 2298 591 2343 contigit,
616 2304 656 2333 ut
675 2300 735 2345 qui
766 2311 830 2345 pro
859 2300 992 2335 viribus
1025 2299 1217 2333 divinarum
1251 2303 1397 2334 mentem
1425 2298 1596 2345 quondam
1626 2298 1752 2333 sectati

246 2349 328 2379 sunt
353 2344 624 2390 scripturarum,
649 2346 705 2380 vel
725 2346 786 2392 qui
807 2346 972 2392 deinceps
994 2346 1149 2381 accurati
1170 2346 1316 2381 alicuius
1340 2346 1458 2393 operis
1485 2358 1563 2381 sese
1591 2350 1753 2381 auctores

247 2391 452 2434 exhibuere,
477 2392 560 2426 licet
576 2393 611 2427 in
633 2393 710 2427 aliis
728 2393 883 2428 nonnihil
902 2393 1137 2440 peccaverint,
1163 2406 1262 2429 omne
1278 2398 1394 2428 tamen
1414 2393 1564 2428 studium
1582 2392 1753 2428 adhibue-

244 2443 349 2481 runt,
374 2450 418 2473 ne
436 2438 554 2485 aliqua
567 2441 733 2486 temporis
755 2440 844 2475 ratio
869 2453 928 2476 eos
949 2441 1086 2476 lateret.
1137 2441 1266 2475 Verum
1289 2440 1378 2476 enim
1395 2452 1480 2476 vero
1503 2452 1580 2475 cum
1600 2452 1656 2475 res
1673 2439 1752 2473 uni-

246 2486 375 2521 versim
395 2486 636 2522 consideratae
667 2499 707 2522 ac
729 2487 876 2534 privatis
904 2487 1086 2534 quibusvis
1119 2487 1331 2534 praemissae
1352 2488 1590 2523 dilucidiorem
1611 2487 1753 2533 pariant

248 2533 501 2579 cognitionem3
526 2534 750 2581 septuaginta
767 2547 851 2570 vero
870 2535 1034 2570 Iudaicae
1051 2536 1250 2582 captivitati
1269 2547 1434 2570 annorum
1451 2546 1526 2570 cum
1545 2535 1592 2569 sit
1612 2534 1753 2580 privata

247 2580 430 2624 discussio,
455 2580 485 2616 si
506 2581 650 2617 maxime
669 2582 713 2616 ad
734 2582 915 2618 duodecim
934 2582 1083 2618 tribuum
1104 2587 1302 2628 reparatam
1324 2582 1519 2617 libertatern
1536 2582 1752 2622 conferatur,

246 2626 403 2675 haecque
421 2640 665 2675 nonnunquam
685 2641 773 2665 anno
796 2629 883 2676 Cyri
912 2630 1021 2676 primo
1036 2656 1046 2672 ‚
1070 2630 1254 2676 aliquando
1271 2629 1372 2664 Darii
1394 2629 1457 2664 filii
1475 2629 1666 2675 Hystaspis
1693 2640 1752 2663 se-

246 2676 358 2711 cundo
379 2687 543 2711 concessa
569 2681 749 2720 narratur,
775 2680 881 2723 prout
907 2677 941 2712 in
966 2678 1193 2723 sequentibus
1221 2677 1357 2711 divinas
1375 2676 1552 2711 Ezecielis
1583 2688 1645 2711 ore
1670 2687 1751 2710 sen-

245 2724 378 2759 tentias
397 2724 522 2758 testari
549 2723 879 2765 demonstrabimus3
909 2737 929 2759 a
949 2736 1017 2770 quo
1045 2725 1216 2770 temporis
1235 2730 1401 2759 momento
1426 2728 1677 2770 septuagenum
1696 2722 1752 2756 in-

244 2770 428 2806 tervallum
448 2770 492 2805 ad
508 2782 631 2806 annum
647 2772 734 2817 Cyri
748 2771 891 2818 primum
912 2772 1097 2817 colligant;
1117 2783 1158 2806 ac
1177 2772 1214 2806 in
1235 2772 1445 2813 universum,
1464 2782 1553 2817 quae
1570 2769 1615 2804 de
1629 2770 1749 2804 decem

246 2815 436 2853 Samariam
470 2817 702 2854 incolentibus
729 2818 839 2854 lsrael
869 2819 1118 2863 cognominatis
1148 2818 1330 2859 tribubus,
1362 2818 1479 2864 deque
1504 2817 1638 2852 duabus
1668 2815 1749 2851 aliis

246 2863 467 2900 Hierusalem
487 2867 756 2912 occupantibus,
790 2871 827 2900 et
859 2877 880 2900 a
907 2866 1114 2911 captivitate
1140 2865 1273 2911 pariter
1299 2876 1422 2900 nomen
1451 2864 1610 2906 sortitis,
1635 2863 1750 2909 deque

246 2910 456 2949 calamitatis
472 2924 592 2950 earum
612 2912 846 2950 diuturnitate
863 2911 911 2949 sit
929 2912 1020 2949 ratio
1046 2913 1228 2961 ponenda,
1261 2911 1442 2960 operosius
1470 2910 1749 2958 investigandum
