1800 3236
256 152 362 206 538
715 162 968 210 GEORGII
995 163 1282 212 SYNCELLI

258 279 426 321 λευσαν.
465 272 531 320 διὸ
558 275 629 319 καὶ
647 271 845 334 σύγχυσις
864 276 1000 335 γέγονε
1018 278 1112 336 περὶ
1130 276 1232 329 τοὺς
1245 273 1426 338 χρὸνους
1445 276 1599 325 αὐτῶν.
1635 283 1754 339 πρῶ-

96 354 142 391 V.
164 355 236 393 226
259 364 333 398 τος
359 345 440 406 γὰρ
468 343 491 390 ὃ
528 344 782 406 Φιλομήτωρ
807 345 938 403 μόνος
957 344 1013 390 ια’
1036 346 1108 405 ἔτη
1130 349 1395 404 ἐβασίλευσεν
1402 383 1417 405 ,
1456 347 1545 395 εἶτα
1562 348 1644 395 ὐπὸ
1660 350 1755 395 Ἀν-

257 415 400 474 τιόχου
445 414 654 473 ἐξεβλήθη
691 414 1092 476 ἐπιστρατεύσαντος
1128 418 1230 463 κατ’
1267 419 1398 464 αὐτοῦ
1430 423 1489 472 εἰς
1515 421 1749 479 Ai'yvmov,

258 489 328 532 καὶ
345 484 574 546 ἀφελόντος
596 486 726 531 αὐτοῦ
749 487 799 532 τὸ
822 485 1024 545 διάδημα,
1053 496 1200 546 κρατεῖ·
1211 494 1296 534 τῶν
1309 489 1567 550 πραγμάτων
1584 495 1753 535 Πτολε-

221 566 387 616 Ομαΐος
419 555 440 602 ὁ
472 557 704 616 Εὐεργέτης
735 556 756 602 ὃ
788 555 986 617 νεώτερος
1001 558 1183 617 ἀδελφὸς
1199 564 1275 604 τοῦ
1297 559 1590 618 Φιλομήτορος
1607 558 1781 620 γνώμῃδ

257 634 344 674 τῶν
366 628 684 687 Ἀλεξανδρέων.
723 626 913 673 διώκεται
936 629 982 672 δὲ
1009 630 1080 672 καὶ
1101 628 1334 687 Ἀντίοχος,
1372 631 1667 691 λυτρωθὲντος
1684 633 1755 675 καὶ

256 704 334 745 τοῦ
365 696 683 758 Φιλομήτορος,
720 700 790 744 καὶ
822 696 1117 756 βασιλεύουσιν
1147 700 1188 744 οἱ
1217 699 1293 745 δύο
1325 701 1408 747 ἀπὸ
1440 707 1516 747 τοῦ
1547 700 1603 759 ιβ’
1635 700 1755 754 ἔτους

257 770 337 822 ἕως
364 774 441 814 τοῦ
463 766 527 820 ιζ’.
564 768 837 829 ἐχρημάτισεν
867 766 942 815 οὐν
958 770 1074 829 παρὰ
1090 770 1402 831 Ἀλεξανδρεῦσι
1417 778 1477 834 τῷ
1498 771 1555 829 ιβ’
1574 777 1651 817 τοῦ
1672 776 1754 817 Φι-

256 838 494 900 λομήτορος
529 838 609 884 ξ’τει
650 845 821 899 πρῶτον
847 840 940 893 ἔτος
972 845 1050 886 τοῦ
1089 841 1344 900 Εὐεργέτου,
1381 845 1453 887 καὶ
1481 844 1755 900 ἐβασίλευσαν

258 912 299 956 οἱ
318 910 394 955 δύο
420 913 463 955 ἐν
483 909 656 973 ὁμονοία
675 911 759 956 ἀπὸ
776 909 929 956 τούτου
951 916 1026 956 τοῦ
1050 909 1106 968 ιβ’
1127 911 1244 964 ἔτους
1263 918 1340 957 τοῦ
1366 912 1660 972 Φιλομήτορος
1678 914 1754 965 ἕως
1765 923 1800 960 1(

254 986 332 1027 τοῦ
357 979 407 1036 ιζ’
432 981 551 1033 ἔτους
575 982 722 1037 αὐτοῦ,
751 980 785 1034 ς’
807 983 853 1026 δὲ
872 987 947 1027 τοῦ
967 982 1212 1041 Εὐεργέτου.
1251 985 1319 1027 καὶ
1340 982 1464 1029 πάλιν
1484 982 1756 1038 στασιάζουσι

255 1052 354 1097 κατ’
404 1050 597 1109 ἀλλήλων
605 1086 619 1107 ,
656 1054 726 1097 καὶ
760 1054 1004 1111 χρηματίζει
1050 1052 1131 1097 ἀπὸ
1165 1058 1241 1098 τοῦ
1266 1052 1322 1111 ιη’
1354 1054 1473 1107 ἔτους
1507 1053 1640 1111 μόνου
1678 1058 1754 1098 τοῦ

259 1121 554 1181 Φιλομήτορος
573 1121 714 1180 ‘tium'
740 1124 959 1181 Αἴγυπτον
982 1122 1106 1181 ἀρχὴ,
1142 1123 1529 1183 παραχωρήσαντος
1549 1130 1609 1186 τῷ
1631 1124 1757 1169 ἀδελ-

258 1198 326 1254 φῷ
354 1193 432 1250 τὴν
462 1192 637 1251 Λιβύης
669 1195 737 1237 καὶ
755 1191 956 1252 Κυρήνης
978 1193 1111 1251 ἀρχὴν
1128 1194 1234 1250 μετὰ
1253 1195 1330 1251 τὴν
1352 1196 1394 1239 ἓν
1412 1193 1578 1256 Κύπρῳ
1597 1193 1752 1252 μάχην,

219 1264 371 1312 Βκαθ’
390 1262 443 1320 ἢν
463 1265 717 1315 ἐλαττωθεὶς
739 1262 761 1308 ὃ
780 1261 979 1322 νεώτερος
999 1267 1266 1320 Πτολεμαῖος
1286 1264 1479 1322 ἀβλαβὴς
1501 1264 1644 1322 ἔμεινε,
1681 1283 1754 1324 φι-
1765 1276 1800 1313 1ξ

256 1332 524 1391 λανθρώπως
565 1333 681 1394 αὐτῷ
713 1334 983 1392 χρησαμένου
1014 1338 1090 1378 τοῦ
1120 1336 1405 1394 πρεσβυτέρου
1437 1337 1507 1379 καὶ
1531 1335 1590 1392 μὴ
1623 1333 1754 1392 μόνον

255 1405 334 1462 τὴν
366 1404 583 1462 εἰρημένην
609 1403 924 1463 ἓγχωρήσαντος
947 1403 1062 1464 αὐτῷ
1082 1402 1255 1463 χώραν,
1293 1404 1402 1450 ἀλλὰ
1421 1407 1490 1449 καὶ
1510 1407 1627 1450 σίτου
1646 1410 1756 1463 πλῆ-

256 1480 341 1526 θος
369 1472 598 1531 λαμβάνειν
631 1474 729 1519 κατ’
763 1473 978 1529 ἐνιαυτὸν,
1015 1478 1142 1518 τοῦτο
1176 1475 1253 1530 μὲν
1287 1475 1358 1519 διὰ
1382 1474 1654 1534 χρηστότητα
1685 1478 1756 1520 καὶ

255 1545 491 1603 συγγένειαν
521 1545 726 1604 φυσικὴν,
762 1550 890 1589 τοῦτο
922 1545 992 1599 δὲ,
1032 1543 1089 1596 ὥς
1117 1562 1244 1603 φασι,
1283 1547 1352 1589 καὶ
1383 1546 1453 1590 διὰ
1473 1546 1548 1591 τὸν
1569 1546 1650 1590 ἀπὸ
1668 1551 1754 1591 τῶν

249 1615 466 1672 Ῥωμαίων
495 1612 633 1674 φόβον
661 1613 1051 1674 ὖπερασπιζομένων
1080 1614 1224 1660 αὐτοῦ.
1272 1623 1420 1675 κρατεῖ·
1446 1621 1547 1675 γοῦν
1575 1615 1597 1660 ὅ
1625 1616 1800 1669 abroget

257 1683 513 1744 Φιλομήτωρ
542 1685 650 1741 μετὰ
679 1685 727 1729 τὸ
762 1683 811 1739 ιζ’
838 1683 928 1737 ἔτος
960 1684 1068 1728 ἄλλα
1098 1685 1168 1743 ἔτη
1199 1682 1267 1742 ιη’.
1306 1680 1355 1730 οὗ
1378 1687 1486 1731 κατὰ
1497 1686 1573 1743 τὴν
1592 1688 1752 1746 Συρίαν

254 1754 576 1811 ἀποθανόντος,
615 1755 817 1814 ἐγκρατὴς
841 1755 920 1815 γὰρ
956 1757 1026 1800 καὶ
1055 1760 1142 1799 τῶν
1170 1757 1298 1800 ἐκεῖσε
1316 1756 1453 1815 γέγονε
1474 1755 1638 1812 τόπων,
1674 1775 1752 1814 με-

350 1870 384 1905 1.
406 1867 573 1914 πρῶτος]
594 1859 752 1914 ’πρῶτον
775 1868 824 1903 G.
939 1869 996 1905 12.
1029 1865 1168 1927 μόνου]
1200 1866 1322 1914 μόνον
1344 1869 1393 1905 G.
1489 1901 1500 1907 -
1514 1869 1571 1906 15.
1604 1871 1752 1905 Πτολε-

346 1919 460 1962 μαῖος
483 1927 548 1953 om.
573 1916 621 1951 G.
728 1916 785 1952 17.
809 1912 1086 1964 ἐγχωρήσαντος
1102 1917 1208 1964 αυτῷ
1225 1917 1268 1952 Β.
1287 1912 1393 1965 αὐτῷ
1411 1913 1688 1964 ἐγχωρήσαντος
1705 1918 1753 1952 A.

350 1960 456 2011 αὐτῷ
478 1962 785 2011 συγχωρήσαντος
809 1963 857 1998 G.

257 2060 512 2101 convenerunt3
535 2069 625 2104 quae
639 2057 732 2093 inter
758 2057 947 2104 scriptores
976 2055 1022 2093 de
1044 2055 1143 2093 annis
1165 2068 1283 2093 eorum
1309 2055 1518 2093 discriminis
1542 2056 1642 2104 origo
1669 2056 1749 2092 fuit.

256 2105 412 2141 Primum
428 2104 517 2140 enim
532 2105 746 2140 Philometor
760 2105 854 2140 solus
873 2104 972 2140 annis
988 2105 1148 2140 undecim
1166 2105 1352 2152 regnavit3
1376 2104 1505 2140 deinde
1517 2106 1562 2140 ab
1577 2104 1750 2139 Antiocho

257 2151 349 2187 bello
366 2154 562 2199 Aegyptum
580 2153 768 2199 impetente
786 2164 828 2188 ac
846 2152 947 2198 regni
967 2151 1127 2187 diadema
1152 2153 1334 2187 auferente
1358 2151 1490 2187 eiectus
1521 2156 1598 2194 est3
1629 2151 1751 2186 Ptole-

258 2210 377 2234 maeus
395 2205 509 2234 autem
526 2200 724 2245 Euergetes
746 2199 988 2235 Philometoris
1006 2199 1118 2234 frater
1136 2199 1252 2234 iunior
1270 2199 1314 2235 de
1327 2197 1639 2234 Alexandrinorum
1667 2210 1752 2233 con-

259 2245 339 2280 silio
354 2257 498 2291 regnum
516 2252 676 2293 occupat.
724 2246 958 2281 Philometore
977 2245 1125 2280 liberato
1139 2271 1150 2288 ,
1174 2246 1298 2281 cedere
1317 2245 1456 2291 cogitur
1470 2245 1660 2280 Antiochus
1671 2270 1683 2287 ‚
1708 2257 1751 2280 ac

259 2292 340 2340 pari
361 2304 529 2328 consensu
546 2305 688 2339 regnum
706 2299 854 2340 uterque
873 2293 1069 2328 moderatur
1089 2304 1112 2327 a
1131 2291 1334 2327 duodecimo
1359 2292 1406 2327 ad
1433 2303 1557 2327 annum
1583 2292 1751 2327 decimum

259 2338 456 2386 septimum.
501 2340 543 2375 In
572 2352 694 2375 annum
716 2340 826 2386 igitur
845 2338 1085 2374 Philometoris
1114 2340 1161 2375 12
1176 2337 1366 2385 Euergetis
1394 2339 1524 2385 primus
1553 2339 1648 2386 apud
1667 2339 1751 2374 Ale-

259 2385 447 2421 xandrinos
465 2385 655 2422 incurrisse
675 2387 866 2422 censendus
894 2390 968 2428 est3
995 2397 1103 2431 quare
1119 2385 1348 2421 concordibus
1379 2385 1500 2421 animis
1527 2387 1617 2422 alter
1647 2384 1751 2420 alteri

257 2432 359 2478 regni
385 2433 552 2478 collegam
576 2445 615 2468 se
643 2434 807 2480 praebuit
835 2445 857 2468 a
879 2432 1122 2468 Philometoris
1140 2434 1185 2469 12
1214 2434 1259 2468 ad
1279 2432 1433 2469 eiusdem
1456 2435 1521 2476 17,
1545 2434 1605 2479 qui
1633 2437 1751 2467 sextus

257 2480 327 2515 fuit
343 2479 532 2525 Euergetis
549 2491 668 2516 annus.
714 2480 879 2515 Discissis
899 2480 1026 2515 iterum
1044 2479 1168 2515 animis
1185 2484 1223 2515 et
1240 2480 1409 2515 fratribus
1440 2480 1530 2515 bello
1552 2480 1649 2515 civili
1673 2490 1752 2513 sese

258 2526 509 2562 lacessentibus
531 2538 553 2561 a
567 2527 814 2562 Philometoris
829 2527 998 2562 duntaxat
1019 2528 1064 2563 18
1085 2538 1191 2562 annos
1212 2526 1350 2574 imperii
1373 2527 1604 2562 numerandos
1628 2526 1753 2560 decre-

258 2578 384 2609 verunt
410 2572 595 2620 Aegyptii,
620 2585 696 2608 cum
726 2584 844 2620 pugna
871 2574 910 2609 in
929 2573 1049 2620 Cypro
1076 2574 1277 2617 commissa,
1299 2573 1416 2609 iunior
1439 2574 1584 2609 inferior
1598 2572 1751 2628 quidem,

256 2620 398 2656 illaesus
414 2625 530 2656 tamen
558 2621 695 2655 omuino
715 2620 879 2656 remansit
891 2646 902 2663 ‚
926 2621 1045 2656 senior
1068 2633 1151 2665 vero
1169 2621 1304 2668 Libyae
1322 2625 1358 2656 et
1372 2621 1532 2666 Cyrenes
1559 2620 1691 2655 ditione
1716 2618 1752 2653 ei

257 2679 427 2703 concessa
443 2667 688 2703 humanitatem
708 2668 745 2702 in
763 2679 838 2703 eum
853 2667 1010 2703 exercuit
1026 2680 1230 2715 supremam.
1278 2668 1472 2714 Regionem
1492 2667 1580 2702 euim
1600 2666 1656 2702 cui
1685 2665 1751 2700 do-

256 2715 449 2750 minaretur
466 2726 534 2750 non
550 2714 709 2762 permisit
726 2715 848 2759 modo,
869 2727 988 2750 verum
1005 2715 1110 2750 etiam
1134 2727 1282 2751 annuam
1305 2713 1468 2750 frumenti
1493 2725 1659 2749 annonam
1691 2723 1751 2747 as-

257 2761 431 2807 signavit;
456 2773 546 2808 quae
565 2761 690 2808 partim
710 2774 754 2796 ex
770 2761 892 2797 innata
912 2762 981 2796 sibi
1002 2762 1267 2797 mansuetudine
1283 2766 1321 2797 et
1338 2760 1593 2796 necessitudine
1607 2758 1753 2805 sangui-

258 2809 325 2850 nis,
351 2808 490 2856 partim,
515 2808 614 2844 aiunt
630 2808 801 2852 nonnulli,
819 2820 865 2844 ex
874 2809 1106 2844 Romanorum
1122 2809 1242 2845 fratris
1262 2809 1341 2844 iura
1355 2807 1525 2843 tuentium
1539 2811 1632 2842 metu
1651 2817 1753 2853 prae-

258 2855 362 2890 stitit.
409 2855 654 2891 Philometoris
668 2855 789 2902 itaque
804 2855 905 2902 regni
925 2867 1104 2898 mensura,
1128 2861 1209 2903 post
1225 2859 1430 2892 memoratos
1449 2856 1493 2891 17
1513 2865 1678 2890 annorum
1697 2856 1754 2888 est

257 2902 405 2939 aliorum
428 2905 495 2948 18,
518 2902 645 2952 quibus
671 2902 866 2951 imperavit.
913 2903 970 2940 Εο
988 2914 1073 2940 vero
1094 2903 1132 2939 in
1150 2903 1257 2952 Syria
1281 2903 1430 2940 obeunte
1447 2900 1603 2949 (Syriae
1620 2898 1754 2948 quippe
