1800 3236
218 172 323 224 580
681 176 935 223 GEOR-GII
959 174 1068 222 SYN
1075 175 1249 220 CELLI

242 280 497 345 Ἰωσήππου
537 283 587 330 ἐκ
625 285 708 329 τοῦ
747 280 806 339 ιδ’
842 279 982 340 λόγου
1019 283 1097 339 τῆς
1129 279 1443 340 ἀρχαιολογίας
1478 278 1582 338 περὶ
1617 281 1698 338 τῆς

532 362 535 366 ⁴
705 350 916 409 Ἡρώδου
945 346 1232 409 ἀσημότητος.

750 436 931 494 Κόσμον
954 435 1025 493 ἴτη
1046 433 1191 497 ,ευξθ’.

331 525 472 567 Τοῦτο
490 519 539 563 τὸ
558 515 701 570 πάθος
718 519 873 576 συνέβη
892 523 944 577 τῇ
957 516 1299 575 Ἱεροσολυμιτῶν
1318 512 1433 561 πόλει
1445 512 1728 567 ὑπατεύοντος

222 594 266 638 ἓν
292 589 430 650 Ῥώμῃ
463 587 650 647 Μάρκου
674 589 880 648 Ἀγρίππα
911 590 981 632 καὶ
1008 589 1227 632 Κανδίδου
1259 584 1426 630 Γάλλου
1459 588 1524 630 ἐπὶ
1542 591 1618 644 τῆς
1638 584 1756 645 ρπε’5

186 661 489 719 Βόλυμπιάδος
515 663 575 720 τῷ
605 660 734 720 τρίτῳ
762 660 863 716 μηνὶ
881 663 934 717 τῇ
968 655 1093 717 ἑορτῇ
1114 662 1190 715 τῆς
1211 658 1426 714 νηστείας,
1467 655 1524 708 ὥς
1545 658 1590 700 ἐκ
1612 674 1728 714 περι-

220 736 383 793 τροπῆς
413 735 491 788 τῆς
524 729 746 788 γενομένης
776 730 843 773 ἐπὶ
872 730 1103 785 Πομπηίου
1133 734 1223 779 τοῖς
1245 727 1464 778 Ἰουδαίοις
1487 731 1725 785 συμφορᾶς.

222 805 292 848 καὶ
319 801 400 861 γὰρ
433 799 513 844 ὕπ’
547 800 701 844 ἐκείνου
721 804 775 859 τῇ
794 799 901 858 αὐτῇ
932 797 1125 843 ἑάλωσαν
1143 796 1280 858 ἡμέρᾳ
1298 796 1405 853 μετὰ
1425 797 1495 854 ἔτη
1519 795 1593 851 κζ’.
1631 795 1728 842 Σώ-

222 890 313 924 σιος
350 873 396 916 δὲ
428 874 617 930 χρυσοῦν
649 871 910 927 ἀναθέμενος
944 873 1004 930 τῷ
1037 872 1127 928 θεῷ
1159 868 1369 926 στέφανον
1402 867 1607 921 ἀνέζευξεν
1643 866 1728 910 ἀπὸ

217 939 520 1002 Ἰεροσολύμων
553 940 787 999 Ἀντίγονον
830 940 943 997 ἄγων
986 935 1207 995 δεσμώτην
1235 938 1456 998 Ἀντωνίῳ.
1512 938 1652 988 δείσας
1680 937 1725 980 δ’
1742 950 1786 984 10

218 1011 413 1069 Ἡρώδης
432 1011 491 1068 μὴ
511 1012 745 1069 φυλαχθεὶς
764 1010 995 1067 Ἀντίγονος
1016 1007 1097 1052 ὕπὸ
1112 1008 1336 1053 Ἀντωνίου
1356 1012 1430 1052 τοῦ
1452 1008 1546 1064 υἱοῦ
1568 1009 1637 1052 καὶ
1656 1025 1730 1051 κο-

221 1085 391 1139 μισθεὶς
412 1083 469 1133 εἷς
481 1078 645 1137 Ῥώμην
666 1079 743 1124 ὑπ’
768 1081 899 1124 αὐτοῦ
919 1076 1298 1136 δικαιολογήσηται,
1319 1080 1388 1122 καὶ
1413 1078 1518 1137 πρὸς
1537 1077 1614 1135 τὴν
1628 1075 1730 1135 σύγ-

224 1159 378 1210 κλητον
413 1151 640 1203 ἐπιδεικνὺς
670 1151 799 1195 αὐτὸν
825 1151 901 1206 μὲν
932 1151 976 1194 ἐκ
1003 1150 1237 1205 βασιλέων,
1271 1147 1468 1208 “Ηρώδην
1492 1149 1538 1192 δὲ
1560 1146 1730 1204 ἰδιώτην

224 1223 253 1281 ἢ
283 1222 347 1268 ὅτι
371 1227 579 1281 προσῆκεν
615 1220 746 1265 αὐτοῦ
774 1217 1008 1277 βασιλεύειν
1035 1219 1135 1270 τοὺς
1163 1221 1343 1274 παῖδας,
1383 1218 1410 1275 ἢ
1435 1220 1503 1262 καὶ
1524 1218 1652 1270 αὐτὸς
1671 1220 1729 1268 εἷς

221 1293 454 1352 Ῥωμαίους
482 1289 701 1350 ἐξήμαρτε.
738 1295 876 1335 ταῦτα
909 1287 1173 1349 φοβούμενος
1202 1293 1372 1340 πολλοῖς
1387 1287 1576 1348 χρήμασι
1595 1291 1728 1332 πείθει
1743 1295 1787 1330 15

222 1364 297 1408 τόν
319 1360 537 1408 Ἀντώνιον
558 1363 713 1406 ἀνελεῖν
732 1361 805 1406 τὸν
817 1361 1064 1418 Ἀντίγονον.
1103 1353 1152 1403 οἷ)
1175 1360 1394 1417 γενομένου
1415 1363 1492 1403 τοῦ
1515 1360 1634 1410 δέους
1650 1360 1730 1414 μὲν

65 1438 109 1475 Ρ.
130 1438 204 1476 307
221 1425 418 1492 Ἱ-Ϊρώδης
457 1430 779 1477 ἀπαλλάττεται.
826 1429 1004 1475 παύεται
1033 1431 1079 1474 δὲ
1107 1428 1244 1481 οὕτως
1271 1428 1298 1487 ἦ
1335 1434 1412 1474 τοῦ
1436 1429 1729 1485 Ἀσαμωναίου

225 1503 336 1565 ἀρχὴ
358 1502 465 1559 μετὰ
486 1501 557 1559 ἔτη
579 1499 682 1561 ρκς’.
721 1500 833 1553 οἶκος
855 1501 1048 1559 λαμπρὸς
1066 1494 1191 1551 οἶτος
1206 1496 1258 1557 ἦν
1277 1502 1346 1544 καὶ
1366 1498 1572 1556 διάσημος
1589 1499 1731 1557 γένους

223 1593 269 1620 τε
304 1574 423 1626 ἕνεκα
450 1574 518 1616 καὶ
539 1578 615 1629 τῆς
649 1573 857 1632 ἱερατικῆς
885 1575 1030 1629 τιμῆς,
1069 1565 1127 1615 ὧν
1148 1569 1254 1629 ὑπὲρ
1272 1575 1349 1614 τοῦ
1369 1570 1522 1621 ἔθνους
1547 1570 1586 1614 οἶ
1600 1577 1731 1628 γονεῖς

225 1644 358 1689 αὐτοῦ
377 1639 666 1702 διεπράξαντο.
704 1642 805 1687 ἀλλ’
833 1636 950 1686 οὗτοι
969 1642 1046 1698 μὲν
1065 1641 1134 1684 διὰ
1164 1641 1241 1697 τὴν
1266 1641 1373 1699 πρὸς
1395 1639 1603 1696 ἀλλήλους
1623 1638 1728 1684 στά-
1739 1648 1788 1682 20

224 1731 291 1760 σιν
310 1714 386 1772 τὴν
414 1712 548 1773 ἀρχὴν
575 1713 801 1770 ἀπέβαλον.
831 1712 985 1770 μετέβη
1007 1712 1054 1756 δὲ
1079 1713 1136 1763 εἷς
1150 1709 1347 1770 Ἡρώδην
1366 1711 1438 1755 τὸν
1454 1708 1729 1768 Ἀντιπάτρου

319 1828 354 1863 1.
379 1823 442 1871 ιδ’]
469 1824 558 1873 Cap.
578 1824 634 1862 16.
659 1837 694 1873 p.
714 1826 798 1863 737.
907 1826 946 1862 9.
978 1820 1186 1868 ἀναζεύξας
1207 1821 1282 1862 α’πὸ
1303 1821 1533 1869 Ῑεροσόλυμα
1553 1823 1601 1858 G.
1638 1823 1730 1857 Cor-

316 1873 393 1910 rexi
411 1885 455 1908 ex
466 1873 508 1908 B.
606 1874 659 1910 17.
681 1870 956 1910 ἀπαλλάσσεται
967 1873 1010 1908 Β.
1081 1876 1235 1918 Ασαμον
1246 1892 1289 1898 -
1300 1873 1418 1917 vulgo.
1447 1869 1617 1916 ἀσσαμον
1628 1889 1675 1895 -
1683 1869 1727 1906 Β.

397 1922 456 1958 18.
479 1913 594 1964 οὗτος
608 1919 778 1967 λαμπρὸς
796 1921 844 1958 G.
941 1922 1000 1957 21.
1025 1915 1215 1968 ἀπέβαλον
1234 1920 1279 1955 Β.
1301 1916 1491 1967 ἀπέλαβον
1512 1919 1559 1953 G.

227 2027 291 2068 Ex
318 2025 482 2080 Iosephi
511 2025 802 2081 antiquitatum
830 2026 937 2066 libro
967 2026 1126 2066 decimo
1167 2033 1312 2081 quarto
1355 2025 1406 2066 de
1433 2024 1610 2066 Herodis
1651 2023 1730 2064 ob·-

820 2099 941 2125 scuro
973 2098 1132 2138 genere.

274 2152 367 2188 Anni
388 2151 505 2188 mundi
522 2148 617 2189 5469
635 2155 872 2187 numerantur.

322 2199 378 2233 Ea
395 2200 573 2234 calamitas
593 2199 911 2246 Hierosolymorum
924 2198 1065 2235 civibus
1086 2198 1218 2234 accidit
1247 2197 1300 2233 Μ.
1325 2195 1486 2243 Agrippa
1511 2200 1548 2231 et
1568 2195 1729 2231 Candido

229 2245 335 2280 Gallo
355 2257 447 2280 coss.
467 2246 679 2293 Olympiade
700 2248 790 2288 185,
813 2258 930 2281 mense
955 2246 1085 2288 tertio,
1109 2245 1208 2280 feriis
1234 2244 1359 2291 quibus
1388 2245 1539 2281 solemne
1563 2243 1730 2278 ieiunium

228 2292 448 2335 celebratur,
470 2297 637 2339 tauquam
654 2293 825 2327 redeunte
845 2293 881 2327 in
902 2293 994 2327 idem
1010 2293 1178 2338 temporis
1207 2295 1412 2326 momentum
1441 2291 1541 2326 iliata
1557 2291 1730 2337 quondam

228 2351 252 2374 a
267 2339 434 2385 Pompeio
460 2340 572 2375 clade.
620 2339 683 2374 1110
708 2339 882 2385 siquidem
906 2339 1025 2373 eodem
1052 2340 1111 2373 die
1140 2343 1222 2373 ante
1249 2350 1358 2373 annos
1383 2339 1430 2375 27
1458 2338 1584 2373 civitas
1612 2349 1729 2373 eorum

228 2389 333 2432 capte
351 2386 475 2421 fuerat.
523 2386 645 2420 Sosius
659 2390 774 2420 autem
794 2397 948 2431 appensa
967 2385 1023 2420 dei
1040 2385 1170 2431 templo
1188 2396 1316 2420 corona
1333 2397 1461 2428 aurea,
1486 2385 1638 2420 vinctum
1656 2386 1731 2419 An-

227 2432 382 2478 tigonum
398 2433 445 2468 ad
464 2432 649 2467 Antonium
678 2432 807 2467 ducens
822 2432 1074 2478 Hierosolymis
1103 2431 1275 2468 discessit.
1321 2433 1433 2467 Porro
1458 2433 1592 2467 veritus
1609 2432 1732 2468 Hero-

230 2480 315 2522 des,
342 2491 387 2514 ne
413 2479 458 2514 ab
473 2478 622 2514 Antonio
642 2484 806 2513 servatus
823 2479 1018 2524 Antigonus
1040 2484 1078 2514 et
1103 2480 1148 2514 ab
1166 2491 1208 2515 eo
1226 2479 1369 2515 Romam
1396 2480 1587 2535 perductus
1612 2490 1729 2514 coram

230 2530 357 2562 senatu
381 2526 426 2562 de
450 2526 668 2573 principatus
693 2526 771 2560 iure
797 2525 1017 2569 decertaret,
1050 2531 1088 2562 et
1106 2539 1145 2561 se
1168 2526 1308 2573 quidem
1334 2538 1434 2573 regia
1456 2527 1588 2572 stirpe,
1613 2526 1731 2560 Hero-

231 2573 311 2608 dem
329 2574 487 2608 obscuris
504 2572 676 2608 natalibus
695 2577 808 2607 ortum
820 2598 830 2616 ‚
858 2579 919 2618 aut
933 2578 1031 2608 certe
1053 2573 1089 2608 in
1108 2573 1219 2617 filios,
1243 2573 1274 2608 si
1293 2573 1376 2620 quid
1394 2574 1474 2620 ipse
1488 2574 1526 2608 in
1541 2573 1731 2608 Romanum

232 2631 356 2656 nomen
374 2618 571 2655 admisisset
587 2619 740 2654 criminis
751 2645 761 2661 ‚
785 2632 930 2664 regnum
949 2620 1186 2656 haereditario
1205 2621 1282 2655 iure
1299 2619 1579 2656 transferendum
1606 2631 1733 2654 causa-

232 2671 355 2709 retur,
379 2670 421 2702 ut
435 2665 630 2713 Antigonus
645 2677 667 2700 e
685 2664 776 2700 vivis
794 2667 975 2702 tolleretur
993 2667 1119 2702 oblatis
1138 2667 1289 2703 Antonio
1308 2667 1506 2702 muneribus
1531 2667 1731 2713 persuadet.

234 2713 290 2749 Eo
305 2717 510 2760 perpetrato
528 2716 620 2749 metu
637 2712 778 2759 quidem
795 2713 965 2749 liberatur
982 2714 1140 2749 Herodes
1151 2740 1162 2757 ‚
1186 2714 1250 2750 tali
1266 2726 1350 2749 vero
1366 2715 1463 2750 exitu
1480 2715 1732 2749 Assamonaeo·

235 2772 312 2796 rum
329 2772 474 2806 regnum
498 2763 577 2806 post
599 2771 705 2794 annos
725 2760 792 2796 126
809 2760 928 2795 desiit.
975 2761 1106 2796 Domus
1124 2761 1212 2796 adeo
1241 2761 1386 2796 illustris
1418 2761 1559 2807 generis
1585 2759 1730 2796 claritu-

236 2807 350 2842 dinem
372 2811 409 2842 et
425 2808 587 2842 honorem
602 2806 792 2842 sacerdotii
807 2807 996 2841 maioribus
1015 2808 1088 2843 suis
1108 2808 1242 2843 virtute
1258 2807 1405 2855 propria
1425 2819 1504 2842 sese
1525 2808 1605 2842 olim
1631 2818 1731 2842 com-

236 2853 478 2889 mendantibus
493 2853 664 2895 debebat3
686 2864 806 2892 verum
826 2853 979 2888 dissidiis
996 2854 1119 2900 quibus
1138 2856 1407 2892 decertaverunt
1423 2854 1554 2901 posteri
1571 2857 1731 2900 potesta-

237 2903 307 2936 tem
324 2900 450 2936 amisit.
497 2900 583 2937 Inde
597 2911 713 2937 rerum
729 2911 858 2940 summa
872 2900 1008 2937 Herodi
1025 2901 1202 2949 Antipatri
1224 2901 1318 2945 filio,
1342 2901 1479 2949 plebeio
1494 2913 1624 2948 genere
1648 2904 1730 2936 nato
