1800 3236
225 170 330 222 572
586 191 595 197 ·
693 178 944 226 GEORGII
973 177 1259 226 SYNCELLI

190 289 427 344 Βναστείας
473 291 630 351 αἳρεσιν
670 292 861 336 δίδωσιν·
899 287 950 349 ἧς
980 289 1307 351 ε’πιδραξάμενος
1333 292 1570 352 στρατηγὸν
1599 293 1729 347 εὐθὺς

228 363 513 407 ἀναδείκνυσιν
551 360 851 418 Ἱεροσολύμων
887 364 956 405 καὶ
987 363 1104 419 πέριξ
1132 362 1263 420 αὐτῆς
1289 364 1362 407 τὸν
1391 367 1559 422 πρῶτον
1596 367 1729 409 παῖδα

232 430 475 490 Φασάηλον,
508 431 704 490 Ἱῑῖρώδην
723 433 767 476 δὲ
788 432 881 475 νέον
901 435 1052 490 κομιδῆ
1078 437 1153 489 τῆς
1183 435 1414 485 Γαλιλαίας
1439 436 1506 478 καὶ
1533 439 1618 478 τῶν
1637 437 1730 492 περὶ

227 501 388 563 ταύτην
407 501 567 547 πόλεων
593 502 668 546 οὐκ
687 502 951 546 ἀποδέουσαν
970 508 1046 560 τῆς
1073 502 1306 560 Φασαήλου
1327 504 1470 562 ἀρχῆς.
1510 504 1659 548 αὐτίκα
1681 505 1725 548 δ’

229 568 354 625 οὗτος
383 574 592 628 εὐδοκιμεῖ
617 577 676 632 τῷ
710 574 829 633 δεινῷ
865 578 941 617 τοῦ
973 572 1271 632 φρονήματος,
1311 573 1496 633 εὑρηκώς
1524 574 1628 632 ὕλην
1648 573 1759 634 ἇρ-5

227 643 437 701 μόζουσαν
466 641 686 701 Ἡρώδης,
727 641 785 694 ὥς
815 644 1012 701 γενέσθαι
1042 643 1182 706 Σέξτῳ
1214 646 1401 705 Καίσαρι
1429 643 1636 705 γνώριμος
1661 645 1731 690 διὰ

227 715 305 767 τὰς
325 713 433 758 κατὰ
451 717 617 772 λῃστῶν
636 714 859 771 ἀριστείας.

73 794 119 833 V.
141 793 211 831 241
330 783 513 839 Ἐζεκίαν
539 784 619 842 γὰρ
653 785 908 843 ἀρχιλῃστὴν
933 784 1041 842 μετὰ
1068 788 1234 829 πολλῶν
1262 789 1340 830 τοῦ
1371 785 1549 845 στίφους
1574 789 1732 830 συλλα-

142 915 144 917 ¹
226 852 405 912 βόμενος
425 855 735 913 κατατρέχοντα
754 857 915 914 Συρίας
934 856 1080 910 ἀνεῖλε,
1103 854 1222 915 φήμη
1243 873 1287 899 τε
1310 857 1401 912 περὶ
1423 856 1553 900 αὐτοῦ
1572 854 1730 913 μεγάλη

189 926 336 970 Οκατᾶ
365 923 510 984 χώρας
538 928 607 970 καὶ
638 925 777 977 πόλεις
807 927 962 983 ἐγένετο
975 960 990 982 ‚
1031 925 1087 978 ὥς
1118 927 1179 983 εἶή
1209 927 1278 970 καὶ
1301 926 1405 984 πρὸς
1430 926 1478 971 τὸ
1497 924 1730 982 βασιλεύειν
1746 940 1789 976 10

226 994 471 1053 ἐπιτήδειος.
511 997 556 1040 ἔκ
587 994 741 1040 τούτου
778 1005 946 1041 κινεῖται
980 999 1048 1040 καὶ
1081 995 1285 1054 (Υρκανός
1313 996 1412 1040 κατ’
1446 996 1576 1041 αὐτοῦ
1609 998 1732 1053 ζηλο-

226 1068 355 1128 τυπία
383 1068 587 1125 καταδίκῃ
617 1072 765 1126 φονικῇ
786 1075 950 1123 συνεχεῖ
961 1068 1187 1123 πειραθείς.
1221 1065 1416 1124 (Ηρώδης
1439 1069 1485 1111 δὲ
1501 1067 1606 1124 πρὸς
1627 1068 1731 1119 Σεξ-

226 1151 302 1182 τον
325 1139 383 1188 εἷς
413 1137 650 1193 Δαμασκὸν
680 1137 915 1195 ἀνεχώρησε
948 1139 1150 1195 Καίσαρα
1179 1139 1247 1180 καὶ
1268 1137 1343 1194 τὴν
1368 1137 1499 1195 ἀρχὴν
1521 1137 1626 1193 παρ’
1653 1137 1731 1181 αὗ-

228 1212 305 1253 τοῦ
335 1209 477 1263 κοίλης
496 1208 654 1264 Συρίας
671 1210 738 1252 καὶ
761 1209 1003 1266 Σαμαρείας
1023 1208 1166 1264 λαβὼν
1188 1207 1422 1265 στρατηγὸς
1443 1209 1732 1252 ἀναδείκνυται

227 1278 334 1335 μετὰ
366 1276 681 1335 στρατεύματός
708 1296 752 1322 τε
781 1279 1025 1336 παρεγένετο
1063 1276 1311 1322 καταλύσων
1339 1278 1413 1321 τὸν
1436 1276 1642 1336 εΥρκανὸν
1667 1279 1732 1322 ἐπὶ
1746 1284 1789 1320 15

227 1348 282 1392 τὰ
325 1345 622 1405 Ἱεροσόλυμα,
663 1350 699 1392 εἷ
736 1348 795 1405 μὴ
841 1355 935 1400 ταῖς
968 1355 1189 1405 πατρικαῖς
1221 1346 1415 1405 ἐκωλύθη
1451 1349 1729 1407 παραινέσεσι.

229 1420 299 1464 καὶ
321 1418 375 1461 τὰ
402 1419 479 1473 μὲν
498 1420 589 1476 περὶ
610 1418 686 1475 τὴν
705 1418 913 1481 Ἰουδαίαν
933 1419 976 1462 ἓν
993 1417 1158 1470 τούτοις
1177 1413 1251 1475 ἦν,
1284 1417 1492 1477 ’Υρκανοῢ
1511 1420 1588 1475 μὲν
1610 1421 1732 1475 ζηλο-

226 1493 458 1539 τυποῦντος
484 1487 745 1549 Ἀντιπάτρῳ
773 1493 849 1546 τῆς
867 1490 1111 1540 δυναστείας
1139 1490 1207 1532 καὶ
1231 1496 1321 1540 τοῖς
1344 1491 1461 1533 παισὶ
1479 1495 1554 1547 τῆς
1574 1489 1732 1548 εὐπρα-

226 1561 342 1617 γίας,
377 1556 548 1617 Ἡρώδῃ
579 1557 786 1615 μάλιστα,
818 1558 1095 1618 Ἀντιπάτρου
1127 1560 1172 1602 δὲ
1204 1559 1309 1616 πρὸς
1332 1557 1537 1618 εΥρκοινόν
1571 1559 1625 1604 τὰ
1656 1565 1733 1617 τῆς

189 1629 394 1680 Βεῦνοιας
411 1627 699 1688 φυλάττοντος
721 1630 790 1674 διὰ
810 1630 858 1674 τὸ
886 1632 954 1674 καὶ
976 1630 1104 1674 αὐτὸν
1121 1628 1338 1686 ἡσυχάζειν
1359 1628 1576 1688 θορύβων.
1742 1637 1789 1672 20

328 1698 378 1744 Ὁ
408 1700 454 1743 δὲ
481 1698 613 1752 Γάϊος
642 1699 814 1752 Ἰούλιος
835 1704 1006 1760 Καῖσαρ
1028 1703 1084 1752 εἷς
1105 1700 1180 1757 τὴν
1197 1698 1361 1758 Ῥώμην
1382 1702 1624 1746 ἐπανελθών
1647 1700 1732 1747 πά-

322 1824 357 1860 2.
381 1822 536 1860 καὶτῶν
554 1823 675 1882 πέριξ
683 1825 732 1860 G.
838 1826 873 1862 3.
898 1825 1013 1871 Vulgo
1037 1822 1229 1861 Φασάϊλον
1247 1825 1283 1859 et
1303 1822 1397 1859 infra
1420 1823 1628 1861 Φασαΐλου.

323 1871 360 1907 5.
393 1873 445 1918 τῷ
465 1839 622 1920 δειι·ῷ]ρ
633 1869 676 1908 τό
710 1870 836 1909 δεινὸν
868 1873 912 1908 P.
1038 1875 1073 1909 5.
1099 1873 1169 1908 τοῦ
1200 1870 1445 1929 φρονήματος
1470 1875 1522 1920 τῷ
1547 1872 1657 1920 δεινῷ
1682 1873 1730 1910 G.

323 1907 545 1977 Transposui
565 1925 708 1956 auctore
725 1921 767 1956 B.
861 1921 897 1957 7.
922 1917 988 1961 τὰς
1007 1920 1049 1956 Β.
1075 1921 1141 1966 τῆς
1161 1920 1208 1954 G.
1319 1922 1354 1956 9.
1381 1910 1525 1956 ἅνεῖλὲν
1550 1921 1623 1955 AB.
1648 1917 1732 1956 οἷνε-

322 1964 399 2002 λων
420 1967 469 2003 G.
564 1970 621 2006 11.
645 1968 710 2005 καὶ
731 1980 796 2004 om.
816 1968 863 2003 G.
961 1968 1016 2004 13.
1043 1939 1351 2015 ἄναχωρήσαςῦ.
1456 1970 1512 2005 15.
1536 1980 1576 2004 τε
1596 1980 1660 2003 οιιι.
1679 1969 1728 2005 G.

228 2070 372 2108 obtenta
390 2072 535 2119 primum
554 2085 574 2108 e
589 2072 708 2108 liberis
723 2073 931 2109 Phasaelum
943 2073 1263 2119 Hierosolymorum
1280 2075 1318 2107 et
1332 2072 1598 2119 circumpositae
1615 2073 1731 2119 regio-

228 2119 285 2154 nis
305 2122 517 2165 praefectum
536 2121 708 2163 instituit,
732 2121 907 2156 Herodem
926 2133 1011 2156 vero
1029 2126 1146 2156 aetate
1165 2121 1329 2155 minorem
1353 2120 1535 2154 Galilaeae
1562 2120 1731 2155 adiacen-

229 2165 388 2221 tiumque
403 2167 606 2210 civitatum,
631 2180 698 2202 non
714 2167 845 2203 minore
867 2175 985 2210 certe,
1011 2180 1112 2214 quam
1139 2179 1229 2213 quae
1247 2166 1418 2202 Phasaelo
1438 2167 1651 2210 obvenerat,
1676 2168 1731 2202 di-

227 2213 325 2248 tione
345 2215 462 2249 donat.
513 2214 672 2249 Herodes
691 2215 791 2260 quasi
812 2216 952 2261 copiosa
969 2215 1103 2260 gloriae
1118 2215 1206 2251 silva
1224 2219 1387 2259 reperta,
1411 2225 1532 2248 nomen
1553 2219 1589 2248 et
1606 2215 1729 2250 famam

227 2259 298 2295 sibi
313 2266 415 2307 parat
431 2261 643 2306 ampliorem,
668 2263 756 2297 adeo
774 2267 814 2296 ut
831 2262 986 2296 exhibito
1003 2273 1102 2307 quam
1123 2262 1159 2296 in
1178 2261 1331 2296 latrones
1346 2261 1501 2296 exseruit
1518 2261 1658 2297 virtutis
1676 2263 1730 2297 in-

229 2306 341 2350 dicio,
366 2308 476 2342 Sexto
499 2320 637 2363 quoque
658 2308 802 2343 Caesari
824 2309 1004 2343 familiaris
1023 2308 1182 2343 redditus
1201 2307 1320 2343 suerit.

321 2354 478 2390 Ezechia
496 2354 630 2400 quippe
646 2355 858 2400 praedonum
878 2355 967 2390 duce
984 2354 1121 2400 Syriam
1139 2354 1332 2389 latrociniis
1352 2354 1542 2391 infestante
1558 2367 1635 2390 cum
1659 2369 1729 2391 non

227 2401 358 2447 exigua
371 2401 531 2436 similium
557 2414 655 2436 manu
673 2403 920 2456 comprehenso
943 2414 985 2437 ac
1004 2402 1082 2437 neci
1101 2402 1252 2443 tradito,
1276 2402 1367 2438 fama
1387 2403 1431 2437 de
1449 2403 1525 2437 viro
1547 2415 1611 2438 ceu
1632 2404 1730 2449 prin-

227 2448 345 2494 cipatu
373 2448 478 2494 digno
504 2448 679 2494 regionem
700 2448 931 2495 civitatesque
957 2454 1099 2483 cunctas
1127 2454 1319 2495 pervagata
1345 2455 1410 2484 est.
1467 2450 1599 2485 Haec
1590 2462 1625 2484 ιιι
1651 2462 1729 2485 eum

226 2496 382 2531 invidiae
398 2506 505 2531 causa
531 2476 600 2529 suit
623 2496 811 2540 Hyrcano,
836 2501 872 2531 et
897 2509 940 2530 ne
967 2496 1087 2530 mortis
1112 2497 1321 2531 sententiam
1353 2497 1482 2532 iniuste
1510 2497 1730 2543 experiretur

229 2543 412 2578 continuus
444 2542 557 2578 timor.
606 2542 747 2577 Inteiim
775 2542 933 2578 Herodes
961 2544 1005 2578 ad
1033 2543 1177 2578 Sextum
1209 2543 1395 2579 Caesarem
1418 2545 1619 2579 Damascum
1646 2555 1730 2589 pro-

227 2591 365 2632 fectus,
398 2588 625 2635 Coelesyriae
643 2589 894 2644 samariaeque
919 2590 1144 2625 renunciatus
1171 2590 1242 2625 dux
1267 2602 1339 2626 rem
1365 2592 1552 2626 Romanum
1583 2591 1731 2626 admini-

228 2642 337 2680 strat3
362 2637 501 2692 iamque
517 2648 638 2672 versus
655 2636 896 2683 Hierosolyma
915 2637 1014 2673 motis
1032 2638 1158 2672 castris
1167 2638 1376 2692 Hyrcanum
1399 2638 1635 2680 deturbasset,
1659 2638 1730 2673 nisi

226 2690 375 2731 paterna
389 2683 518 2719 monita
534 2695 608 2719 eum
627 2683 664 2718 in
684 2683 799 2718 officio
818 2684 1080 2719 continuissent.
1130 2684 1200 2720 Hic
1219 2685 1436 2721 Iudaicarum
1457 2696 1571 2719 rerum
1601 2690 1728 2728 status,

227 2732 392 2778 Hyrcano
411 2730 577 2767 videlicet
595 2734 738 2777 propter
763 2731 950 2776 potestatis
968 2732 1213 2767 incrementum
1234 2732 1414 2779 Antipatri
1443 2732 1603 2767 fortunae
1651 2733 1728 2767 eius

230 2783 344 2814 autem
361 2777 480 2814 liberis
500 2781 538 2813 et
557 2777 693 2814 Herodi
711 2777 858 2812 maxime
878 2779 922 2813 ob
946 2779 1091 2824 egregie
1118 2779 1288 2814 factorum
1315 2791 1512 2814 successum
1536 2757 1727 2822 invidente,

229 2825 416 2872 Antipatro
445 2837 552 2868 vero,
577 2837 619 2860 eo
637 2825 731 2872 quod
760 2824 910 2861 nondum
941 2826 986 2862 ad
1014 2825 1246 2862 innovandum
1274 2825 1534 2874 propenderet,
1555 2826 1728 2872 integram

227 2872 333 2909 fidem
348 2874 462 2911 adhue
481 2876 660 2908 servante.

325 2921 374 2958 At
393 2919 503 2957 Caius
524 2918 635 2957 Iulius
652 2919 784 2957 Caesar
801 2919 944 2957 Romam
967 2931 1134 2956 reversus
1155 2920 1378 2969 Pompeianis
1402 2918 1580 2969 partibus,
1603 2918 1727 2967 quibus
