1800 3236
224 151 331 203 414
699 158 954 206 GEORGII
977 158 1269 208 SYNCELLI

222 288 320 323 τως.
357 270 403 315 ἐκ
431 265 594 316 τούτων
621 269 725 329 λε’γει
755 271 1111 329 γεννηθῆναιτόν
1136 272 1355 330 Ἰεχονίαν,
1392 266 1445 318 οὗ
1474 271 1683 329 μέμνηται
1706 269 1728 316 ὃ

221 348 343 394 θεῖος
379 340 668 399 εὖαγγελιστὴς
698 344 951 393 Ματθαΐος.
999 347 1077 386 τοῦ
1107 344 1153 387 δὲ
1177 343 1369 400 Ἰεχονίου
1397 340 1490 387 υἱόν
1521 359 1626 402 φησι
1655 342 1729 387 τὸν

222 411 474 469 Σαλαθιὴλ,
513 413 584 455 καὶ
627 429 703 456 του
731 411 959 469 Σαλαθιήλ
988 408 1063 456 τὸν
1091 412 1367 472 Ζοροβάβελ,
1405 415 1476 458 καὶ
1509 411 1622 457 οὕτω
1651 412 1731 469 τὴν

220 483 483 543 γενεαλογίαν
511 485 587 525 τοῦ
622 486 814 540 σωτῆρος
843 483 889 526 ἐκ
920 485 999 539 τῆς
1030 483 1237 542 ἱερατικῆς
1266 486 1335 528 καὶ
1353 488 1574 540 βασιλικῆς
1593 480 1728 527 κατά-

222 558 375 612 γεσθαι
400 555 537 611 φυλῆς
563 551 684 609 με’χρι
710 552 866 610 Ἰωσὴὲρ
899 557 976 596 τοῦ
1004 554 1165 597 δικαίου
1185 556 1253 598 καὶ
1274 559 1351 612 τῆς
1369 552 1489 612 ἁγίας
1511 553 1764 612 παρθένουδ

184 626 298 671 Βκαὶ
327 619 547 667 θεοτόκου.
570 620 826 680 ’ἀπαγορεύει
847 623 894 666 δὲ
913 622 987 667 τὸν
1010 625 1235 682 Σαλαθιήλ
1253 625 1336 669 ἀπὸ
1356 626 1551 670 Σεδεκίου
1574 627 1734 680 τεχθῆ-

222 713 306 747 ναι,
332 692 379 737 ‘dv
396 694 465 736 καὶ
485 691 679 748 Ἰεχονίαν
701 697 830 747 καλεῖ,
863 690 920 744 ὥς
941 695 1173 748 βδελυκτοῦ
1192 699 1251 754 τῷ
1272 699 1361 754 θεῷ
1382 692 1597 753 γεγονότος
1613 708 1623 718 ·
1661 694 1733 737 καὶ

223 762 408 814 εἲκότως.
446 762 584 819 ἐπειδὴ
605 763 651 806 δὲ
671 761 692 806 ὃ
708 761 862 821 χρόνος
882 768 967 807 τῶν
987 762 1025 807 δ’
1051 770 1196 821 γενεῶν
1215 767 1272 816 εἰς
1292 763 1354 822 ’ξῆ
1375 765 1445 822 ἔτη
1465 762 1732 822 μεριζόμενος

224 835 310 880 ἀπὸ
345 830 516 891 πρώτου
540 832 660 884 ἔτους
686 831 1082 893 Ναβουχοδονόσωρ
1105 836 1170 878 ἐπὶ
1189 835 1237 879 τὸ
1259 839 1427 894 πρῶτον
1451 834 1543 886 ἴτος
1564 833 1728 892 Κύρου,

225 904 334 950 καθ’
375 903 398 948 ὃ
430 901 451 947 ὃ
479 901 731 961 Ζοροβάβελ
762 908 839 960 τῆς
866 895 1196 962 ἀπολυτρώσεως
1222 910 1299 963 τῆς
1318 907 1606 962 αῗχμαλωσίας
1625 902 1730 962 ἧγή-
1746 908 1790 944 10

223 993 359 1029 σατο,
394 971 557 1029 μᾶλλόν
592 991 700 1026 τινες
727 974 801 1018 τὸν
832 975 1059 1032 Σαλαθιὴλ
1089 980 1240 1020 τοῦτον
1271 975 1404 1020 αὐτοῦ
1439 975 1514 1020 τὸν
1540 976 1732 1032 Ἰεχονίου

228 1048 298 1092 καὶ
329 1049 406 1101 τῆς
431 1040 659 1100 Σωσάννης
676 1042 1051 1100 ὑπολαμβάνουσιν
1068 1046 1161 1090 υἱὸν
1179 1045 1280 1090 εἶναι
1292 1080 1305 1101 ,
1342 1048 1413 1090 ’ίνα
1437 1046 1511 1091 τὸν
1532 1043 1733 1105 Ζοροβά-

227 1121 305 1174 βελ
324 1117 511 1166 δείξωσιν
530 1114 664 1158 εἴκοσί
678 1133 759 1158 που
777 1113 941 1173 χρόνων
963 1115 1071 1159 κατὰ
1091 1116 1167 1173 τὴν
1189 1115 1430 1173 ἀνάκλησιν.

270 1190 361 1231 Τοῦ
392 1182 533 1229 Ἰούδα
561 1182 623 1228 ιθ’
643 1186 907 1241 ἐβασίλευσεν
921 1185 1115 1242 Ἰεχονίας
1133 1187 1223 1238 υἱὸς
1234 1187 1422 1243 Ἰωακεὶμ
1432 1220 1447 1241 ,
1486 1184 1509 1232 ὃ
1528 1188 1596 1230 καὶ
1613 1185 1735 1231 Ἰωα-

365 1257 477 1313 χεὶμ,
513 1259 653 1312 μῆνας
677 1263 799 1313 τρεῖς,
837 1255 955 1300 ἄλλοι
990 1257 1035 1300 δὲ
1057 1256 1127 1314 ἔτη
1152 1259 1263 1315 τρία,
1302 1255 1359 1310 ὥς
1379 1255 1489 1303 καὶὸ
1517 1257 1626 1316 ἱερὸς
1646 1255 1733 1300 ‘In-
1747 1263 1792 1301 15

189 1329 224 1366 O
372 1323 566 1377 πόλυτος.
603 1329 680 1369 τοῦ
701 1327 747 1370 δὲ
767 1324 927 1383 κόσμου
947 1321 1000 1384 ἦν
1019 1325 1109 1379 ἔτος
1128 1326 1278 1388 ,δωΒεἏ

336 1394 530 1450 Τούτου,
570 1398 696 1454 φησὶ,
733 1401 794 1457 τῷ
825 1398 954 1456 τρίτῳ
987 1396 1065 1441 ἔτει
1094 1399 1254 1455 γέγονεν
1283 1395 1479 1457 ἡπρώτη
1498 1396 1734 1454 μετοικεσία

227 1466 311 1512 ὖπό
334 1465 733 1526 Ναβουχοδονόσωρ
760 1465 1104 1524 μεταστήσαντος
1133 1468 1263 1513 αὐτὸν
1299 1470 1357 1520 εἷς
1386 1472 1629 1524 Βαβυλῶνα
1664 1467 1734 1510 καὶ

230 1537 258 1583 ι’
281 1535 474 1595 χιλιάδας
496 1537 686 1594 ἀνδρῶν,
722 1539 767 1581 ἐν
787 1536 850 1589 οἷς
873 1539 942 1581 καὶ
964 1538 1037 1582 τὸν
1063 1539 1230 1596 Δανιὴλ
1265 1541 1334 1583 καὶ
1365 1539 1465 1590 τοὺς
1495 1545 1606 1596 τρεῖς
1635 1544 1736 1581 παῖ.

229 1611 310 1660 δας
339 1609 704 1665 συναπενεχθῆναί
732 1625 849 1669 φησι.
901 1613 1054 1654 τοῦτον
1082 1610 1187 1668 λε’γει
1226 1608 1328 1654 εἶναι
1357 1609 1432 1655 τὸν
1464 1609 1602 1668 ἄνδρα
1634 1613 1732 1653 Σω-
1744 1613 1792 1649 20

229 1677 386 1736 σάννης
398 1678 434 1721 Ἰ
432 1679 601 1735 ωακείμ.

327 1781 362 1816 1.
388 1775 505 1823 λέγειν
526 1778 570 1812 B.
689 1778 724 1814 Ξ.
748 1777 822 1815 τοῦ
841 1775 897 1824 δὲ]
922 1777 991 1816 τὸν
1011 1777 1054 1816 δὲ
1078 1781 1126 1816 G.
1242 1781 1277 1818 3.
1304 1777 1503 1825 σαλαθαήλ
1523 1779 1553 1814 Α
1574 1777 1645 1814 bis.

327 1823 364 1861 4.
389 1825 577 1872 σωτῆρος]
613 1824 757 1871 πατρὸς
781 1827 830 1861 G.
962 1826 1197 1874 κατάγεσθαι
1215 1827 1257 1862 Β.
1290 1827 1565 1874 καταγενέσθαι
1594 1826 1644 1860 G.

327 1874 364 1909 7.
389 1873 608 1919 βδελυκτοῦ]
634 1873 838 1919 Legebatur
857 1874 1072 1922 βδελυκτὸν.
1188 1876 1223 1910 8.
1247 1873 1391 1921 ἐπειδὴ]
1418 1871 1574 1911 ἐπειδὰν
1593 1874 1643 1909 G.

325 1922 362 1957 9.
384 1922 454 1956 τοῦ
474 1918 627 1968 πρώτου
653 1922 700 1954 G.
820 1923 878 1960 11.
911 1921 1034 1959 αὐτοῦ
1057 1922 1138 1967 τόν]
1164 1919 1285 1959 αὐτοῦ
1309 1923 1379 1959 τοῦ
1403 1924 1453 1959 G.
1570 1922 1625 1958 12.
1651 1918 1740 1956 υἱὸν

327 1965 426 2005 εἶναι
444 1969 484 2004 Β.
512 1966 611 2004 εἶναι
631 1966 719 2003 υἱὸν
738 1970 787 2005 G.
894 1967 952 2007 14.
977 1967 998 2008 ὁ
1019 1971 1084 2008 καὶ
1106 1970 1263 2018 ἰωαχεὶμ
1281 1971 1356 2007 AB.
1382 1966 1403 2008 ὁ
1422 1968 1486 2006 καὶ
1506 1967 1666 2014 Ιωακεὶμ
1686 1968 1735 2002 G·
1760 2008 1763 2011 ,

399 2017 457 2052 21.
482 2015 644 2063 Ιωαχεὶμ
669 2016 718 2052 G.

234 2096 379 2132 fratrem
397 2101 577 2140 asserunt,
601 2100 638 2132 et
658 2096 793 2132 merito.
841 2097 899 2132 Ex
916 2097 968 2134 eis
985 2110 1090 2145 porro
1107 2098 1325 2142 Iechoniam,
1349 2097 1448 2134 cuius
1471 2097 1612 2133 divinus
1631 2108 1740 2132 evan-

235 2144 367 2189 gelista
386 2144 590 2179 Matthaeus
608 2145 763 2179 meminit
775 2169 786 2186 ‚
809 2151 926 2180 natum
945 2146 1053 2186 dicit,
1077 2146 1174 2180 cuius
1194 2147 1302 2181 filium
1322 2146 1374 2181 ait
1392 2145 1583 2187 Salathielg
1609 2156 1653 2179 ex
1671 2145 1741 2179 Sa·-

236 2190 360 2225 lathiel
372 2215 382 2232 ‚
406 2191 605 2227 Zorobabel
625 2197 759 2233 ortum3
783 2192 949 2238 quocirca
968 2192 1080 2239 patris
1098 2193 1319 2238 progeniem,
1346 2204 1390 2228 ex
1410 2191 1618 2227 sacerdotali
1637 2191 1741 2226 simul

236 2242 276 2272 et
298 2237 400 2283 regia
423 2238 556 2285 stiipe,
581 2238 625 2273 ad
645 2238 773 2284 Ioseph
793 2250 904 2285 usque
922 2239 1053 2274 Iustum
1078 2246 1115 2274 et
1135 2242 1178 2273 ad
1204 2245 1355 2275 sanctam
1376 2245 1413 2275 et
1428 2238 1607 2285 deiparam
1628 2238 1741 2284 virgi-

234 2295 331 2327 nem,
356 2284 450 2331 apud
471 2297 546 2320 eum
565 2297 643 2320 esse
661 2285 845 2320 deductam
867 2291 1015 2322 constat.
1061 2286 1233 2322 salathiel
1251 2293 1364 2323 autem
1383 2287 1427 2322 ab
1446 2286 1618 2329 Sedecia,
1639 2297 1740 2333 quem

233 2331 430 2367 lechoniam
449 2333 584 2379 pariter
609 2336 736 2374 vocat,
759 2337 875 2367 natum
894 2333 985 2367 haud
1012 2338 1155 2374 censet,
1186 2334 1279 2379 quod
1309 2346 1436 2370 exosus
1457 2335 1524 2369 deo
1546 2332 1678 2376 suerit3
1703 2336 1742 2368 et

233 2378 314 2413 iure
330 2390 428 2414 sane.
476 2382 525 2415 At
543 2379 706 2426 quoniam
727 2384 878 2425 quatuor
901 2381 1163 2424 generationum
1186 2386 1322 2427 tempus
1354 2381 1453 2416 annis
1484 2381 1668 2427 sexaginta
1703 2383 1742 2415 et

235 2429 317 2460 octo
346 2426 576 2472 expenditur,
602 2438 623 2462 a
651 2427 760 2472 primo
787 2427 1112 2462 Nabuchodonosor
1140 2428 1183 2463 ad
1203 2429 1359 2475 primuml
1379 2428 1466 2476 Cyri
1487 2439 1629 2469 annum,
1658 2438 1741 2474 quo,

235 2473 453 2516 Zorobabel‚
478 2473 642 2509 libertate
659 2477 740 2519 post
760 2474 999 2519 captivitatem
1015 2479 1202 2521 reparata,
1225 2475 1413 2511 reducibus
1438 2487 1477 2511 se
1496 2474 1659 2522 praebuit
1677 2474 1743 2508 du-

235 2531 324 2562 cem;
338 2532 380 2555 ea
396 2521 514 2568 potius
532 2521 577 2556 de
591 2532 698 2555 causa
711 2520 895 2555 lechoniae
911 2521 1160 2568 Sosannaeque
1186 2522 1292 2558 filium
1315 2522 1541 2569 suspicantur
1557 2520 1742 2563 salathiel,

235 2570 276 2602 ut
287 2567 424 2603 reditus
434 2572 591 2615 tempore
606 2568 802 2602 Zorobabel
814 2570 873 2610 ΞΟ,
888 2568 1031 2603 circiter
1044 2569 1172 2604 aetatis
1186 2581 1311 2605 annum
1325 2570 1484 2615 attigisse
1493 2568 1742 2604 demonstrent.

282 2614 372 2650 Iuda
390 2627 456 2650 rex
482 2618 525 2652 19
548 2614 752 2656 stemnius,
779 2615 838 2660 qui
869 2619 906 2649 et
924 2615 1077 2650 Ioachim
1092 2642 1103 2659 ‚
1126 2616 1219 2651 filius
1239 2617 1392 2661 Ioacim,
1417 2616 1590 2651 mensibus
1616 2615 1741 2657 tribus,

353 2662 411 2697 vel
432 2665 472 2698 ut
491 2662 684 2704 nonnullis,
708 2661 800 2697 inter
829 2674 918 2709 quos
943 2668 999 2698 est
1017 2675 1119 2699 sacer
1141 2664 1381 2712 Hippolytus,
1405 2662 1560 2711 placuit,
1584 2662 1685 2698 annis
1705 2663 1742 2705 3,

357 2709 475 2744 mundi
491 2721 575 2745 vero
593 2708 699 2746 4895.

333 2756 460 2799 Huius,
486 2756 536 2792 ait
555 2757 630 2798 ille,
653 2755 759 2792 tertio
777 2767 865 2791 anno
882 2757 976 2792 facta
993 2760 1049 2792 est
1065 2757 1176 2803 prima
1191 2757 1227 2793 in
1246 2757 1457 2804 Babylonem
1476 2755 1744 2803 transportatio,

239 2813 327 2848 rege
344 2803 672 2839 Nabuchodonosor
692 2811 768 2838 oum
789 2805 908 2839 decem
926 2804 1076 2839 millibus
1095 2805 1266 2840 hominum
1278 2831 1287 2848 ‚
1313 2805 1349 2840 in
1371 2804 1495 2886 {pibus
1512 2803 1690 2839 Danielem
1709 2807 1746 2838 et

172 2879 173 2882 ,
240 2854 316 2884 tres
343 2861 476 2897 pueros
500 2851 683 2886 servitutis
703 2850 817 2886 socios
837 2852 1005 2897 migrasse
1025 2856 1143 2894 tenet,
1168 2864 1245 2888 eum
1272 2859 1371 2888 trans
1387 2855 1519 2889 erente.
1563 2851 1745 2886 Sosannae

241 2896 426 2944 oouiugem
445 2898 618 2935 celebrem
639 2898 735 2935 illum
751 2897 908 2935 Ioachim
924 2910 1003 2935 esse
1019 2899 1210 2936 existimat.
