1800 3236
243 149 349 199 314
725 156 978 203 GEORGII
1004 155 1290 204 SYNCELLI

246 267 378 326 μηδὲν
409 264 486 311 ἕατ’
517 266 658 313 αὐτῶν
687 271 932 326 πεπρᾶχθαι
968 264 1138 326 μνήμης
1164 267 1292 322 ι’ίξιον.
1328 265 1438 328 μόνη
1463 268 1544 329 γὰρ
1563 269 1751 328 τέτευχεν

249 339 498 398 ἀναγραφῆς
525 337 553 397 ἦ
584 343 828 398 πεμφθεῖσα
855 340 1075 395 συμμαχία
1096 346 1187 391 τοῖς
1215 342 1382 399 Τρωσὶν
1400 339 1485 385 ὑπὸ
1504 341 1751 400 Ἀσσυρίων,

250 404 303 467 ἧς
323 405 568 468 ἐστρατήγει
593 409 783 465 Μέμνων
804 406 826 453 ὃ
852 413 1067 454 Τιθωνοῦ.
1107 408 1332 455 Ταυτάνου
1354 411 1435 470 γὰρ
1453 409 1752 468 βασιλεύοντος

213 484 332 537 Οτῆς
343 478 498 533 Ἀσίας,
520 479 567 532 ὃς
584 475 636 536 ἦν
655 477 716 531 κς’
738 478 822 523 ἀπὸ
841 480 975 523 Νίνου
995 483 1071 523 τοῦ
1083 478 1378 540 Σεμιράμιδος,
1404 483 1510 541 φασὶ
1526 481 1628 533 τοὺς
1644 482 1752 538 μετὰ

242 550 549 609 Ἀγαμέμνονος
572 549 778 606 Ἕλληνας
822 550 890 593 ε’πὶ
926 551 1088 609 Τροίαν
1130 555 1382 609 στρατεῦσαι
1415 552 1494 608 τὴν
1526 549 1782 611 ἦγεμονίανὸ

250 619 430 679 ἐχόντων
450 625 527 678 τῆς
541 620 682 671 Ἀσίας
698 620 928 679 Ἀσσυρίων
955 619 1026 679 ἔτη
1047 622 1174 666 πλείω
1194 626 1278 666 τῶν
1291 621 1482 679 χιλίων.”

358 695 509 735 Ταῦτα
547 688 570 736 ὅ
599 689 821 748 Διόδωρος
848 689 948 747 ἡμῖν
974 693 1239 750 παραδίδωσι
1258 692 1366 750 μηδ’
1390 691 1503 738 οὕτω
1524 690 1755 752 θαρρήσας

252 759 562 820 ἀποφήνασθαι
590 761 664 806 τὸν
689 765 776 806 τῶν
799 762 1006 818 βασιλέων
1036 761 1223 820 ἀριθμὸν
1253 761 1281 820 ἢ
1299 760 1456 822 χρόνου
1492 763 1570 820 τὴν
1601 763 1753 823 ἀκριβῆ

252 831 469 888 ποσότητα
488 834 769 891 προσηγορίας
788 850 832 877 τε
854 832 994 877 αὐτῶν
1012 834 1081 876 καὶ
1101 834 1166 876 ε’πὶ
1187 834 1301 885 τίνος
1317 831 1345 891 ἦ
1365 833 1474 878 κατὰ
1493 835 1652 892 Τροίας
1668 839 1755 878 τῶν

245 902 425 960 Ἀχαιῶν
443 902 596 962 ἔφοδος
614 903 798 961 γέγονεν,
836 902 944 947 ἀλλὰ
964 895 1101 948 ποῖντα
1126 901 1369 962 φειδόμενος
1395 903 1465 948 διὰ
1484 903 1534 948 τὸ
1562 908 1648 948 τῶν
1669 923 1755 948 πα-
1768 912 1800 948 1(

254 973 479 1032 λαιοτέρων
503 973 633 1018 αὐτοῦ
660 974 879 1031 ἱστορικῶν
899 972 1170 1033 ἀσύμφωνον,
1207 972 1339 1031 μόνον
1362 976 1388 1019 δ
1396 973 1410 992 ²
1434 973 1498 1019 ὅτι
1524 975 1651 1019 πλείω
1671 979 1758 1019 τῶν

218 1041 341 1107 D‘av'
371 1045 476 1089 ἐτῶν
505 1042 527 1089 ὅ
551 1041 703 1103 χρόνος
731 1049 815 1089 τῶν
849 1044 932 1089 ἀπὸ
970 1046 1105 1089 Νίνου
1139 1042 1198 1089 λε’
1227 1044 1434 1103 βασιλέων
1463 1045 1574 1089 ἐστὶν
1594 1042 1759 1103 ἀπεφή-

257 1132 360 1160 νατο
375 1128 386 1139 ·
423 1115 493 1160 καὶ
526 1113 590 1159 ὅτι
620 1115 698 1172 τὴν
731 1116 891 1173 Τροίας
926 1114 1081 1160 ἅλωσιν
1107 1117 1171 1159 ἐπὶ
1192 1120 1268 1159 τοῦ
1289 1113 1351 1167 κς’
1374 1114 1456 1159 ἀπὸ
1477 1116 1611 1159 Νίνου
1630 1120 1758 1171 βασι-

257 1184 484 1237 λεύσαντος
496 1185 727 1244 Ἀσσυρίων
747 1183 972 1230 Ταυτάνου
990 1187 1095 1245 φασὶ
1112 1185 1306 1244 γενέσθαι
1322 1185 1431 1242 μετὰ
1448 1183 1503 1247 ,α’
1521 1185 1592 1243 ἔτη
1612 1187 1754 1240 πλείω,

258 1255 402 1307 ἄλλοις
436 1254 677 1315 ἐπιγράφων
704 1256 758 1300 τὰ
786 1254 1010 1315 λεγόμενα,
1050 1254 1107 1308 ὥς
1134 1256 1193 1314 μὴ
1214 1254 1352 1314 πάντη
1385 1256 1695 1312 συντιθέμενος.
1734 1254 1800 1303 ὖΙΔ

258 1326 339 1385 γὰρ
365 1325 587 1371 Ταυτάνου
612 1324 766 1384 χρόνος
785 1332 845 1388 τῷ
873 1325 993 1389 Quss'
1013 1327 1091 1371 ἔτει
1111 1327 1318 1386 συντρέχει
1336 1331 1414 1384 τῆς
1426 1326 1657 1384 Ἀσσυρίων
1681 1326 1760 1385 ἀρ-

257 1402 361 1454 χῆς,
398 1395 457 1451 κζ
478 1398 740 1455 λογιζομένου
762 1397 986 1442 Ταυτάνου
1007 1397 1089 1442 ἀπὸ
1114 1396 1273 1455 Βήλου.
1312 1399 1347 1441 εἳ
1364 1397 1443 1455 γὰρ
1460 1397 1516 1441 τὰ
1536 1394 1681 1454 Βήλου
1703 1394 1759 1441 νε’

261 1467 333 1524 ἔτη
355 1467 572 1526 ἀφέλωμεν
593 1469 638 1512 ἐκ
654 1472 739 1512 τῶν
759 1467 899 1526 φῂμβζ
937 1471 1106 1519 πολλοῖς
1125 1466 1231 1512 ἔτεσι
1251 1467 1360 1511 κατὰ
1374 1467 1448 1512 τὸν
1467 1467 1620 1526 ἀκριβῆ
1639 1465 1761 1525 λόγον

262 1536 602 1596 ἐλαττωθήσεται
628 1539 672 1582 ἐκ
707 1543 792 1583 τῶν
827 1536 882 1601 ,α’
913 1540 1039 1583 πλείω
1062 1535 1273 1597 χρόνωνῆ
1301 1537 1409 1595 μετὰ
1428 1535 1482 1601 ια’
1501 1539 1627 1582 πλείω
1652 1537 1762 1582 κατὰ

357 1652 390 1687 1.
418 1648 634 1697 τέτευχενΒ.
660 1648 787 1698 τέτυχε
806 1651 855 1687 Gr.
955 1652 992 1688 3.
1022 1647 1238 1697 Ταυτάνου]
1269 1649 1471 1697 Τευτάμου
1488 1649 1678 1686 Diodorus.

352 1697 388 1734 4.
415 1694 457 1740 ὃς
484 1693 533 1744 ἦν
556 1697 611 1739 κς’
632 1694 706 1735 ἀπὸ
727 1711 770 1734 m.
794 1695 843 1746 ἣν
865 1695 938 1735 α’πὸ
961 1696 1017 1739 κς’
1042 1699 1091 1735 G.
1209 1701 1244 1735 6.
1268 1698 1331 1745 ἔτη
1354 1711 1399 1734 ex
1417 1698 1573 1734 Diodoro
1593 1697 1760 1733 additum.

427 1744 483 1782 14.
505 1744 699 1783 ταυτοὲνου
722 1747 763 1781 Β.
789 1744 910 1783 ταῦτ-οὶ
929 1759 995 1791 μοι
1014 1747 1063 1781 G.
1167 1745 1277 1793 φασὶ]
1304 1746 1398 1792 φησὶ
1421 1747 1470 1781 G.
1574 1745 1703 1790 πλείω]
1736 1741 1762 1790 ἢ

354 1794 469 1829 πλείω
492 1806 535 1829 m.
639 1796 684 1832 16
704 1800 741 1830 et
761 1797 815 1833 18.
837 1792 964 1845 ἉμβΊ
992 1791 1151 1858 &effim-
1244 1795 1301 1833 17.
1325 1791 1378 1839 κζ’
1396 1794 1440 1830 Β.
1467 1790 1499 1830 κ’
1522 1792 1585 1830 καὶ
1607 1790 1701 1830 ἑπτά
1717 1793 1761 1829 A.

356 1849 389 1888 κ’
414 1851 477 1889 καὶ
501 1850 529 1897 ζ’
554 1853 604 1888 G.

263 1955 406 2002 dignum
422 1959 588 1995 memoria
606 1957 654 1994 sit
670 1960 804 2002 actum,
827 1957 994 2005 colligere
1010 1970 1080 1994 non
1099 1958 1255 2002 studuit3
1279 1956 1355 1994 sola
1373 1968 1521 2004 namque
1539 1955 1761 2004 Assyriorum

234 2041 242 2051 f
265 2004 397 2040 auxilia
414 2006 461 2040 ad
483 2006 626 2042 Troiam
643 2006 770 2050 missa,
796 2018 940 2053 quorum
959 2007 1030 2041 dux
1046 2006 1114 2041 fuit
1134 2007 1295 2042 Memnon
1315 2004 1464 2041 Tithoni
1480 2005 1573 2040 filius
1585 2030 1596 2046 ,
1620 2003 1762 2050 scriptis

266 2051 501 2088 celebrantur.
548 2054 722 2088 Teutamo
741 2053 830 2090 enim
848 2053 885 2088 in
903 2053 988 2089 Asia
1014 2057 1201 2099 regnante,
1227 2054 1287 2100 qui
1306 2053 1498 2100 vigesimus
1524 2058 1642 2087 sextus
1663 2057 1718 2086 est
1741 2062 1764 2085 a

266 2098 392 2144 Ninya
412 2099 651 2136 Semiramidis
671 2101 756 2144 filio,
782 2102 952 2144 Graecos,
977 2101 1189 2147 imperatore
1209 2101 1479 2146 Agamemnone,
1502 2100 1592 2134 beno
1616 2098 1760 2133 Troiam

266 2145 609 2209 obsedisse’ferunt3
644 2160 723 2184 cum
747 2147 826 2196 plus
855 2148 947 2184 mille
977 2148 1078 2184 annis
1104 2148 1242 2196 Assyrii
1269 2148 1452 2195 imperium
1475 2146 1583 2183 Asiae
1611 2145 1681 2181 iam
1707 2150 1763 2181 te-

267 2199 437 2228 fluissent.

365 2240 462 2275 Haec
482 2241 682 2284 Diodorus,
705 2253 819 2288 neque
840 2253 960 2288 regum
980 2253 1158 2277 numerum
1177 2244 1240 2278 aut
1263 2240 1392 2277 aetatis
1413 2239 1583 2288 cuiusque
1608 2238 1766 2274 duratio-

271 2298 349 2321 nem
373 2288 431 2322 vel
453 2288 576 2331 etiam,
609 2289 734 2335 quibus
762 2290 1070 2336 nuncupabantur,
1099 2290 1259 2331 nomina,
1284 2289 1342 2324 vel
1365 2289 1431 2324 sub
1459 2300 1528 2334 quo
1556 2288 1766 2333 imperatore

269 2334 486 2370 Graecorum
502 2335 539 2370 in
555 2335 699 2371 Troiam
715 2341 876 2382 suscepta
894 2336 1064 2383 profectio
1074 2361 1085 2379 ,
1109 2337 1310 2372 describere
1325 2335 1487 2378 confisus,
1511 2334 1557 2371 ad
1573 2346 1634 2370 nos
1650 2339 1767 2368 trans-

271 2380 377 2416 misit.
428 2381 626 2417 Priscorum
652 2388 768 2418 autem
791 2384 1042 2419 Historicorum
1066 2382 1112 2419 ad
1137 2383 1286 2419 invicem
1311 2383 1508 2425 dissensus,
1534 2386 1575 2417 ut
1598 2392 1704 2427 parce
1729 2384 1767 2416 et

272 2427 389 2463 ieiune
408 2428 535 2464 litteris
561 2430 649 2464 haec
671 2431 873 2473 mandaret,
897 2443 1001 2466 causa
1021 2430 1099 2466 fuit.
1146 2431 1266 2473 Quare
1287 2430 1380 2477 quod
1401 2443 1423 2466 a
1445 2430 1540 2465 Nino
1561 2441 1624 2476 per
1645 2439 1766 2472 regum

271 2474 427 2522 quinque
446 2488 554 2523 supra
572 2476 720 2523 triginta
740 2481 875 2512 aetates
896 2482 1078 2524 sequutum
1096 2483 1152 2513 est
1168 2478 1317 2524 spatium
1334 2489 1441 2512 annos
1461 2476 1553 2512 mille
1573 2479 1610 2510 et
1627 2479 1766 2510 trecen-

272 2527 331 2557 tos
350 2534 585 2570 exsuperare,
608 2535 747 2569 unaque
767 2523 866 2559 simul
880 2549 892 2567 ‚
913 2536 1004 2570 quae
1030 2526 1094 2560 sub
1116 2525 1338 2572 Assyriorum
1356 2523 1515 2571 principe
1541 2526 1639 2557 sexto
1660 2532 1769 2567 supra

271 2570 472 2606 vicesimum
493 2570 588 2607 Nino
614 2571 810 2617 posteriore
830 2571 988 2606 Troiana
1009 2572 1128 2607 clades
1152 2571 1302 2615 accidit,
1335 2575 1416 2618 post
1442 2569 1534 2605 mille
1559 2573 1595 2604 et
1620 2568 1767 2614 amplius

273 2628 383 2652 annos
407 2617 537 2660 visam,
569 2618 824 2654 demonstrasse
849 2618 960 2653 eidem
981 2619 1049 2653 fuit
1066 2619 1166 2654 satis.
1211 2620 1264 2654 Ac
1289 2630 1334 2653 ne
1359 2629 1473 2653 rerum
1492 2616 1583 2651 omni
1604 2627 1649 2650 ex
1666 2619 1768 2662 parte

274 2664 432 2704 fictarum
453 2665 672 2701 narrationes
686 2664 879 2700 instituisse
897 2664 1026 2699 crimen
1045 2666 1156 2707 ferat,
1179 2676 1224 2700 ex
1248 2664 1369 2700 relatis
1386 2677 1409 2699 a
1432 2677 1470 2699 se
1489 2663 1654 2710 plurima,
1681 2661 1768 2698 sibi-

272 2714 345 2747 met
359 2724 427 2747 non
443 2716 620 2756 constans,
645 2711 725 2748 aliis
741 2713 872 2758 gaudet
888 2712 1098 2747 adscribere.
1141 2712 1299 2748 Tautani
1314 2723 1460 2757 namque
1477 2715 1626 2757 tempus,
1649 2709 1768 2755 (Tau-

272 2762 355 2793 tano
384 2758 553 2796 videlicet
571 2759 654 2795 sede
672 2760 719 2796 27
746 2763 826 2805 post
842 2759 965 2794 Belum
985 2759 1142 2803 locato),
1165 2758 1445 2805 in‘Assyriorum
1465 2757 1684 2804 principatus
1704 2768 1767 2791 an-

273 2817 353 2841 num
370 2807 440 2843 909
468 2806 627 2843 incidere
653 2807 840 2853 reperitur.
887 2806 1032 2852 Insuper
1050 2818 1096 2841 ex
1115 2807 1185 2843 909
1205 2805 1295 2848 illis,
1318 2805 1349 2840 si
1369 2805 1532 2851 proprios
1558 2804 1638 2840 Beli
1657 2814 1768 2838 annos

270 2853 319 2888 55
337 2853 625 2898 subduxerimus,
647 2859 783 2890 tantum
804 2853 924 2895 abest,
947 2857 987 2888 ut
1009 2853 1109 2888 iuxta
1131 2852 1320 2888 Diodorum
1341 2852 1387 2888 ad
1407 2863 1526 2888 verum
1551 2862 1661 2898 usque
1675 2850 1769 2885 Tro-

272 2898 376 2937 ianae
392 2901 602 2938 calamitatis
629 2901 810 2939 terminum
838 2911 947 2938 annos
974 2900 1068 2937 mille
1094 2904 1133 2937 et
1149 2899 1299 2948 amplius
1322 2911 1509 2948 superesse
1534 2899 1614 2947 quis
1633 2897 1769 2939 credat,
