<?xml version="1.0" encoding="UTF-8"?>
<!DOCTYPE html PUBLIC "-//W3C//DTD XHTML 1.0 Transitional//EN"
    "http://www.w3.org/TR/xhtml1/DTD/xhtml1-transitional.dtd">
<html xmlns="http://www.w3.org/1999/xhtml" xml:lang="en" lang="en">
 <head>
  <title>
</title>
<meta http-equiv="Content-Type" content="text/html;charset=utf-8" />
  <meta name='ocr-system' content='tesseract 3.04.00' />
  <meta name='ocr-capabilities' content='ocr_page ocr_carea ocr_par ocr_line ocrx_word'/>
</head>
<body>
  <div class='ocr_page' id='page_1' title='image "./corpusscriptorum20niebuoft_0598.png"; bbox 0 0 1800 3236; ppageno 0'>
   <div class='ocr_carea' id='block_1_1' title="bbox 223 165 1278 221">
    <p class='ocr_par' dir='ltr' id='par_1_1' title="bbox 223 165 1278 221">
     <span class='ocr_line' id='line_1_1' title="bbox 223 165 1278 221; baseline 0 -3"><span class='ocrx_word' id='word_1_1' title='bbox 223 165 328 218; x_wconf 83' lang='lat'><strong><em>584</em></strong></span> <span class='ocrx_word' id='word_1_2' title='bbox 705 171 957 221; x_wconf 88' lang='lat' dir='ltr'>GEORGII</span> <span class='ocrx_word' id='word_1_3' title='bbox 984 171 1278 220; x_wconf 91' lang='lat' dir='ltr'>SYNCELLI</span> 
     </span>
    </p>
   </div>
   <div class='ocr_carea' id='block_1_2' title="bbox 69 281 1793 1758">
    <p class='ocr_par' dir='ltr' id='par_1_2' title="bbox 225 281 1729 486">
     <span class='ocr_line' id='line_1_2' title="bbox 225 281 1726 346; baseline -0.001 -13"><span class='ocrx_word' id='word_1_4' title='bbox 225 283 418 333; x_wconf 75' lang='grc' dir='ltr'><em>στάντων</em></span> <span class='ocrx_word' id='word_1_5' title='bbox 437 283 684 344; x_wconf 76' lang='grc' dir='ltr'><strong><em>Λῖγυπτίων</em></strong></span> <span class='ocrx_word' id='word_1_6' title='bbox 702 289 871 330; x_wconf 77' lang='grc' dir='ltr'><strong><em>καθεῖλε</em></strong></span> <span class='ocrx_word' id='word_1_7' title='bbox 892 284 970 337; x_wconf 78' lang='grc' dir='ltr'><strong><em>τὰς</em></strong></span> <span class='ocrx_word' id='word_1_8' title='bbox 987 281 1139 336; x_wconf 87' lang='grc' dir='ltr'><strong><em>πόλεις.</em></strong></span> <span class='ocrx_word' id='word_1_9' title='bbox 1175 284 1296 344; x_wconf 70' lang='grc' dir='ltr'><strong><em>μέχρι</em></strong></span> <span class='ocrx_word' id='word_1_10' title='bbox 1313 286 1437 331; x_wconf 76' lang='grc' dir='ltr'><strong><em>τοῦδε</em></strong></span> <span class='ocrx_word' id='word_1_11' title='bbox 1458 287 1498 331; x_wconf 77' lang='grc' dir='ltr'><strong><em>οἳ</em></strong></span> <span class='ocrx_word' id='word_1_12' title='bbox 1517 287 1726 346; x_wconf 82' lang='grc' dir='ltr'><strong><em>Λαγίδαι,</em></strong></span> 
     </span>
     <span class='ocr_line' id='line_1_3' title="bbox 227 353 1729 421; baseline 0 -18"><span class='ocrx_word' id='word_1_13' title='bbox 227 359 298 404; x_wconf 83' lang='grc' dir='ltr'><strong><em>καὶ</em></strong></span> <span class='ocrx_word' id='word_1_14' title='bbox 323 354 493 414; x_wconf 75' lang='grc' dir='ltr'><strong><em>σύμπας</em></strong></span> <span class='ocrx_word' id='word_1_15' title='bbox 524 359 600 412; x_wconf 75' lang='grc' dir='ltr'><strong><em>τῆς</em></strong></span> <span class='ocrx_word' id='word_1_16' title='bbox 619 358 916 413; x_wconf 77' lang='grc' dir='ltr'><strong><em>Μακεδονικῆς</em></strong></span> <span class='ocrx_word' id='word_1_17' title='bbox 936 353 1158 413; x_wconf 75' lang='grc' dir='ltr'><em>ἡγεμονίας</em></span> <span class='ocrx_word' id='word_1_18' title='bbox 1175 356 1282 411; x_wconf 81' lang='grc' dir='ltr'><strong><em>μετὰ</em></strong></span> <span class='ocrx_word' id='word_1_19' title='bbox 1304 355 1375 414; x_wconf 63' lang='grc' dir='ltr'><strong><em>ἔτη</em></strong></span> <span class='ocrx_word' id='word_1_20' title='bbox 1397 354 1435 401; x_wconf 84' lang='grc' dir='ltr'><strong><em>τ’</em></strong></span> <span class='ocrx_word' id='word_1_21' title='bbox 1453 362 1529 421; x_wconf 82' lang='grc' dir='ltr'><strong><em>τῆς</em></strong></span> <span class='ocrx_word' id='word_1_22' title='bbox 1547 362 1729 417; x_wconf 83' lang='grc' dir='ltr'><strong><em>Περσῶν</em></strong></span> 
     </span>
     <span class='ocr_line' id='line_1_4' title="bbox 228 423 1728 486; baseline 0 -13"><span class='ocrx_word' id='word_1_23' title='bbox 228 426 516 486; x_wconf 73' lang='grc' dir='ltr'><strong><em>καθαιρέσεως</em></strong></span> <span class='ocrx_word' id='word_1_24' title='bbox 543 428 660 470; x_wconf 85' lang='grc' dir='ltr'><strong><em>δυοῖν</em></strong></span> <span class='ocrx_word' id='word_1_25' title='bbox 693 425 856 470; x_wconf 75' lang='grc' dir='ltr'><strong><em>δέοντα.</em></strong></span> <span class='ocrx_word' id='word_1_26' title='bbox 894 423 1146 483; x_wconf 75' lang='grc' dir='ltr'><strong><em>συνάγονται</em></strong></span> <span class='ocrx_word' id='word_1_27' title='bbox 1163 427 1303 470; x_wconf 82' lang='grc' dir='ltr'><strong><em>τοίνυν</em></strong></span> <span class='ocrx_word' id='word_1_28' title='bbox 1324 427 1365 470; x_wconf 78' lang='grc' dir='ltr'><strong><em>οἱ</em></strong></span> <span class='ocrx_word' id='word_1_29' title='bbox 1378 425 1523 486; x_wconf 80' lang='grc' dir='ltr'><strong><em>χρόνοι</em></strong></span> <span class='ocrx_word' id='word_1_30' title='bbox 1548 428 1631 473; x_wconf 80' lang='grc' dir='ltr'><strong><em>ἀπὸ</em></strong></span> <span class='ocrx_word' id='word_1_31' title='bbox 1651 430 1728 486; x_wconf 70' lang='grc' dir='ltr'><strong><em>μὲν</em></strong></span> 
     </span>
    </p>

    <p class='ocr_par' dir='ltr' id='par_1_3' title="bbox 189 492 1760 769">
     <span class='ocr_line' id='line_1_5' title="bbox 189 492 1730 556; baseline 0 -13"><span class='ocrx_word' id='word_1_32' title='bbox 189 503 309 556; x_wconf 65' lang='grc' dir='ltr'><strong><em>»τῆς</em></strong></span> <span class='ocrx_word' id='word_1_33' title='bbox 337 494 600 543; x_wconf 75' lang='grc' dir='ltr'><strong><em>Μακεδόνων</em></strong></span> <span class='ocrx_word' id='word_1_34' title='bbox 631 496 765 554; x_wconf 77' lang='grc' dir='ltr'><strong><em>ἀρχῆς</em></strong></span> <span class='ocrx_word' id='word_1_35' title='bbox 798 496 868 540; x_wconf 81' lang='grc' dir='ltr'><strong><em>καὶ</em></strong></span> <span class='ocrx_word' id='word_1_36' title='bbox 902 492 1171 547; x_wconf 74' lang='grc' dir='ltr'><strong><em>καταλύσεως</em></strong></span> <span class='ocrx_word' id='word_1_37' title='bbox 1201 496 1310 540; x_wconf 82' lang='grc' dir='ltr'><strong><em>κατὰ</em></strong></span> <span class='ocrx_word' id='word_1_38' title='bbox 1334 499 1630 555; x_wconf 83' lang='grc' dir='ltr'><strong><em>Πτολεμαίους</em></strong></span> <span class='ocrx_word' id='word_1_39' title='bbox 1660 501 1730 543; x_wconf 82' lang='grc' dir='ltr'><strong><em>καὶ</em></strong></span> 
     </span>
     <span class='ocr_line' id='line_1_6' title="bbox 225 563 1760 627; baseline -0.002 -13"><span class='ocrx_word' id='word_1_40' title='bbox 225 569 305 627; x_wconf 82' lang='grc' dir='ltr'><strong><em>τὴν</em></strong></span> <span class='ocrx_word' id='word_1_41' title='bbox 333 567 574 612; x_wconf 76' lang='grc' dir='ltr'><strong><em>τελευταίαν</em></strong></span> <span class='ocrx_word' id='word_1_42' title='bbox 599 563 904 624; x_wconf 77' lang='grc' dir='ltr'><strong><em>Κλεοπάτραν,</em></strong></span> <span class='ocrx_word' id='word_1_43' title='bbox 945 564 967 610; x_wconf 75' lang='grc' dir='ltr'>ὃ</span> <span class='ocrx_word' id='word_1_44' title='bbox 997 566 1150 623; x_wconf 79' lang='grc' dir='ltr'><strong><em>γίνεται</em></strong></span> <span class='ocrx_word' id='word_1_45' title='bbox 1175 570 1251 624; x_wconf 85' lang='grc' dir='ltr'><strong><em>τῆς</em></strong></span> <span class='ocrx_word' id='word_1_46' title='bbox 1265 565 1481 623; x_wconf 86' lang='grc' dir='ltr'><strong><em>Ῥωμαίων</em></strong></span> <span class='ocrx_word' id='word_1_47' title='bbox 1496 571 1760 627; x_wconf 87' lang='grc' dir='ltr'><strong><em>μοναρχίας5</em></strong></span> 
     </span>
     <span class='ocr_line' id='line_1_7' title="bbox 224 633 1730 698; baseline 0.001 -16"><span class='ocrx_word' id='word_1_48' title='bbox 224 638 443 697; x_wconf 76' lang='grc' dir='ltr'><strong><em>ἡγεμονίας</em></strong></span> <span class='ocrx_word' id='word_1_49' title='bbox 457 636 550 689; x_wconf 69' lang='grc' dir='ltr'><strong><em>ἔτος</em></strong></span> <span class='ocrx_word' id='word_1_50' title='bbox 569 633 641 692; x_wconf 81' lang='grc' dir='ltr'><strong><em>ια’,</em></strong></span> <span class='ocrx_word' id='word_1_51' title='bbox 672 633 933 693; x_wconf 82' lang='grc' dir='ltr'><strong><em>ὀλυμπιάδος</em></strong></span> <span class='ocrx_word' id='word_1_52' title='bbox 953 636 999 680; x_wconf 80' lang='grc' dir='ltr'><strong><em>δὲ</em></strong></span> <span class='ocrx_word' id='word_1_53' title='bbox 1017 633 1112 696; x_wconf 75' lang='grc' dir='ltr'><strong><em>ρπζ</em></strong></span> <span class='ocrx_word' id='word_1_54' title='bbox 1133 634 1224 689; x_wconf 69' lang='grc' dir='ltr'><strong><em>ἔτος</em></strong></span> <span class='ocrx_word' id='word_1_55' title='bbox 1245 634 1285 681; x_wconf 85' lang='grc' dir='ltr'><strong><em>δ’</em></strong></span> <span class='ocrx_word' id='word_1_56' title='bbox 1306 635 1533 696; x_wconf 79' lang='grc' dir='ltr'><strong><em>σύμπαντα</em></strong></span> <span class='ocrx_word' id='word_1_57' title='bbox 1553 638 1624 698; x_wconf 65' lang='grc' dir='ltr'><strong><em>ἔτη</em></strong></span> <span class='ocrx_word' id='word_1_58' title='bbox 1646 639 1730 684; x_wconf 83' lang='grc' dir='ltr'><strong><em>ἀπὸ</em></strong></span> 
     </span>
     <span class='ocr_line' id='line_1_8' title="bbox 220 704 515 769; baseline -0.01 -15"><span class='ocrx_word' id='word_1_59' title='bbox 220 708 356 766; x_wconf 77' lang='grc' dir='ltr'><strong><em>Ἀδὰμ</em></strong></span> <span class='ocrx_word' id='word_1_60' title='bbox 374 704 515 769; x_wconf 47' lang='grc' dir='ltr'><strong><em>Ιευορμ.</em></strong></span> 
     </span>
    </p>

    <p class='ocr_par' dir='ltr' id='par_1_4' title="bbox 78 774 1472 837">
     <span class='ocr_line' id='line_1_9' title="bbox 78 774 1472 837; baseline 0 -15"><span class='ocrx_word' id='word_1_61' title='bbox 78 797 121 836; x_wconf 63' lang='grc' dir='ltr'><strong><em>ν,</em></strong></span> <span class='ocrx_word' id='word_1_62' title='bbox 144 795 216 835; x_wconf 75' lang='lat'><strong><em>245</em></strong></span> <span class='ocrx_word' id='word_1_63' title='bbox 336 777 467 824; x_wconf 76' lang='grc' dir='ltr'><strong><em>Μετὰ</em></strong></span> <span class='ocrx_word' id='word_1_64' title='bbox 479 776 790 837; x_wconf 78' lang='grc' dir='ltr'><strong><em>Ἀλεξανδρείας</em></strong></span> <span class='ocrx_word' id='word_1_65' title='bbox 813 774 970 822; x_wconf 82' lang='grc' dir='ltr'><strong><em>ἅλωσιν</em></strong></span> <span class='ocrx_word' id='word_1_66' title='bbox 991 774 1198 834; x_wconf 76' lang='grc' dir='ltr'><strong><em>ὀλυμπιὰς</em></strong></span> <span class='ocrx_word' id='word_1_67' title='bbox 1218 775 1336 836; x_wconf 70' lang='grc' dir='ltr'><strong><em>ἤχθη</em></strong></span> <span class='ocrx_word' id='word_1_68' title='bbox 1360 775 1472 836; x_wconf 62' lang='grc' dir='ltr'><strong><em>ρπηῖ,</em></strong></span> 
     </span>
    </p>

    <p class='ocr_par' dir='ltr' id='par_1_5' title="bbox 226 845 1791 1048">
     <span class='ocr_line' id='line_1_10' title="bbox 324 845 1733 908; baseline 0.001 -15"><span class='ocrx_word' id='word_1_69' title='bbox 324 845 522 908; x_wconf 83' lang='grc' dir='ltr'><strong><em>Ἡρώδης</em></strong></span> <span class='ocrx_word' id='word_1_70' title='bbox 563 847 775 900; x_wconf 71' lang='grc' dir='ltr'><strong><em>ἐπικτίσας</em></strong></span> <span class='ocrx_word' id='word_1_71' title='bbox 794 852 879 893; x_wconf 83' lang='grc' dir='ltr'><strong><em>τῶν</em></strong></span> <span class='ocrx_word' id='word_1_72' title='bbox 914 851 957 892; x_wconf 91' lang='grc' dir='ltr'><em>Γ</em></span> <span class='ocrx_word' id='word_1_73' title='bbox 954 849 1125 904; x_wconf 79' lang='grc' dir='ltr'><strong><em>αβινίων</em></strong></span> <span class='ocrx_word' id='word_1_74' title='bbox 1156 845 1301 902; x_wconf 82' lang='grc' dir='ltr'><strong><em>πόλιν,</em></strong></span> <span class='ocrx_word' id='word_1_75' title='bbox 1340 846 1417 906; x_wconf 85' lang='grc' dir='ltr'><strong><em>τήν</em></strong></span> <span class='ocrx_word' id='word_1_76' title='bbox 1449 866 1551 894; x_wconf 89' lang='grc' dir='ltr'><strong><em>ποτε</em></strong></span> <span class='ocrx_word' id='word_1_77' title='bbox 1580 846 1733 906; x_wconf 78' lang='grc' dir='ltr'><strong><em>Σαμά-</em></strong></span> 
     </span>
     <span class='ocr_line' id='line_1_11' title="bbox 227 915 1791 979; baseline 0.002 -16"><span class='ocrx_word' id='word_1_78' title='bbox 227 937 363 979; x_wconf 82' lang='grc' dir='ltr'><strong><em>ρειαν,</em></strong></span> <span class='ocrx_word' id='word_1_79' title='bbox 402 918 624 975; x_wconf 80' lang='grc' dir='ltr'><strong><em>Σεβαστὴν</em></strong></span> <span class='ocrx_word' id='word_1_80' title='bbox 648 918 781 976; x_wconf 76' lang='grc' dir='ltr'><strong><em>αὐτὴν</em></strong></span> <span class='ocrx_word' id='word_1_81' title='bbox 801 915 1135 977; x_wconf 82' lang='grc' dir='ltr'><strong><em>προσηγόρευσε·</em></strong></span> <span class='ocrx_word' id='word_1_82' title='bbox 1170 918 1219 963; x_wconf 82' lang='grc' dir='ltr'><strong><em>τὸ</em></strong></span> <span class='ocrx_word' id='word_1_83' title='bbox 1246 919 1291 962; x_wconf 81' lang='grc' dir='ltr'><strong><em>δὲ</em></strong></span> <span class='ocrx_word' id='word_1_84' title='bbox 1313 918 1485 963; x_wconf 76' lang='grc' dir='ltr'><strong><em>ἐπίνειον</em></strong></span> <span class='ocrx_word' id='word_1_85' title='bbox 1503 919 1635 977; x_wconf 81' lang='grc' dir='ltr'><strong><em>αὐτῆς</em></strong></span> <span class='ocrx_word' id='word_1_86' title='bbox 1658 921 1731 965; x_wconf 86' lang='grc' dir='ltr'><strong><em>τὸν</em></strong></span> <span class='ocrx_word' id='word_1_87' title='bbox 1745 930 1791 967; x_wconf 88' lang='grc'><strong>10</strong></span> 
     </span>
     <span class='ocr_line' id='line_1_12' title="bbox 226 986 1734 1048; baseline 0.001 -14"><span class='ocrx_word' id='word_1_88' title='bbox 226 988 480 1048; x_wconf 79' lang='grc' dir='ltr'><strong><em>Στράτωνος</em></strong></span> <span class='ocrx_word' id='word_1_89' title='bbox 523 986 682 1048; x_wconf 79' lang='grc' dir='ltr'><strong><em>πύργον</em></strong></span> <span class='ocrx_word' id='word_1_90' title='bbox 709 989 887 1040; x_wconf 88' lang='grc' dir='ltr'><strong><em>πολίσας</em></strong></span> <span class='ocrx_word' id='word_1_91' title='bbox 916 987 1000 1032; x_wconf 79' lang='grc' dir='ltr'><strong><em>ἀπὸ</em></strong></span> <span class='ocrx_word' id='word_1_92' title='bbox 1032 993 1110 1033; x_wconf 83' lang='grc' dir='ltr'><strong><em>τοῦ</em></strong></span> <span class='ocrx_word' id='word_1_93' title='bbox 1138 987 1270 1032; x_wconf 83' lang='grc' dir='ltr'><strong><em>αὗτοῦ</em></strong></span> <span class='ocrx_word' id='word_1_94' title='bbox 1301 987 1564 1048; x_wconf 79' lang='grc' dir='ltr'><strong><em>Καισάρειαν</em></strong></span> <span class='ocrx_word' id='word_1_95' title='bbox 1590 989 1734 1035; x_wconf 73' lang='grc' dir='ltr'><strong><em>ἐκάλε-</em></strong></span> 
     </span>
    </p>

    <p class='ocr_par' dir='ltr' id='par_1_6' title="bbox 69 1055 1793 1399">
     <span class='ocr_line' id='line_1_13' title="bbox 69 1055 1734 1119; baseline 0 -14"><span class='ocrx_word' id='word_1_96' title='bbox 69 1070 113 1106; x_wconf 88' lang='grc' dir='ltr'><strong><em>Ρ.</em></strong></span> <span class='ocrx_word' id='word_1_97' title='bbox 131 1070 203 1107; x_wconf 84' lang='grc'><strong><em>309</em></strong></span> <span class='ocrx_word' id='word_1_98' title='bbox 228 1077 297 1104; x_wconf 84' lang='grc' dir='ltr'><strong><em>σεν</em></strong></span> <span class='ocrx_word' id='word_1_99' title='bbox 319 1058 392 1119; x_wconf 70' lang='grc' dir='ltr'><strong><em>ἐφ’</em></strong></span> <span class='ocrx_word' id='word_1_100' title='bbox 417 1055 593 1117; x_wconf 70' lang='grc' dir='ltr'><strong><em>ἑκάτερα</em></strong></span> <span class='ocrx_word' id='word_1_101' title='bbox 612 1059 714 1104; x_wconf 81' lang='grc' dir='ltr'><strong><em>ναὸν</em></strong></span> <span class='ocrx_word' id='word_1_102' title='bbox 740 1059 896 1117; x_wconf 71' lang='grc' dir='ltr'><strong><em>ἐγείρας</em></strong></span> <span class='ocrx_word' id='word_1_103' title='bbox 911 1058 1157 1118; x_wconf 83' lang='grc' dir='ltr'><strong><em>Ὀκταουίῳ.</em></strong></span> <span class='ocrx_word' id='word_1_104' title='bbox 1180 1057 1356 1117; x_wconf 71' lang='grc' dir='ltr'><strong><em>ὕστερον</em></strong></span> <span class='ocrx_word' id='word_1_105' title='bbox 1380 1061 1425 1103; x_wconf 73' lang='grc' dir='ltr'><strong><em>δὲ</em></strong></span> <span class='ocrx_word' id='word_1_106' title='bbox 1449 1062 1518 1104; x_wconf 80' lang='grc' dir='ltr'><strong><em>καὶ</em></strong></span> <span class='ocrx_word' id='word_1_107' title='bbox 1537 1061 1734 1105; x_wconf 86' lang='grc' dir='ltr'><strong><em>Ἀντιπα-</em></strong></span> 
     </span>
     <span class='ocr_line' id='line_1_14' title="bbox 224 1127 1735 1190; baseline 0.001 -16"><span class='ocrx_word' id='word_1_108' title='bbox 224 1131 349 1189; x_wconf 90' lang='grc' dir='ltr'><strong><em>τρίδα</em></strong></span> <span class='ocrx_word' id='word_1_109' title='bbox 369 1130 489 1183; x_wconf 82' lang='grc' dir='ltr'><strong><em>κτίζει</em></strong></span> <span class='ocrx_word' id='word_1_110' title='bbox 511 1130 555 1173; x_wconf 73' lang='grc' dir='ltr'><strong><em>ἓν</em></strong></span> <span class='ocrx_word' id='word_1_111' title='bbox 577 1134 636 1189; x_wconf 77' lang='grc' dir='ltr'><strong><em>τῷ</em></strong></span> <span class='ocrx_word' id='word_1_112' title='bbox 653 1131 794 1189; x_wconf 76' lang='grc' dir='ltr'><strong><em>Λυδῷ</em></strong></span> <span class='ocrx_word' id='word_1_113' title='bbox 817 1130 945 1190; x_wconf 75' lang='grc' dir='ltr'><strong><em>πεδίῳ</em></strong></span> <span class='ocrx_word' id='word_1_114' title='bbox 968 1128 1051 1173; x_wconf 81' lang='grc' dir='ltr'><strong><em>ἀπὸ</em></strong></span> <span class='ocrx_word' id='word_1_115' title='bbox 1073 1133 1148 1173; x_wconf 81' lang='grc' dir='ltr'><strong><em>τοῦ</em></strong></span> <span class='ocrx_word' id='word_1_116' title='bbox 1171 1127 1324 1173; x_wconf 68' lang='grc' dir='ltr'><strong><em>ἑαυτοῦ</em></strong></span> <span class='ocrx_word' id='word_1_117' title='bbox 1347 1130 1523 1188; x_wconf 81' lang='grc' dir='ltr'><strong><em>πατρὸς,</em></strong></span> <span class='ocrx_word' id='word_1_118' title='bbox 1546 1133 1615 1175; x_wconf 86' lang='grc' dir='ltr'><strong><em>καὶ</em></strong></span> <span class='ocrx_word' id='word_1_119' title='bbox 1635 1131 1735 1183; x_wconf 75' lang='grc' dir='ltr'><strong><em>τοὺς</em></strong></span> 
     </span>
     <span class='ocr_line' id='line_1_15' title="bbox 226 1193 1735 1263; baseline 0.001 -18"><span class='ocrx_word' id='word_1_120' title='bbox 226 1202 320 1259; x_wconf 81' lang='grc' dir='ltr'><strong><em>περὶ</em></strong></span> <span class='ocrx_word' id='word_1_121' title='bbox 351 1199 428 1257; x_wconf 83' lang='grc' dir='ltr'><strong><em>τὴν</em></strong></span> <span class='ocrx_word' id='word_1_122' title='bbox 450 1199 672 1256; x_wconf 76' lang='grc' dir='ltr'><strong><em>Σεβαστὴν</em></strong></span> <span class='ocrx_word' id='word_1_123' title='bbox 691 1201 909 1251; x_wconf 76' lang='grc' dir='ltr'><strong><em>οἰκοῦντας</em></strong></span> <span class='ocrx_word' id='word_1_124' title='bbox 919 1232 934 1253; x_wconf 87' lang='grc'>,</span> <span class='ocrx_word' id='word_1_125' title='bbox 974 1193 1032 1244; x_wconf 76' lang='grc' dir='ltr'><strong><em>ὧν</em></strong></span> <span class='ocrx_word' id='word_1_126' title='bbox 1052 1198 1254 1263; x_wconf 78' lang='grc' dir='ltr'><strong><em>ἀφείλατο</em></strong></span> <span class='ocrx_word' id='word_1_127' title='bbox 1278 1198 1355 1256; x_wconf 84' lang='grc' dir='ltr'><strong><em>τὴν</em></strong></span> <span class='ocrx_word' id='word_1_128' title='bbox 1373 1205 1471 1257; x_wconf 74' lang='grc' dir='ltr'><strong><em>γῆν,</em></strong></span> <span class='ocrx_word' id='word_1_129' title='bbox 1511 1200 1735 1262; x_wconf 72' lang='grc' dir='ltr'><strong><em>ἐγκατῴκι-</em></strong></span> 
     </span>
     <span class='ocr_line' id='line_1_16' title="bbox 227 1267 1793 1329; baseline 0.001 -14"><span class='ocrx_word' id='word_1_130' title='bbox 227 1287 297 1315; x_wconf 87' lang='grc' dir='ltr'><strong><em>σεν</em></strong></span> <span class='ocrx_word' id='word_1_131' title='bbox 322 1271 365 1314; x_wconf 77' lang='grc' dir='ltr'><strong><em>ἒν</em></strong></span> <span class='ocrx_word' id='word_1_132' title='bbox 389 1269 510 1329; x_wconf 75' lang='grc' dir='ltr'><strong><em>αὐτῇ.</em></strong></span> <span class='ocrx_word' id='word_1_133' title='bbox 548 1269 679 1314; x_wconf 66' lang='grc' dir='ltr'><strong><em>ξ’κτισε</em></strong></span> <span class='ocrx_word' id='word_1_134' title='bbox 701 1270 747 1313; x_wconf 78' lang='grc' dir='ltr'><strong><em>δὲ</em></strong></span> <span class='ocrx_word' id='word_1_135' title='bbox 770 1271 839 1313; x_wconf 83' lang='grc' dir='ltr'><strong><em>καὶ</em></strong></span> <span class='ocrx_word' id='word_1_136' title='bbox 862 1267 1005 1328; x_wconf 74' lang='grc' dir='ltr'><strong><em>ἑτέρας</em></strong></span> <span class='ocrx_word' id='word_1_137' title='bbox 1023 1267 1189 1324; x_wconf 81' lang='grc' dir='ltr'><strong><em>πόλεις,</em></strong></span> <span class='ocrx_word' id='word_1_138' title='bbox 1228 1271 1405 1322; x_wconf 82' lang='grc' dir='ltr'><strong><em>καὶτοῖς</em></strong></span> <span class='ocrx_word' id='word_1_139' title='bbox 1422 1272 1499 1327; x_wconf 75' lang='grc' dir='ltr'><strong><em>μὲν</em></strong></span> <span class='ocrx_word' id='word_1_140' title='bbox 1514 1270 1735 1325; x_wconf 87' lang='grc' dir='ltr'><strong><em>Ἰουδαίοις</em></strong></span> <span class='ocrx_word' id='word_1_141' title='bbox 1747 1279 1793 1317; x_wconf 86' lang='grc'><strong>15</strong></span> 
     </span>
     <span class='ocr_line' id='line_1_17' title="bbox 226 1335 1261 1399; baseline -0.001 -15"><span class='ocrx_word' id='word_1_142' title='bbox 226 1340 364 1399; x_wconf 68' lang='grc' dir='ltr'><strong><em>βαρὺς</em></strong></span> <span class='ocrx_word' id='word_1_143' title='bbox 383 1335 459 1397; x_wconf 73' lang='grc' dir='ltr'><strong><em>ἦν,</em></strong></span> <span class='ocrx_word' id='word_1_144' title='bbox 497 1346 586 1391; x_wconf 78' lang='grc' dir='ltr'><strong><em>τοῖς</em></strong></span> <span class='ocrx_word' id='word_1_145' title='bbox 607 1341 653 1384; x_wconf 75' lang='grc' dir='ltr'><strong><em>δὲ</em></strong></span> <span class='ocrx_word' id='word_1_146' title='bbox 671 1339 814 1391; x_wconf 74' lang='grc' dir='ltr'><strong><em>ἄλλοις</em></strong></span> <span class='ocrx_word' id='word_1_147' title='bbox 835 1338 976 1383; x_wconf 63' lang='grc' dir='ltr'><strong><em>ἔθνεσι</em></strong></span> <span class='ocrx_word' id='word_1_148' title='bbox 998 1337 1261 1391; x_wconf 78' lang='grc' dir='ltr'><strong><em>δεξιώτατος.</em></strong></span> 
     </span>
    </p>

    <p class='ocr_par' dir='ltr' id='par_1_7' title="bbox 219 1405 1736 1539">
     <span class='ocr_line' id='line_1_18' title="bbox 321 1405 1736 1469; baseline 0.001 -15"><span class='ocrx_word' id='word_1_149' title='bbox 321 1405 407 1454; x_wconf 59' lang='grc' dir='ltr'><strong><em>Ἠν</em></strong></span> <span class='ocrx_word' id='word_1_150' title='bbox 435 1410 643 1465; x_wconf 82' lang='grc' dir='ltr'><strong><em>ὀλυμπιὰς</em></strong></span> <span class='ocrx_word' id='word_1_151' title='bbox 674 1408 793 1469; x_wconf 76' lang='grc' dir='ltr'><strong><em>ρπθ’,</em></strong></span> <span class='ocrx_word' id='word_1_152' title='bbox 832 1408 923 1467; x_wconf 79' lang='grc' dir='ltr'><strong><em>ἣτις</em></strong></span> <span class='ocrx_word' id='word_1_153' title='bbox 951 1409 1032 1468; x_wconf 83' lang='grc' dir='ltr'><strong><em>πρὸ</em></strong></span> <span class='ocrx_word' id='word_1_154' title='bbox 1068 1407 1103 1461; x_wconf 85' lang='grc' dir='ltr'><strong><em>ς’</em></strong></span> <span class='ocrx_word' id='word_1_155' title='bbox 1136 1411 1358 1454; x_wconf 82' lang='grc' dir='ltr'><strong><em>καλανδῶν</em></strong></span> <span class='ocrx_word' id='word_1_156' title='bbox 1390 1412 1604 1469; x_wconf 76' lang='grc' dir='ltr'><strong><em>,Μαρτίων</em></strong></span> <span class='ocrx_word' id='word_1_157' title='bbox 1626 1412 1736 1456; x_wconf 80' lang='grc' dir='ltr'><strong><em>κατὰ</em></strong></span> 
     </span>
     <span class='ocr_line' id='line_1_19' title="bbox 219 1474 1733 1539; baseline 0.001 -13"><span class='ocrx_word' id='word_1_158' title='bbox 219 1480 442 1536; x_wconf 78' lang='grc' dir='ltr'><strong><em>Ἀντιοχεῖς</em></strong></span> <span class='ocrx_word' id='word_1_159' title='bbox 464 1478 528 1524; x_wconf 86' lang='grc' dir='ltr'><strong><em>κδ’</em></strong></span> <span class='ocrx_word' id='word_1_160' title='bbox 555 1479 698 1537; x_wconf 70' lang='grc' dir='ltr'><em>ἤχθη,</em></span> <span class='ocrx_word' id='word_1_161' title='bbox 740 1479 802 1523; x_wconf 77' lang='grc' dir='ltr'><strong><em>δι’</em></strong></span> <span class='ocrx_word' id='word_1_162' title='bbox 826 1474 878 1536; x_wconf 66' lang='grc' dir='ltr'><strong><em>ἧς</em></strong></span> <span class='ocrx_word' id='word_1_163' title='bbox 897 1480 963 1523; x_wconf 73' lang='grc' dir='ltr'><strong><em>ἐπὶ</em></strong></span> <span class='ocrx_word' id='word_1_164' title='bbox 984 1484 1069 1524; x_wconf 83' lang='grc' dir='ltr'><strong><em>τῶν</em></strong></span> <span class='ocrx_word' id='word_1_165' title='bbox 1093 1481 1209 1524; x_wconf 82' lang='grc' dir='ltr'><strong><em>ῗδίων</em></strong></span> <span class='ocrx_word' id='word_1_166' title='bbox 1235 1479 1345 1539; x_wconf 78' lang='grc' dir='ltr'><strong><em>ὅρων</em></strong></span> <span class='ocrx_word' id='word_1_167' title='bbox 1366 1479 1465 1539; x_wconf 65' lang='grc' dir='ltr'><strong><em>ἵστη</em></strong></span> <span class='ocrx_word' id='word_1_168' title='bbox 1488 1480 1509 1526; x_wconf 83' lang='grc' dir='ltr'><em>ὃ</em></span> <span class='ocrx_word' id='word_1_169' title='bbox 1532 1481 1733 1535; x_wconf 73' lang='grc' dir='ltr'><strong><em>ἐνιαυτός.</em></strong></span> 
     </span>
    </p>

    <p class='ocr_par' dir='ltr' id='par_1_8' title="bbox 324 1548 1736 1610">
     <span class='ocr_line' id='line_1_20' title="bbox 324 1548 1736 1610; baseline 0.001 -15"><span class='ocrx_word' id='word_1_170' title='bbox 324 1549 578 1610; x_wconf 78' lang='grc' dir='ltr'><strong><em>Ἀφρικανὸς</em></strong></span> <span class='ocrx_word' id='word_1_171' title='bbox 606 1549 736 1602; x_wconf 74' lang='grc' dir='ltr'><strong><em>ἐάσας</em></strong></span> <span class='ocrx_word' id='word_1_172' title='bbox 758 1551 897 1597; x_wconf 75' lang='grc' dir='ltr'><strong><em>,εἰπεῖν</em></strong></span> <span class='ocrx_word' id='word_1_173' title='bbox 929 1548 1042 1595; x_wconf 88' lang='grc' dir='ltr'><strong><em>πόσα</em></strong></span> <span class='ocrx_word' id='word_1_174' title='bbox 1074 1549 1145 1608; x_wconf 64' lang='grc' dir='ltr'><strong><em>ἔτη</em></strong></span> <span class='ocrx_word' id='word_1_175' title='bbox 1170 1549 1375 1610; x_wconf 79' lang='grc' dir='ltr'><strong><em>Ὑρκανὸς</em></strong></span> <span class='ocrx_word' id='word_1_176' title='bbox 1406 1549 1594 1609; x_wconf 75' lang='grc' dir='ltr'><strong><em>ἡγήσατο</em></strong></span> <span class='ocrx_word' id='word_1_177' title='bbox 1627 1553 1736 1597; x_wconf 85' lang='grc' dir='ltr'><strong><em>Ἰου-</em></strong></span> 
     </span>
    </p>

    <p class='ocr_par' dir='ltr' id='par_1_9' title="bbox 320 1645 1664 1697">
     <span class='ocr_line' id='line_1_21' title="bbox 320 1645 1664 1697; baseline 0.001 -11"><span class='ocrx_word' id='word_1_178' title='bbox 320 1651 357 1687; x_wconf 77' lang='lat'><strong><em>2.</em></strong></span> <span class='ocrx_word' id='word_1_179' title='bbox 380 1645 597 1696; x_wconf 77' lang='grc' dir='ltr'><strong><em>ἡγεμονίας]</em></strong></span> <span class='ocrx_word' id='word_1_180' title='bbox 620 1647 756 1697; x_wconf 81' lang='grc' dir='ltr'><strong><em>χρόνος</em></strong></span> <span class='ocrx_word' id='word_1_181' title='bbox 774 1648 872 1685; x_wconf 81' lang='lat' dir='ltr'>addit</span> <span class='ocrx_word' id='word_1_182' title='bbox 891 1648 1064 1695; x_wconf 73' lang='lat' dir='ltr'><strong>Scaliger.</strong></span> <span class='ocrx_word' id='word_1_183' title='bbox 1175 1651 1211 1687; x_wconf 87' lang='lat'><strong><em>3.</em></strong></span> <span class='ocrx_word' id='word_1_184' title='bbox 1238 1648 1388 1696; x_wconf 79' lang='grc' dir='ltr'><strong><em>δέοντα]</em></strong></span> <span class='ocrx_word' id='word_1_185' title='bbox 1418 1648 1460 1687; x_wconf 69' lang='grc' dir='ltr'><strong><em>δὲ</em></strong></span> <span class='ocrx_word' id='word_1_186' title='bbox 1480 1648 1575 1689; x_wconf 83' lang='grc' dir='ltr'><strong><em>ὄντα</em></strong></span> <span class='ocrx_word' id='word_1_187' title='bbox 1590 1653 1664 1687; x_wconf 91' lang='grc' dir='ltr'><strong><em>ΑΒ.</em></strong></span> 
     </span>
    </p>

    <p class='ocr_par' dir='ltr' id='par_1_10' title="bbox 319 1694 1734 1758">
     <span class='ocr_line' id='line_1_22' title="bbox 319 1694 1734 1758; baseline 0.001 -25"><span class='ocrx_word' id='word_1_188' title='bbox 319 1694 390 1744; x_wconf 69' lang='grc' dir='ltr'><strong><em>μὲν</em></strong></span> <span class='ocrx_word' id='word_1_189' title='bbox 409 1697 492 1742; x_wconf 83' lang='grc' dir='ltr'><strong><em>τῆς]</em></strong></span> <span class='ocrx_word' id='word_1_190' title='bbox 516 1697 647 1743; x_wconf 85' lang='grc' dir='ltr'><strong><em>μέντοι</em></strong></span> <span class='ocrx_word' id='word_1_191' title='bbox 671 1699 720 1734; x_wconf 89' lang='lat' dir='ltr'><strong><em>G.</em></strong></span> <span class='ocrx_word' id='word_1_192' title='bbox 821 1695 856 1733; x_wconf 86' lang='grc'><strong><em>4-</em></strong></span> <span class='ocrx_word' id='word_1_193' title='bbox 890 1697 969 1742; x_wconf 82' lang='grc' dir='ltr'><strong><em>καὶ]</em></strong></span> <span class='ocrx_word' id='word_1_194' title='bbox 997 1696 1067 1739; x_wconf 75' lang='grc' dir='ltr'><strong><em>ἕως</em></strong></span> <span class='ocrx_word' id='word_1_195' title='bbox 1090 1709 1135 1732; x_wconf 83' lang='lat' dir='ltr'><strong><em>m·</em></strong></span> <span class='ocrx_word' id='word_1_196' title='bbox 1249 1698 1286 1734; x_wconf 90' lang='grc'><strong><em>5.</em></strong></span> <span class='ocrx_word' id='word_1_197' title='bbox 1309 1701 1539 1758; x_wconf 54' lang='grc' dir='ltr'><strong><em>μοναρχικῆς</em></strong></span> <span class='ocrx_word' id='word_1_198' title='bbox 1560 1700 1734 1747; x_wconf 78' lang='lat' dir='ltr'>Scaliger.</span> 
     </span>
    </p>
   </div>
   <div class='ocr_carea' id='block_1_3' title="bbox 318 1741 1734 1841">
    <p class='ocr_par' dir='ltr' id='par_1_11' title="bbox 318 1741 1734 1841">
     <span class='ocr_line' id='line_1_23' title="bbox 318 1741 1664 1795; baseline 0.001 -15"><span class='ocrx_word' id='word_1_199' title='bbox 318 1747 530 1791; x_wconf 82' lang='grc' dir='ltr'><strong><em>μοναρχίας</em></strong></span> <span class='ocrx_word' id='word_1_200' title='bbox 546 1745 611 1781; x_wconf 81' lang='grc' dir='ltr'><strong><em>καὶ</em></strong></span> <span class='ocrx_word' id='word_1_201' title='bbox 633 1757 677 1780; x_wconf 87' lang='grc' dir='ltr'><strong><em>ιιι.</em></strong></span> <span class='ocrx_word' id='word_1_202' title='bbox 782 1746 817 1780; x_wconf 90' lang='grc'><strong><em>6.</em></strong></span> <span class='ocrx_word' id='word_1_203' title='bbox 843 1741 926 1786; x_wconf 76' lang='grc' dir='ltr'><strong><em>ἔτος</em></strong></span> <span class='ocrx_word' id='word_1_204' title='bbox 942 1743 975 1779; x_wconf 88' lang='grc' dir='ltr'><strong><em>δ’</em></strong></span> <span class='ocrx_word' id='word_1_205' title='bbox 998 1745 1042 1780; x_wconf 91' lang='grc' dir='ltr'><strong><em>Β.</em></strong></span> <span class='ocrx_word' id='word_1_206' title='bbox 1069 1743 1179 1786; x_wconf 76' lang='grc' dir='ltr'><strong><em>ἔτους</em></strong></span> <span class='ocrx_word' id='word_1_207' title='bbox 1200 1742 1234 1780; x_wconf 81' lang='grc' dir='ltr'><strong><em>δ’</em></strong></span> <span class='ocrx_word' id='word_1_208' title='bbox 1254 1745 1302 1780; x_wconf 91' lang='lat' dir='ltr'><strong><em>G.</em></strong></span> <span class='ocrx_word' id='word_1_209' title='bbox 1407 1747 1441 1782; x_wconf 90' lang='lat'><strong><em>8.</em></strong></span> <span class='ocrx_word' id='word_1_210' title='bbox 1466 1750 1593 1795; x_wconf 78' lang='grc' dir='ltr'><strong><em>ηρχθη</em></strong></span> <span class='ocrx_word' id='word_1_211' title='bbox 1617 1748 1664 1782; x_wconf 86' lang='lat' dir='ltr'><strong><em>G.</em></strong></span> 
     </span>
     <span class='ocr_line' id='line_1_24' title="bbox 321 1789 1734 1841; baseline 0.001 -11"><span class='ocrx_word' id='word_1_212' title='bbox 321 1795 378 1830; x_wconf 87' lang='lat'><strong><em>10.</em></strong></span> <span class='ocrx_word' id='word_1_213' title='bbox 404 1791 561 1839; x_wconf 80' lang='grc' dir='ltr'><strong><em>ἐπίνηον</em></strong></span> <span class='ocrx_word' id='word_1_214' title='bbox 585 1793 627 1828; x_wconf 91' lang='grc' dir='ltr'><strong><em>Β.</em></strong></span> <span class='ocrx_word' id='word_1_215' title='bbox 738 1789 807 1828; x_wconf 82' lang='grc' dir='ltr'><strong><em>τὸν</em></strong></span> <span class='ocrx_word' id='word_1_216' title='bbox 835 1792 876 1827; x_wconf 84' lang='grc' dir='ltr'><strong><em>Β.</em></strong></span> <span class='ocrx_word' id='word_1_217' title='bbox 900 1793 972 1828; x_wconf 83' lang='grc' dir='ltr'><strong><em>τοῦ</em></strong></span> <span class='ocrx_word' id='word_1_218' title='bbox 991 1793 1041 1827; x_wconf 89' lang='lat' dir='ltr'><strong><em>G.</em></strong></span> <span class='ocrx_word' id='word_1_219' title='bbox 1159 1793 1217 1828; x_wconf 89' lang='grc'><strong><em>11.</em></strong></span> <span class='ocrx_word' id='word_1_220' title='bbox 1240 1790 1410 1839; x_wconf 82' lang='grc' dir='ltr'><strong><em>πολήσας</em></strong></span> <span class='ocrx_word' id='word_1_221' title='bbox 1430 1794 1471 1830; x_wconf 89' lang='grc' dir='ltr'><strong><em>Β.</em></strong></span> <span class='ocrx_word' id='word_1_222' title='bbox 1585 1797 1643 1833; x_wconf 79' lang='grc'><strong>12.</strong></span> <span class='ocrx_word' id='word_1_223' title='bbox 1667 1792 1734 1841; x_wconf 81' lang='grc' dir='ltr'><strong><em>ἐφ’</em></strong></span> 
     </span>
    </p>
   </div>
   <div class='ocr_carea' id='block_1_4' title="bbox 322 1835 1738 1980">
    <p class='ocr_par' dir='ltr' id='par_1_12' title="bbox 322 1835 1738 1980">
     <span class='ocr_line' id='line_1_25' title="bbox 322 1835 1738 1886; baseline 0.001 -10"><span class='ocrx_word' id='word_1_224' title='bbox 322 1837 480 1886; x_wconf 70' lang='grc' dir='ltr'><strong><em>ἑκατέρᾳ</em></strong></span> <span class='ocrx_word' id='word_1_225' title='bbox 497 1852 540 1875; x_wconf 86' lang='grc' dir='ltr'><strong><em>ιιι.</em></strong></span> <span class='ocrx_word' id='word_1_226' title='bbox 565 1840 683 1886; x_wconf 85' lang='lat' dir='ltr'>Vulgo</span> <span class='ocrx_word' id='word_1_227' title='bbox 698 1835 762 1875; x_wconf 79' lang='grc' dir='ltr'><strong><em>ἐπ’</em></strong></span> <span class='ocrx_word' id='word_1_228' title='bbox 782 1837 948 1885; x_wconf 75' lang='grc' dir='ltr'><strong><em>ἑκάτερα.</em></strong></span> <span class='ocrx_word' id='word_1_229' title='bbox 1046 1840 1102 1877; x_wconf 87' lang='grc'><strong>13.</strong></span> <span class='ocrx_word' id='word_1_230' title='bbox 1128 1837 1282 1884; x_wconf 76' lang='grc' dir='ltr'><strong><em>ἑαυτοῦ]</em></strong></span> <span class='ocrx_word' id='word_1_231' title='bbox 1311 1839 1434 1876; x_wconf 77' lang='grc' dir='ltr'><strong><em>αὐτοῦ</em></strong></span> <span class='ocrx_word' id='word_1_232' title='bbox 1454 1841 1504 1877; x_wconf 89' lang='lat' dir='ltr'><strong><em>G.</em></strong></span> <span class='ocrx_word' id='word_1_233' title='bbox 1601 1841 1659 1880; x_wconf 84' lang='lat'><strong><em>14.</em></strong></span> <span class='ocrx_word' id='word_1_234' title='bbox 1683 1839 1738 1878; x_wconf 72' lang='grc' dir='ltr'><strong><em>ὦν</em></strong></span> 
     </span>
     <span class='ocr_line' id='line_1_26' title="bbox 322 1882 1733 1980; baseline 0.004 -59"><span class='ocrx_word' id='word_1_235' title='bbox 322 1882 440 1980; x_wconf 50' lang='grc' dir='ltr'><strong><em>ὁΒρίΞῖ</em></strong></span> <span class='ocrx_word' id='word_1_236' title='bbox 455 1888 513 1970; x_wconf 60' lang='grc' dir='ltr'><strong><em>(ὲ</em></strong></span> <span class='ocrx_word' id='word_1_237' title='bbox 607 1887 722 1934; x_wconf 82' lang='lat' dir='ltr'>Vulgo</span> <span class='ocrx_word' id='word_1_238' title='bbox 743 1885 1008 1936; x_wconf 77' lang='grc' dir='ltr'><strong><em>ἐγκατῴκησεν.</em></strong></span> <span class='ocrx_word' id='word_1_239' title='bbox 1118 1888 1175 1924; x_wconf 86' lang='grc'><strong>18.</strong></span> <span class='ocrx_word' id='word_1_240' title='bbox 1199 1887 1273 1934; x_wconf 84' lang='grc' dir='ltr'><strong><em>κδ’]</em></strong></span> <span class='ocrx_word' id='word_1_241' title='bbox 1298 1886 1357 1924; x_wconf 81' lang='grc' dir='ltr'><strong><em>κδ’</em></strong></span> <span class='ocrx_word' id='word_1_242' title='bbox 1377 1887 1450 1925; x_wconf 75' lang='grc' dir='ltr'><strong><em>ἔτει</em></strong></span> <span class='ocrx_word' id='word_1_243' title='bbox 1468 1900 1513 1924; x_wconf 87' lang='grc' dir='ltr'><strong><em>ιιι.</em></strong></span> <span class='ocrx_word' id='word_1_244' title='bbox 1618 1887 1733 1937; x_wconf 80' lang='grc' dir='ltr'><strong><em>ὅρων]</em></strong></span> 
     </span>
    </p>
   </div>
   <div class='ocr_carea' id='block_1_5' title="bbox 228 2014 1735 2958">
    <p class='ocr_par' dir='ltr' id='par_1_13' title="bbox 228 2014 1735 2332">
     <span class='ocr_line' id='line_1_27' title="bbox 228 2014 1734 2063; baseline 0.003 -14"><span class='ocrx_word' id='word_1_245' title='bbox 228 2014 393 2051; x_wconf 84' lang='lat' dir='ltr'>otentium</span> <span class='ocrx_word' id='word_1_246' title='bbox 412 2015 519 2051; x_wconf 84' lang='lat' dir='ltr'>urbes</span> <span class='ocrx_word' id='word_1_247' title='bbox 539 2015 722 2051; x_wconf 86' lang='lat' dir='ltr'>subvertit.</span> <span class='ocrx_word' id='word_1_248' title='bbox 756 2014 948 2063; x_wconf 81' lang='lat' dir='ltr'>Hucusque</span> <span class='ocrx_word' id='word_1_249' title='bbox 962 2014 1119 2061; x_wconf 83' lang='lat' dir='ltr'>Lagidae</span> <span class='ocrx_word' id='word_1_250' title='bbox 1140 2014 1366 2059; x_wconf 81' lang='lat' dir='ltr'>duraverunt,</span> <span class='ocrx_word' id='word_1_251' title='bbox 1385 2028 1523 2063; x_wconf 86' lang='lat' dir='ltr'>unaque</span> <span class='ocrx_word' id='word_1_252' title='bbox 1534 2018 1734 2053; x_wconf 64' lang='lat' dir='ltr'>Macedonia</span> 
     </span>
     <span class='ocr_line' id='line_1_28' title="bbox 229 2060 1735 2109; baseline 0.003 -14"><span class='ocrx_word' id='word_1_253' title='bbox 229 2060 366 2107; x_wconf 86' lang='lat' dir='ltr'>imperii</span> <span class='ocrx_word' id='word_1_254' title='bbox 387 2062 497 2098; x_wconf 82' lang='lat' dir='ltr'>series</span> <span class='ocrx_word' id='word_1_255' title='bbox 515 2062 618 2097; x_wconf 84' lang='lat' dir='ltr'>stetit</span> <span class='ocrx_word' id='word_1_256' title='bbox 637 2068 718 2108; x_wconf 87' lang='lat' dir='ltr'>post</span> <span class='ocrx_word' id='word_1_257' title='bbox 737 2062 953 2098; x_wconf 86' lang='lat' dir='ltr'>destructum</span> <span class='ocrx_word' id='word_1_258' title='bbox 974 2063 1160 2098; x_wconf 84' lang='lat' dir='ltr'>Persarum</span> <span class='ocrx_word' id='word_1_259' title='bbox 1181 2075 1323 2109; x_wconf 87' lang='lat' dir='ltr'>regnum</span> <span class='ocrx_word' id='word_1_260' title='bbox 1343 2075 1451 2098; x_wconf 91' lang='lat' dir='ltr'>annos</span> <span class='ocrx_word' id='word_1_261' title='bbox 1471 2064 1605 2099; x_wconf 87' lang='lat' dir='ltr'>duobus</span> <span class='ocrx_word' id='word_1_262' title='bbox 1621 2065 1735 2100; x_wconf 87' lang='lat' dir='ltr'>minus</span> 
     </span>
     <span class='ocr_line' id='line_1_29' title="bbox 228 2109 1734 2158; baseline 0.002 -15"><span class='ocrx_word' id='word_1_263' title='bbox 228 2111 417 2145; x_wconf 82' lang='lat' dir='ltr'>trecentos.</span> <span class='ocrx_word' id='word_1_264' title='bbox 465 2110 578 2145; x_wconf 86' lang='lat' dir='ltr'>Omne</span> <span class='ocrx_word' id='word_1_265' title='bbox 599 2109 708 2155; x_wconf 84' lang='lat' dir='ltr'>igitur</span> <span class='ocrx_word' id='word_1_266' title='bbox 734 2110 901 2156; x_wconf 84' lang='lat' dir='ltr'>temporis</span> <span class='ocrx_word' id='word_1_267' title='bbox 919 2110 1069 2156; x_wconf 83' lang='lat' dir='ltr'>spatium</span> <span class='ocrx_word' id='word_1_268' title='bbox 1091 2111 1135 2145; x_wconf 90' lang='lat' dir='ltr'>ab</span> <span class='ocrx_word' id='word_1_269' title='bbox 1158 2109 1320 2145; x_wconf 78' lang='lat' dir='ltr'>instituto</span> <span class='ocrx_word' id='word_1_270' title='bbox 1337 2110 1566 2145; x_wconf 87' lang='lat' dir='ltr'>Macedonum</span> <span class='ocrx_word' id='word_1_271' title='bbox 1587 2111 1734 2158; x_wconf 84' lang='lat' dir='ltr'>imperio</span> 
     </span>
     <span class='ocr_line' id='line_1_30' title="bbox 232 2154 1734 2204; baseline 0.004 -15"><span class='ocrx_word' id='word_1_272' title='bbox 232 2154 278 2189; x_wconf 83' lang='lat' dir='ltr'>ad</span> <span class='ocrx_word' id='word_1_273' title='bbox 292 2155 502 2203; x_wconf 79' lang='lat' dir='ltr'><strong>Aegyptiaci</strong></span> <span class='ocrx_word' id='word_1_274' title='bbox 519 2157 621 2202; x_wconf 85' lang='lat' dir='ltr'>regni</span> <span class='ocrx_word' id='word_1_275' title='bbox 637 2157 750 2199; x_wconf 83' lang='lat' dir='ltr'>finem,</span> <span class='ocrx_word' id='word_1_276' title='bbox 771 2158 815 2192; x_wconf 86' lang='lat' dir='ltr'>ad</span> <span class='ocrx_word' id='word_1_277' title='bbox 826 2158 1047 2203; x_wconf 80' lang='lat' dir='ltr'>Cleopatram</span> <span class='ocrx_word' id='word_1_278' title='bbox 1065 2156 1223 2192; x_wconf 89' lang='lat' dir='ltr'>nimirum</span> <span class='ocrx_word' id='word_1_279' title='bbox 1234 2157 1504 2193; x_wconf 80' lang='lat' dir='ltr'>Ptolemaeorum</span> <span class='ocrx_word' id='word_1_280' title='bbox 1523 2162 1734 2204; x_wconf 81' lang='lat' dir='ltr'>postremam</span> 
     </span>
     <span class='ocr_line' id='line_1_31' title="bbox 232 2202 1734 2251; baseline 0.004 -16"><span class='ocrx_word' id='word_1_281' title='bbox 232 2202 469 2246; x_wconf 81' lang='lat' dir='ltr'>concluditur3</span> <span class='ocrx_word' id='word_1_282' title='bbox 495 2204 588 2251; x_wconf 85' lang='lat' dir='ltr'>quod</span> <span class='ocrx_word' id='word_1_283' title='bbox 607 2203 838 2239; x_wconf 83' lang='lat' dir='ltr'>Romanorum</span> <span class='ocrx_word' id='word_1_284' title='bbox 870 2204 1089 2239; x_wconf 79' lang='lat' dir='ltr'>monarchiae</span> <span class='ocrx_word' id='word_1_285' title='bbox 1116 2208 1152 2239; x_wconf 90' lang='lat' dir='ltr'><strong><em>et</em></strong></span> <span class='ocrx_word' id='word_1_286' title='bbox 1181 2204 1318 2249; x_wconf 88' lang='lat' dir='ltr'>imperii</span> <span class='ocrx_word' id='word_1_287' title='bbox 1339 2215 1434 2238; x_wconf 74' lang='lat' dir='ltr'><strong><em>annov</em></strong></span> <span class='ocrx_word' id='word_1_288' title='bbox 1447 2204 1629 2240; x_wconf 84' lang='lat' dir='ltr'>undecimo</span> <span class='ocrx_word' id='word_1_289' title='bbox 1650 2218 1734 2241; x_wconf 87' lang='lat' dir='ltr'>con-</span> 
     </span>
     <span class='ocr_line' id='line_1_32' title="bbox 230 2247 1734 2332; baseline 0.005 -51"><span class='ocrx_word' id='word_1_290' title='bbox 230 2247 578 2332; x_wconf 49' lang='grc' dir='ltr'><strong><em>ιὶςὶιὸᾎίὲὶγιιιρίεόἰε</em></strong></span> <span class='ocrx_word' id='word_1_291' title='bbox 595 2262 679 2286; x_wconf 85' lang='lat' dir='ltr'>vero</span> <span class='ocrx_word' id='word_1_292' title='bbox 701 2252 769 2288; x_wconf 85' lang='lat'><strong><em>187</em></strong></span> <span class='ocrx_word' id='word_1_293' title='bbox 791 2262 880 2287; x_wconf 85' lang='lat' dir='ltr'>anno</span> <span class='ocrx_word' id='word_1_294' title='bbox 898 2254 1038 2298; x_wconf 82' lang='lat' dir='ltr'>quarto.</span> <span class='ocrx_word' id='word_1_295' title='bbox 1085 2251 1260 2286; x_wconf 88' lang='lat' dir='ltr'>Annorum</span> <span class='ocrx_word' id='word_1_296' title='bbox 1280 2262 1409 2286; x_wconf 80' lang='lat' dir='ltr'>summa</span> <span class='ocrx_word' id='word_1_297' title='bbox 1429 2251 1473 2286; x_wconf 88' lang='lat' dir='ltr'>ab</span> <span class='ocrx_word' id='word_1_298' title='bbox 1490 2252 1599 2288; x_wconf 82' lang='lat' dir='ltr'>Adam</span> <span class='ocrx_word' id='word_1_299' title='bbox 1616 2259 1734 2289; x_wconf 87' lang='lat' dir='ltr'>creato</span> 
     </span>
     <span class='ocr_line' id='line_1_33' title="bbox 230 2298 412 2332; baseline 0.011 -2"><span class='ocrx_word' id='word_1_300' title='bbox 230 2300 287 2330; x_wconf 83' lang='lat' dir='ltr'><strong><em>est</em></strong></span> <span class='ocrx_word' id='word_1_301' title='bbox 354 2298 376 2332; x_wconf 92' lang='lat'><strong>7</strong></span> <span class='ocrx_word' id='word_1_302' title='bbox 402 2322 412 2331; x_wconf 86' lang='lat'><strong>.</strong></span> 
     </span>
    </p>

    <p class='ocr_par' dir='ltr' id='par_1_14' title="bbox 326 2342 1275 2390">
     <span class='ocr_line' id='line_1_34' title="bbox 326 2342 1275 2390; baseline 0.003 -13"><span class='ocrx_word' id='word_1_303' title='bbox 326 2342 417 2377; x_wconf 88' lang='lat' dir='ltr'>Post</span> <span class='ocrx_word' id='word_1_304' title='bbox 431 2342 677 2378; x_wconf 77' lang='lat' dir='ltr'>Alexandriam</span> <span class='ocrx_word' id='word_1_305' title='bbox 698 2346 836 2390; x_wconf 86' lang='lat' dir='ltr'>captam</span> <span class='ocrx_word' id='word_1_306' title='bbox 852 2342 970 2388; x_wconf 85' lang='lat' dir='ltr'>coepit</span> <span class='ocrx_word' id='word_1_307' title='bbox 990 2342 1173 2389; x_wconf 80' lang='lat' dir='ltr'>Olympias</span> <span class='ocrx_word' id='word_1_308' title='bbox 1193 2345 1275 2380; x_wconf 87' lang='grc'><strong>188.</strong></span> 
     </span>
    </p>

    <p class='ocr_par' dir='ltr' id='par_1_15' title="bbox 233 2389 1735 2753">
     <span class='ocr_line' id='line_1_35' title="bbox 324 2389 1734 2440; baseline 0.004 -16"><span class='ocrx_word' id='word_1_309' title='bbox 324 2389 486 2425; x_wconf 85' lang='lat' dir='ltr'>Herodes</span> <span class='ocrx_word' id='word_1_310' title='bbox 506 2390 736 2425; x_wconf 80' lang='lat' dir='ltr'>Gabiniorum</span> <span class='ocrx_word' id='word_1_311' title='bbox 758 2390 896 2432; x_wconf 87' lang='lat' dir='ltr'>urbem,</span> <span class='ocrx_word' id='word_1_312' title='bbox 921 2390 1110 2424; x_wconf 78' lang='lat' dir='ltr'>Samariam</span> <span class='ocrx_word' id='word_1_313' title='bbox 1136 2390 1216 2425; x_wconf 89' lang='lat' dir='ltr'>olim</span> <span class='ocrx_word' id='word_1_314' title='bbox 1236 2391 1386 2434; x_wconf 84' lang='lat' dir='ltr'>dictam,</span> <span class='ocrx_word' id='word_1_315' title='bbox 1423 2402 1446 2427; x_wconf 82' lang='lat' dir='ltr'>a</span> <span class='ocrx_word' id='word_1_316' title='bbox 1475 2404 1514 2427; x_wconf 84' lang='lat' dir='ltr'><strong><em>se</em></strong></span> <span class='ocrx_word' id='word_1_317' title='bbox 1535 2397 1734 2440; x_wconf 77' lang='lat' dir='ltr'>reparatam</span> 
     </span>
     <span class='ocr_line' id='line_1_36' title="bbox 234 2435 1735 2487; baseline 0.003 -16"><span class='ocrx_word' id='word_1_318' title='bbox 234 2435 429 2482; x_wconf 79' lang='lat' dir='ltr'>appellavit</span> <span class='ocrx_word' id='word_1_319' title='bbox 447 2436 643 2479; x_wconf 83' lang='lat' dir='ltr'>Sebasten3</span> <span class='ocrx_word' id='word_1_320' title='bbox 667 2436 742 2471; x_wconf 85' lang='lat' dir='ltr'>eius</span> <span class='ocrx_word' id='word_1_321' title='bbox 767 2448 907 2483; x_wconf 85' lang='lat' dir='ltr'>quoque</span> <span class='ocrx_word' id='word_1_322' title='bbox 927 2436 1071 2479; x_wconf 85' lang='lat' dir='ltr'>navale,</span> <span class='ocrx_word' id='word_1_323' title='bbox 1094 2437 1270 2472; x_wconf 82' lang='lat' dir='ltr'>Stratonis</span> <span class='ocrx_word' id='word_1_324' title='bbox 1296 2438 1376 2474; x_wconf 89' lang='lat' dir='ltr'>olim</span> <span class='ocrx_word' id='word_1_325' title='bbox 1406 2439 1528 2475; x_wconf 86' lang='lat' dir='ltr'>turrim</span> <span class='ocrx_word' id='word_1_326' title='bbox 1555 2452 1735 2487; x_wconf 85' lang='lat' dir='ltr'>nuncupa-</span> 
     </span>
     <span class='ocr_line' id='line_1_37' title="bbox 234 2482 1735 2533; baseline 0.003 -16"><span class='ocrx_word' id='word_1_327' title='bbox 234 2484 307 2518; x_wconf 79' lang='lat' dir='ltr'><strong><em>tum</em></strong></span> <span class='ocrx_word' id='word_1_328' title='bbox 328 2482 365 2518; x_wconf 89' lang='lat' dir='ltr'><strong><em>in</em></strong></span> <span class='ocrx_word' id='word_1_329' title='bbox 383 2482 480 2518; x_wconf 80' lang='lat' dir='ltr'>urbis</span> <span class='ocrx_word' id='word_1_330' title='bbox 502 2483 644 2517; x_wconf 81' lang='lat' dir='ltr'>formam</span> <span class='ocrx_word' id='word_1_331' title='bbox 666 2482 920 2526; x_wconf 86' lang='lat' dir='ltr'>instauratum,</span> <span class='ocrx_word' id='word_1_332' title='bbox 946 2484 1156 2518; x_wconf 82' lang='lat' dir='ltr'>Caesaream</span> <span class='ocrx_word' id='word_1_333' title='bbox 1174 2485 1336 2528; x_wconf 85' lang='lat' dir='ltr'>vocavit,</span> <span class='ocrx_word' id='word_1_334' title='bbox 1360 2490 1398 2520; x_wconf 87' lang='lat' dir='ltr'><strong><em>et</em></strong></span> <span class='ocrx_word' id='word_1_335' title='bbox 1415 2485 1452 2521; x_wconf 91' lang='lat' dir='ltr'><strong><em>in</em></strong></span> <span class='ocrx_word' id='word_1_336' title='bbox 1478 2492 1626 2533; x_wconf 87' lang='lat' dir='ltr'>utraque</span> <span class='ocrx_word' id='word_1_337' title='bbox 1645 2492 1735 2523; x_wconf 84' lang='lat' dir='ltr'>tem-</span> 
     </span>
     <span class='ocr_line' id='line_1_38' title="bbox 233 2529 1735 2580; baseline 0.004 -16"><span class='ocrx_word' id='word_1_338' title='bbox 233 2529 328 2577; x_wconf 86' lang='lat' dir='ltr'>plum</span> <span class='ocrx_word' id='word_1_339' title='bbox 347 2529 498 2566; x_wconf 83' lang='lat' dir='ltr'>Octavio</span> <span class='ocrx_word' id='word_1_340' title='bbox 525 2531 797 2565; x_wconf 83' lang='lat' dir='ltr'>consecrandum</span> <span class='ocrx_word' id='word_1_341' title='bbox 824 2530 957 2571; x_wconf 76' lang='lat' dir='ltr'>erexit3</span> <span class='ocrx_word' id='word_1_342' title='bbox 982 2534 1191 2577; x_wconf 84' lang='lat' dir='ltr'>postremam</span> <span class='ocrx_word' id='word_1_343' title='bbox 1216 2532 1362 2568; x_wconf 90' lang='lat' dir='ltr'>omnium</span> <span class='ocrx_word' id='word_1_344' title='bbox 1390 2533 1435 2568; x_wconf 90' lang='lat' dir='ltr'><strong><em>de</em></strong></span> <span class='ocrx_word' id='word_1_345' title='bbox 1459 2533 1571 2580; x_wconf 86' lang='lat' dir='ltr'>patris</span> <span class='ocrx_word' id='word_1_346' title='bbox 1597 2534 1735 2570; x_wconf 86' lang='lat' dir='ltr'>nomine</span> 
     </span>
     <span class='ocr_line' id='line_1_39' title="bbox 235 2575 1734 2627; baseline 0.003 -15"><span class='ocrx_word' id='word_1_347' title='bbox 235 2576 494 2623; x_wconf 80' lang='lat' dir='ltr'>Antipatridem</span> <span class='ocrx_word' id='word_1_348' title='bbox 514 2575 550 2611; x_wconf 82' lang='lat' dir='ltr'><strong><em>in</em></strong></span> <span class='ocrx_word' id='word_1_349' title='bbox 567 2576 667 2622; x_wconf 81' lang='lat' dir='ltr'>Lydo</span> <span class='ocrx_word' id='word_1_350' title='bbox 693 2589 812 2622; x_wconf 80' lang='lat' dir='ltr'>campo</span> <span class='ocrx_word' id='word_1_351' title='bbox 834 2576 1013 2620; x_wconf 84' lang='lat' dir='ltr'>condidit3</span> <span class='ocrx_word' id='word_1_352' title='bbox 1040 2578 1275 2625; x_wconf 85' lang='lat' dir='ltr'>Sebastesque</span> <span class='ocrx_word' id='word_1_353' title='bbox 1290 2579 1439 2622; x_wconf 79' lang='lat' dir='ltr'>accolas,</span> <span class='ocrx_word' id='word_1_354' title='bbox 1465 2592 1609 2626; x_wconf 87' lang='lat' dir='ltr'>quorum</span> <span class='ocrx_word' id='word_1_355' title='bbox 1627 2593 1734 2627; x_wconf 83' lang='lat' dir='ltr'>agros</span> 
     </span>
     <span class='ocr_line' id='line_1_40' title="bbox 237 2623 1735 2672; baseline 0.003 -13"><span class='ocrx_word' id='word_1_356' title='bbox 237 2623 445 2671; x_wconf 81' lang='lat' dir='ltr'>occupavit,</span> <span class='ocrx_word' id='word_1_357' title='bbox 468 2623 556 2660; x_wconf 79' lang='lat' dir='ltr'>fecit</span> <span class='ocrx_word' id='word_1_358' title='bbox 574 2623 678 2658; x_wconf 81' lang='lat' dir='ltr'>huius</span> <span class='ocrx_word' id='word_1_359' title='bbox 693 2624 837 2659; x_wconf 88' lang='lat' dir='ltr'>incolas.</span> <span class='ocrx_word' id='word_1_360' title='bbox 884 2624 980 2659; x_wconf 85' lang='lat' dir='ltr'>Alias</span> <span class='ocrx_word' id='word_1_361' title='bbox 1000 2636 1137 2672; x_wconf 87' lang='lat' dir='ltr'>quoque</span> <span class='ocrx_word' id='word_1_362' title='bbox 1158 2626 1260 2661; x_wconf 78' lang='lat' dir='ltr'>urbes</span> <span class='ocrx_word' id='word_1_363' title='bbox 1289 2627 1508 2670; x_wconf 81' lang='lat' dir='ltr'>construxit,</span> <span class='ocrx_word' id='word_1_364' title='bbox 1533 2639 1575 2662; x_wconf 79' lang='lat' dir='ltr'>ac</span> <span class='ocrx_word' id='word_1_365' title='bbox 1590 2628 1735 2663; x_wconf 84' lang='lat' dir='ltr'>ludaeis</span> 
     </span>
     <span class='ocr_line' id='line_1_41' title="bbox 235 2669 1734 2753; baseline 0.004 -49"><span class='ocrx_word' id='word_1_366' title='bbox 235 2670 378 2753; x_wconf 50' lang='lat' dir='ltr'>ffissdem</span> <span class='ocrx_word' id='word_1_367' title='bbox 401 2681 605 2714; x_wconf 78' lang='lat' dir='ltr'>onerosum,</span> <span class='ocrx_word' id='word_1_368' title='bbox 628 2669 826 2707; x_wconf 82' lang='lat' dir='ltr'>nationibus</span> <span class='ocrx_word' id='word_1_369' title='bbox 855 2682 940 2707; x_wconf 83' lang='lat' dir='ltr'>vero</span> <span class='ocrx_word' id='word_1_370' title='bbox 962 2672 1106 2719; x_wconf 81' lang='lat' dir='ltr'>reliquis</span> <span class='ocrx_word' id='word_1_371' title='bbox 1134 2673 1298 2709; x_wconf 86' lang='lat' dir='ltr'>urbanum</span> <span class='ocrx_word' id='word_1_372' title='bbox 1318 2678 1355 2709; x_wconf 84' lang='lat' dir='ltr'><strong><em>et</em></strong></span> <span class='ocrx_word' id='word_1_373' title='bbox 1371 2685 1547 2710; x_wconf 81' lang='lat' dir='ltr'>amoenum</span> <span class='ocrx_word' id='word_1_374' title='bbox 1566 2687 1644 2711; x_wconf 75' lang='lat' dir='ltr'>sese</span> <span class='ocrx_word' id='word_1_375' title='bbox 1667 2688 1734 2712; x_wconf 85' lang='lat' dir='ltr'><strong><em>ex-</em></strong></span> 
     </span>
    </p>

    <p class='ocr_par' dir='ltr' id='par_1_16' title="bbox 263 2717 362 2753">
     <span class='ocr_line' id='line_1_42' title="bbox 263 2717 362 2753; baseline 0.01 -1"><span class='ocrx_word' id='word_1_376' title='bbox 263 2717 272 2727; x_wconf 70' lang='grc'><em>·</em></span> <span class='ocrx_word' id='word_1_377' title='bbox 299 2718 362 2753; x_wconf 85' lang='lat' dir='ltr'>uit.</span> 
     </span>
    </p>

    <p class='ocr_par' dir='ltr' id='par_1_17' title="bbox 239 2764 1734 2907">
     <span class='ocr_line' id='line_1_43' title="bbox 333 2764 1733 2812; baseline 0.002 -12"><span class='ocrx_word' id='word_1_378' title='bbox 333 2764 516 2812; x_wconf 81' lang='lat' dir='ltr'>Olympias</span> <span class='ocrx_word' id='word_1_379' title='bbox 536 2764 706 2811; x_wconf 80' lang='lat' dir='ltr'>agebatur</span> <span class='ocrx_word' id='word_1_380' title='bbox 722 2765 811 2807; x_wconf 86' lang='lat'><strong>189,</strong></span> <span class='ocrx_word' id='word_1_381' title='bbox 834 2776 927 2811; x_wconf 85' lang='lat' dir='ltr'>quae</span> <span class='ocrx_word' id='word_1_382' title='bbox 947 2764 1123 2801; x_wconf 81' lang='lat' dir='ltr'>bisextum</span> <span class='ocrx_word' id='word_1_383' title='bbox 1146 2766 1238 2802; x_wconf 82' lang='lat' dir='ltr'>diem</span> <span class='ocrx_word' id='word_1_384' title='bbox 1263 2769 1288 2804; x_wconf 88' lang='lat'>6</span> <span class='ocrx_word' id='word_1_385' title='bbox 1305 2771 1405 2803; x_wconf 75' lang='lat' dir='ltr'>sexto</span> <span class='ocrx_word' id='word_1_386' title='bbox 1423 2766 1501 2803; x_wconf 85' lang='lat' dir='ltr'>Cal.</span> <span class='ocrx_word' id='word_1_387' title='bbox 1520 2767 1625 2804; x_wconf 87' lang='lat' dir='ltr'>Mart.</span> <span class='ocrx_word' id='word_1_388' title='bbox 1644 2780 1733 2804; x_wconf 84' lang='lat' dir='ltr'>anuo</span> 
     </span>
     <span class='ocr_line' id='line_1_44' title="bbox 239 2809 1734 2860; baseline 0.003 -14"><span class='ocrx_word' id='word_1_389' title='bbox 239 2810 339 2847; x_wconf 79' lang='lat' dir='ltr'>iuxta</span> <span class='ocrx_word' id='word_1_390' title='bbox 358 2813 520 2848; x_wconf 81' lang='lat' dir='ltr'>Antioch.</span> <span class='ocrx_word' id='word_1_391' title='bbox 538 2823 652 2848; x_wconf 85' lang='lat' dir='ltr'>aeram</span> <span class='ocrx_word' id='word_1_392' title='bbox 672 2809 720 2847; x_wconf 71' lang='lat'><strong><em>24</em></strong></span> <span class='ocrx_word' id='word_1_393' title='bbox 734 2816 818 2858; x_wconf 85' lang='lat' dir='ltr'>apte</span> <span class='ocrx_word' id='word_1_394' title='bbox 839 2811 1041 2847; x_wconf 78' lang='lat' dir='ltr'>restitutum</span> <span class='ocrx_word' id='word_1_395' title='bbox 1058 2814 1214 2860; x_wconf 85' lang='lat' dir='ltr'>accepit,</span> <span class='ocrx_word' id='word_1_396' title='bbox 1238 2814 1338 2850; x_wconf 77' lang='lat' dir='ltr'>cuius</span> <span class='ocrx_word' id='word_1_397' title='bbox 1363 2815 1532 2851; x_wconf 84' lang='lat' dir='ltr'>beneficio</span> <span class='ocrx_word' id='word_1_398' title='bbox 1558 2814 1664 2851; x_wconf 79' lang='lat' dir='ltr'>certis</span> <span class='ocrx_word' id='word_1_399' title='bbox 1691 2828 1734 2851; x_wconf 84' lang='lat' dir='ltr'>ac</span> 
     </span>
     <span class='ocr_line' id='line_1_45' title="bbox 239 2858 1131 2907; baseline 0.002 -13"><span class='ocrx_word' id='word_1_400' title='bbox 239 2858 392 2907; x_wconf 80' lang='lat' dir='ltr'>propriis</span> <span class='ocrx_word' id='word_1_401' title='bbox 407 2859 474 2894; x_wconf 81' lang='lat' dir='ltr'><strong><em>sibi</em></strong></span> <span class='ocrx_word' id='word_1_402' title='bbox 491 2858 647 2895; x_wconf 75' lang='lat' dir='ltr'>terminis</span> <span class='ocrx_word' id='word_1_403' title='bbox 664 2870 774 2895; x_wconf 85' lang='lat' dir='ltr'>annus</span> <span class='ocrx_word' id='word_1_404' title='bbox 793 2858 911 2905; x_wconf 85' lang='lat' dir='ltr'>coepit</span> <span class='ocrx_word' id='word_1_405' title='bbox 928 2859 1131 2896; x_wconf 79' lang='lat' dir='ltr'>consistere.</span> 
     </span>
    </p>

    <p class='ocr_par' dir='ltr' id='par_1_18' title="bbox 334 2906 1734 2958">
     <span class='ocr_line' id='line_1_46' title="bbox 334 2906 1734 2958; baseline 0.002 -16"><span class='ocrx_word' id='word_1_406' title='bbox 334 2906 507 2943; x_wconf 83' lang='lat' dir='ltr'>Annorum</span> <span class='ocrx_word' id='word_1_407' title='bbox 522 2917 712 2951; x_wconf 88' lang='lat' dir='ltr'>numerum,</span> <span class='ocrx_word' id='word_1_408' title='bbox 734 2917 802 2954; x_wconf 92' lang='lat' dir='ltr'>quo</span> <span class='ocrx_word' id='word_1_409' title='bbox 818 2910 1026 2954; x_wconf 81' lang='lat' dir='ltr'>potestatem</span> <span class='ocrx_word' id='word_1_410' title='bbox 1044 2906 1079 2943; x_wconf 88' lang='lat' dir='ltr'><strong><em>in</em></strong></span> <span class='ocrx_word' id='word_1_411' title='bbox 1098 2907 1245 2945; x_wconf 82' lang='lat' dir='ltr'>Iudaeos</span> <span class='ocrx_word' id='word_1_412' title='bbox 1258 2908 1441 2958; x_wconf 77' lang='lat' dir='ltr'>Hyrcanos</span> <span class='ocrx_word' id='word_1_413' title='bbox 1457 2909 1667 2954; x_wconf 86' lang='lat' dir='ltr'>exercuerit,</span> <span class='ocrx_word' id='word_1_414' title='bbox 1689 2908 1734 2945; x_wconf 84' lang='lat' dir='ltr'><strong><em>de</em></strong></span> 
     </span>
    </p>
   </div>
  </div>
 </body>
</html>
