1754 3236
147 234 214 283 82
625 235 880 283 GEORGII
906 233 1199 282 SYNCELLI

146 348 395 411 πολύθρουν
428 348 574 410 φωνὴν
602 350 880 409 ἐνέγκασθαι·
908 347 1020 407 μετὰ
1048 347 1094 392 δὲ
1121 342 1280 409 Κρόνῳ
1310 345 1381 391 καὶ
1416 348 1567 403 ἰιτῆνι
1590 362 1668 389 συ-

149 427 302 482 στῆναι
323 420 519 478 πόλεμον.

16 512 62 549 Ρ,
85 507 132 548 45
263 497 444 552 Τρανῶς
473 491 526 549 δὴ
556 492 625 535 καὶ
656 484 781 542 οὗτος
808 487 865 541 ὥς
899 486 1209 545 ἐπιλαθόμενος
1223 491 1312 532 τῶν
1338 486 1557 546 προτέρων
1578 488 1673 545 περὶ

151 567 415 621 Βαβυλῶνος
434 567 696 618 κομπασμιῖν
719 559 917 618 ὂμολογεῖ
928 562 992 605 ἐπὶ
1011 565 1087 618 τῆς
1105 560 1380 617 πυργοποιίας
1405 558 1537 615 αὐτὴν
1560 558 1673 602 οὕτω

154 639 401 692 κεκλῆσθαι,
442 633 512 677 διὰ
531 633 607 690 τὴν
632 631 832 690 σύγχυσιν
851 637 935 676 τῶν
954 635 1157 690 γλωσσῶν
1178 631 1247 674 καὶ
1268 634 1353 674 τῶν
1377 627 1702 686 ἓβδομήκοντα5

157 705 233 751 δύο
269 706 420 749 ἐθνῶν.
459 708 545 748 τῶν
586 703 632 747 δὲ
660 703 976 761 διασπαρέντων
1006 701 1113 746 κατὰ
1147 706 1292 746 πᾶσαν
1325 700 1403 758 τὴν
1428 701 1675 757 οἶκουμένην

155 776 209 835 ’ἢν
228 777 428 834 διεμέρισε
448 778 548 818 Νῶε
570 772 590 818 ὃ
615 775 774 824 δίκαιος
792 781 880 826 τοῖς
900 775 1034 831 τρισὶν
1055 772 1187 817 αὐτοῦ
1209 772 1317 824 υἱοῖς
1343 776 1402 831 τῷ
1427 770 1571 833 stqzoss'
1597 771 1677 815 ἔτει

154 851 232 892 τοῦ
263 844 449 902 κόσμου,
489 843 606 903 ‘mid'
635 849 712 902 τῆς
738 846 845 902 ζωῆς
874 845 1032 899 αὐτοῦ,
1070 843 1180 888 κατὰ
1210 843 1285 888 τὸν
1320 847 1442 888 θεῖον
1481 840 1676 902 δηλονότι

155 917 348 977 χρησμὸν
370 915 518 967 οὕτως.
579 928 582 931 ’

269 987 365 1044 Σὴμ
393 991 453 1047 τῷ
486 982 742 1046 πρωτοτόκῳ
773 985 903 1030 αὐτοῦ
926 985 1004 1046 vit?
1027 983 1169 1043 ἄγοντι
1189 983 1282 1036 ε’τος
1300 981 1396 1028 υλα’
1422 982 1572 1028 ἔδωκεν
1593 981 1675 1026 ἀπὸ
1694 988 1738 1023 10

161 1060 374 1117 Περσίδος
403 1059 471 1101 καὶ
495 1055 702 1115 Βάκτρων
735 1057 1004 1113 ἕωςἸνδικῆς
1033 1061 1194 1113 μῆκος,
1234 1054 1393 1107 πλάτος
1422 1055 1468 1098 δὲ
1491 1053 1574 1098 ἀπὸ
1599 1053 1680 1097 Ἰν-

127 1132 288 1186 Βδικῆς
318 1126 760 1186 ἕωςῬινοκουρούρων
791 1133 868 1185 τῆς
884 1125 1123 1185 Αἰγύπτου,
1160 1126 1254 1183 ἤτοι
1280 1126 1333 1170 τὰ
1361 1126 1444 1170 ἀπὸ
1472 1126 1683 1181 ἀνατολῆς

164 1201 243 1252 ἕως
275 1199 430 1257 με’ρους
454 1202 529 1254 τῆς
567 1199 858 1257 μεσημβρίας,
898 1197 974 1255 τήν
1009 1216 1054 1242 τε
1090 1199 1252 1255 Συρίαν
1283 1199 1353 1241 καὶ
1382 1194 1582 1253 Μήδειαν
1611 1195 1682 1238 καὶ

162 1270 356 1326 ποταμὸν
396 1271 629 1326 διορίζοντα
662 1270 793 1313 αὐτοῦ
830 1269 885 1313 τὰ
918 1269 1013 1328 ὅρια
1036 1268 1109 1313 τὸν
1139 1266 1385 1328 Εὐφράτην.
1424 1267 1532 1323 Χιὶμ
1556 1267 1601 1310 δὲ
1621 1268 1682 1325 τῷ

165 1341 346 1400 δευτέρῳ
387 1340 517 1383 αὐτοῦ
552 1341 631 1399 υἱῷ
664 1339 806 1397 ἄγοντι
839 1340 931 1391 ἔτος
960 1338 1048 1394 υκζ
1079 1339 1206 1383 ἔδωκε
1239 1339 1294 1383 τὰ
1324 1339 1431 1397 πρὸς
1459 1336 1680 1383 νότονκαὶ
1695 1342 1740 1379 15

165 1413 266 1467 λίβα
300 1412 368 1454 καὶ
399 1410 528 1469 μέρος
566 1416 641 1467 τῆς
672 1409 830 1462 δύσεως
863 1411 944 1454 ἀπὸ
970 1408 1322 1468 Ῥινοκουρούρων
1343 1415 1421 1467 τῆς
1441 1407 1682 1467 Αἰγύπτου,

169 1482 410 1527 Αἰθιοπίαν
439 1483 508 1523 καὶ
530 1482 751 1539 Αἴγυπτον
778 1484 847 1525 καὶ
876 1480 1078 1540 Λιβύην,
1111 1481 1314 1540 Ἀφρικὴν
1346 1483 1414 1525 καὶ
1450 1483 1685 1538 ΖΙζῐαυριτα-

167 1554 263 1596 νίαν
299 1552 375 1602 ἕως
393 1549 650 1609 ἸΙρακλείων
686 1556 876 1608 στηλῶν,
916 1552 1011 1609 ἤτοι
1035 1553 1113 1603 ἕως
1134 1556 1210 1595 τοῦ
1245 1554 1416 1596 δυτικοῦ
1435 1553 1504 1595 καὶ
1535 1552 1686 1607 Λιβυ-

166 1627 241 1667 κοῦ
260 1622 484 1678 Ὠκεανοῦ,
524 1622 718 1679 ποταμὸν
740 1625 976 1683 διορίζοντα
1002 1623 1077 1667 τὸν
1098 1618 1268 1678 Νεῖλον,
1301 1622 1348 1675 ὃς
1367 1624 1435 1667 καὶ
1462 1621 1593 1666 Γειὼν
1617 1621 1687 1665 καὶ

266 1747 298 1783 1.
316 1743 539 1792 πολύθρουν
554 1757 597 1781 m.
618 1743 849 1794 πολύθρωον
860 1748 908 1783 G.
928 1744 1155 1793 πολύθρουν
1167 1747 1340 1794 Scaliger.
1404 1743 1632 1793 ἐνέγκασθαι
1643 1744 1686 1780 Α.

267 1792 473 1838 ἐνάγκασαι
498 1795 545 1828 G.
581 1792 800 1832 ἐνείκασθαι
827 1796 1000 1843 Scaliger.
1099 1797 1254 1842 ιΤιτῆνι
1277 1795 1449 1840 Scaliger.
1481 1795 1519 1830 τί
1545 1807 1619 1830 τινι
1644 1794 1688 1829 Α.

270 1843 405 1877 Τιτᾶνι
429 1843 477 1879 G.
561 1843 595 1877 6.
622 1840 694 1888 τήν
715 1844 797 1878 add.
818 1846 859 1880 A.
946 1849 1001 1881 10.
1028 1841 1159 1890 ἄγοντι
1183 1843 1265 1885 ἔτος
1289 1844 1451 1888 Scaliger
1471 1855 1506 1889 p.
1520 1844 1576 1878 10.
1606 1840 1690 1883 ἔτος

269 1886 401 1934 ἄγοντι
434 1902 477 1924 ιιι.
520 1886 725 1935 κατάγοντι
762 1892 811 1934 G,
843 1892 969 1927 omisso
1002 1890 1095 1934 ἔτος.
1213 1894 1269 1928 11.
1303 1890 1485 1936 Βάκτρων
1511 1889 1687 1934 Scaliger.

268 1938 461 1973 Βακτωῶν
479 1937 528 1971 G.
555 1936 646 1972 Vide
667 1950 701 1984 p.
726 1935 772 1975 47
791 1950 823 1973 a.
928 1942 997 1977 12.
1033 1937 1343 1986 ῥινοκουρούρων
1373 1939 1415 1973 Α.
1453 1936 1689 1983 Ρινοκορού·-

268 1997 346 2029 ρων
371 1985 418 2019 G.
515 1980 602 2030 ἤτοι
622 1987 664 2019 Α.
690 1982 811 2030 ἤγουν
839 1987 887 2021 G.
984 1988 1038 2025 13.
1059 1986 1254 2034 Μήδειαν]
1280 1988 1440 2033 Μηδίαν
1459 1984 1632 2030 Scaliger.

271 2032 329 2068 15.
355 2030 486 2078 ἄγοντι
515 2031 598 2073 ἔτος
624 2032 797 2078 Scaliger.
830 2034 1035 2080 κατάγοντι
1064 2035 1172 2077 ἔτους
1199 2035 1248 2069 G.
1353 2036 1409 2071 16.
1445 2029 1692 2078 ῥινοκουρού·

273 2092 351 2123 ρων
376 2082 417 2114 Α.
454 2078 745 2124 Ρινοκορούρων
769 2083 818 2116 G.
917 2084 974 2120 17.
999 2083 1063 2119 καὶ
1080 2081 1254 2129 Αφρικήν
1278 2093 1321 2117 m.
1426 2083 1484 2120 19.
1516 2079 1692 2127 ποταμὸν

274 2125 317 2164 δὲ
342 2127 516 2173 Scaliger.
610 2126 722 2175 γειών
740 2130 784 2165 Α.
809 2131 934 2167 Γειῶν
959 2132 1007 2166 G.
1040 2130 1150 2168 Γεών
1169 2129 1357 2175 Scaliger.

179 2242 297 2291 tiplici
323 2245 420 2280 et'ab
444 2244 593 2281 invicem
623 2245 762 2282 diverso
794 2244 960 2295 loquendi
982 2260 1114 2295 genere
1138 2248 1383 2295 discrepasse,
1406 2258 1448 2283 ac
1475 2244 1692 2294 postmodum

180 2292 296 2327 enatis
315 2292 472 2327 dissidiis
495 2294 681 2328 Saturnum
700 2299 737 2330 et
756 2295 922 2331 Titanem
940 2297 1034 2332 inter
1054 2309 1093 2332 se
1114 2297 1206 2332 bello
1229 2298 1443 2332 decertasse.

267 2350 346 2386 'Hic
369 2363 454 2386 vero
474 2352 570 2387 velut
588 2352 702 2388 inanis
724 2353 817 2388 illius
840 2354 968 2397 laudis,
992 2367 1061 2403 qua
1085 2355 1298 2402 Babylonem
1322 2355 1522 2397 extulerat,
1548 2352 1692 2395 oblitus,

181 2396 227 2431 ob
251 2397 390 2444 linguas
409 2399 504 2434 circa
524 2400 632 2434 turris
652 2401 826 2447 opificium
853 2402 945 2438 inter
967 2415 1005 2438 se
1029 2403 1190 2438 confusas
1220 2407 1255 2438 et
1288 2403 1443 2448 gentium
1468 2401 1694 2448 septuaginta

182 2443 329 2480 duarum
354 2452 512 2481 exortum
530 2458 604 2481 eam
621 2447 673 2483 ita
689 2448 942 2485 denominatam
961 2451 1107 2485 fatetur.
1142 2451 1329 2485 Caeterum
1348 2450 1507 2485 nationes
1524 2449 1605 2484 illae
1622 2447 1695 2482 dis-

182 2502 311 2538 persae
327 2493 462 2528 suntin
486 2494 604 2528 orbem
620 2496 831 2539 universum,
858 2510 960 2544 quem
977 2498 1090 2533 iustus
1107 2498 1211 2540 Noe,
1237 2499 1376 2533 oraculo
1407 2497 1575 2532 divinitus
1597 2507 1696 2531 acce-

186 2542 249 2585 pto
262 2565 273 2583 ,
299 2539 481 2575 distribuit
499 2553 587 2576 anno
607 2543 848 2587 mundif2576,
874 2545 1004 2580 aetatis
1023 2545 1188 2593 propriae
1206 2544 1277 2583 934
1291 2571 1301 2589 ‚
1325 2545 1361 2580 in
1379 2545 1470 2580 huuc
1489 2545 1638 2579 modum.

280 2601 362 2656 Sem
385 2602 615 2649 primogenito
651 2604 723 2640 filio
752 2617 814 2640 suo
846 2619 970 2642 annum
997 2605 1068 2644 434
1094 2607 1214 2652 agenti
1244 2606 1413 2653 quicquid
1441 2619 1463 2642 a
1485 2606 1634 2641 Perside
1661 2608 1698 2641 et

184 2647 326 2683 Bactris
355 2661 468 2695 usque
501 2650 546 2685 ad
572 2651 704 2686 Indiam
728 2651 765 2687 in
794 2653 935 2699 longum
958 2655 1174 2700 porrigitur,
1210 2655 1244 2689 in
1270 2655 1377 2689 latum
1405 2666 1491 2689 vero
1527 2653 1698 2700 quicquid

185 2697 231 2751 ap
245 2696 354 2751 Jndia
378 2709 502 2732 versus
523 2698 678 2745 Aegypti
694 2699 936 2744 Riconorura‚
961 2703 1004 2737 ab
1026 2703 1160 2737 oriente
1189 2702 1358 2737 videlicet
1384 2713 1496 2748 usque
1523 2701 1567 2736 ad
1591 2700 1698 2736 meri-

185 2743 256 2778 dlel
277 2747 411 2789 partem
431 2744 647 2788 continetur,
672 2747 887 2793 assignavit3
912 2749 1051 2794 Syriam
1070 2749 1214 2795 insuper
1232 2761 1273 2784 ac
1294 2749 1446 2784 Mediam
1473 2754 1509 2784 et
1536 2748 1696 2790 fluvium,

187 2790 248 2837 qui
268 2791 344 2826 eius
363 2791 515 2833 confinia
532 2792 768 2837 disterminat,
794 2795 1021 2841 Euphratem.
1076 2797 1187 2831 Cham
1215 2796 1367 2831 secundo
1396 2796 1468 2831 filio
1494 2795 1565 2832 427
1598 2796 1698 2830 annis

187 2842 270 2873 nato
288 2838 547 2874 meridionakm
566 2844 701 2885 partem
737 2846 773 2875 et
792 2854 882 2887 quae
902 2855 1023 2878 versus
1044 2843 1196 2879 Africam
1223 2843 1360 2889 vergit,
1386 2855 1451 2879 nec
1474 2855 1544 2878 non
1572 2849 1608 2878 et
1638 2855 1700 2877 oc-

188 2885 326 2926 ciduam
341 2885 494 2933 aliquam
511 2888 556 2922 ab
575 2887 732 2933 Aegypti
751 2888 978 2924 Riconoruris
998 2891 1152 2936 legavit,
1176 2890 1396 2935 Aethiopiam
1423 2894 1461 2926 et
1488 2892 1700 2937 Aegyptum,

187 2932 337 2978 Lybiam
361 2937 413 2988 et*
430 2933 583 2969 Africam
608 2941 645 2969 et
676 2936 923 2971 Mauritaniam
956 2949 1068 2984 usque
1097 2937 1142 2972 ad
1170 2937 1368 2972 Herculeas
1401 2938 1598 2980 columnas,
1634 2938 1700 2972 hoc

188 2984 245 3013 est
269 2981 313 3015 ad
338 2980 521 3017 occiduum
540 2986 578 3016 et
597 2983 766 3027 Lybicum
791 2995 957 3020 oceanum
981 2997 1023 3020 ac
1052 2985 1220 3027 fluvium,
1247 2985 1310 3032 qui
1339 2986 1506 3021 terminos
1537 2989 1700 3032 poneret,
