1800 3236
177 371 208 408 B

212 181 316 243 400
673 183 927 232 GEORGII
950 182 1239 231 SYNCELLI

216 298 350 357 ἀρχῆς
376 295 459 343 ἀπὸ
491 299 568 341 τοῦ
590 293 741 359 ‘mue'
759 299 959 352 κοσμικοῦ
981 293 1100 348 ἴτους
1119 292 1356 340 ἐπαύσαντο
1367 326 1384 350 ,
1423 292 1716 353 διαρκέσαντες

219 371 285 414 ἐπὶ
319 368 389 426 ἴτη
424 364 654 428 ὅλαηωνςῖ
689 366 797 423 μετὰ
823 363 1003 417 τούτους
1026 366 1232 425 Ιἄρχοντες
1266 367 1509 410 ἔνιαυσιαΐοι
1535 362 1716 422 εὗρέθη-

213 457 296 486 σαν
330 440 375 491 ἐξ
408 437 670 495 εὐπατριδῶν
681 470 696 491 ,
736 435 853 480 ἐννέα
879 453 923 480 τε
958 434 1172 494 ἀρχόντων
1192 427 1422 493 Ἀθήνησιν
1452 434 1560 494 ἀρχὴ
1594 451 1718 478 κατε-

214 508 359 566 στάθη
377 522 387 532 ·
425 506 452 564 ἦ
486 508 532 550 δὲ
558 511 644 550 τῶν
668 506 932 551 ἔνιαυσιαίων
960 505 1104 565 ἤρχθη
1128 511 1188 567 τῷ
1209 504 1323 568 ,awd'
1341 506 1419 550 ἔτει
1442 509 1518 550 τοῦ
1540 501 1716 559 κόσμου,

214 580 428 640 Κρέοντος
455 574 626 636 πρώτου
656 575 859 635 ἄρχοντος
884 574 1149 634 ἡγησαμένου
1169 577 1234 620 ἐπὶ
1254 580 1331 634 τῆς
1353 574 1414 620 ιθ’
1438 573 1748 631 &nummos-,⁵

217 651 256 696 οἶ
270 651 316 695 δὲ
335 650 402 693 ἐπὶ
421 644 490 692 κε’.
515 646 595 705 ἀφ’
624 641 673 690 οὗ
699 648 763 690 ἐπὶ
783 644 846 691 σν’
869 645 1110 702 ὀλυμπιάδα
1132 645 1329 705 ἄρχοντες
1346 643 1436 704 7ῖ>γ’
1453 646 1574 703 μέχρι
1598 645 1722 688 Φιλί-

217 739 292 767 νου
302 754 328 782 ,’
354 717 464 762 καθ’
490 715 537 760 ὃν
558 714 767 761 ὗπάτευον
788 720 831 761 Γ
829 715 957 775 ράτος
975 717 1227 772 Σαβινιανὸς
1242 715 1458 773 Ῥωμαίων
1479 718 1549 759 καὶ
1569 715 1722 760 Σέλευ-
1759 755 1764 759 .

218 809 311 845 κος,
350 787 433 832 ἀπὸ
465 791 552 831 τῶν
576 789 669 846 περὶ
689 790 909 847 Βροῢττον
926 788 1032 842 μετὰ
1053 787 1153 838 τοὺς
1174 791 1362 843 βασιλεῖς
1375 783 1718 840 ὑπατευσάντων,

217 858 314 918 ‘ipses'
343 855 730 915 καταριθμούμενοι
757 857 824 902 ἐπὶ
851 857 902 909 τὸ
931 855 1065 918 ‘away'
1089 857 1276 909 i'wgfvm‘:
1297 855 1482 912 κόσμου,
1521 856 1629 900 κατὰ
1647 855 1722 899 τὸν

214 932 229 949 ³
423 928 435 944 x
532 925 552 943 ee
669 924 691 944 ’δ’
741 927 755 944 2
907 929 917 946 t
1108 932 1128 942 .-
1221 929 1233 946 κ
1319 928 1332 943 )
1371 928 1383 945 t
1508 924 1522 941 K
1657 926 1668 944 1

218 935 490 990 Αφρικανον,
531 946 631 987 οπερ
663 947 716 987 ην
736 931 1013 984 ,Αντωνινου,
1052 946 1128 973 του
1163 946 1235 972 και
1262 930 1479 987 Αυγεντου
1516 929 1782 983 ,ΡωμαιωνΙΟ

184 1205 217 1243 C

70 1418 116 1456 V.
141 1418 212 1457 170

219 1000 427 1059 βασιλέως
445 997 538 1060 ἔτος
554 996 606 1058 γ’.

832 1108 1092 1168 Σποράδην.

322 1199 536 1259 Ἀρκτῖνος
553 1192 769 1253 Μιλήσιος
787 1196 983 1248 ἐποποιὸς
1003 1195 1196 1253 ἤκμαζεν.

322 1270 393 1315 Ἔν
409 1267 569 1330 Ἰταλίᾳ
586 1268 812 1311 Πανδοσιά
833 1268 901 1310 καὶ
920 1265 1219 1311 Μεταπόντιον
1239 1262 1380 1317 πόλεις
1407 1263 1677 1321 ἐκτίσθησαν.

323 1336 531 1396 Ἀθήνησι
551 1334 697 1395 πρώτη
718 1335 993 1394 ἐναυπηγήθη
1015 1334 1189 1396 τριήρης
1205 1335 1287 1381 ὑπὸ
1307 1335 1600 1393 Μηνοκλέους.

335 1413 521 1467 Θηβαῖοι
544 1405 746 1466 Κυρήνην
765 1406 920 1467 ᾤκισαν
949 1407 1056 1452 κατὰ
1086 1405 1290 1467 χρησμόν.
1330 1405 1515 1463 οἶκιστὴς
1536 1406 1582 1449 δὲ
1602 1403 1735 1461 αὗτῆς

227 1479 396 1532 Βάττος
417 1477 439 1524 ὅ
467 1479 536 1523 καὶ
555 1477 856 1536 Ἀριστοτέλης.

320 1572 357 1608 2.
383 1565 569 1606 ἐνιαύσιοι
589 1567 635 1601 G.
730 1567 767 1603 3.
793 1566 909 1612 Vulgo
921 1563 1171 1613 εὖπατρίδων.
1264 1562 1301 1600 4.
1324 1562 1440 1610 Vulgo
1456 1561 1670 1602 ἐνιαυσίων.

318 1617 448 1668 ἤρχθη
468 1616 511 1651 Β.
536 1608 680 1661 ἦρχθαι
698 1613 742 1649 Α.
766 1610 945 1661 ἦνῴχθαι
965 1614 1056 1660 (sic)
1074 1615 1122 1651 G.
1224 1608 1326 1660 ‚timot
1351 1612 1399 1647 G.
1503 1614 1538 1649 6.
1565 1608 1665 1660 Pbuy'
1690 1620 1736 1647 m.

393 1671 562 1721 Φιλήνου
584 1674 632 1708 G.
737 1674 772 1710 7.
802 1671 1023 1721 σαβινιανὸς
1043 1672 1117 1708 ΑΒ.
1141 1670 1379 1717 Σευηριανὸς
1404 1671 1453 1707 G.
1549 1673 1582 1708 8.
1609 1670 1736 1715 Βροῦ-

322 1736 392 1760 τον
424 1723 475 1757 G.
604 1722 641 1757 9.
667 1717 730 1756 ἐπὶ
755 1719 798 1756 τὸ
817 1740 855 1746 --
885 1719 968 1762 ἔτος
995 1721 1038 1755 Β.
1076 1718 1136 1755 ἐπὶ
1166 1719 1217 1767 τῷ
1248 1737 1296 1744 -
1327 1717 1409 1761 ἔτος
1434 1721 1478 1754 Α.
1510 1716 1572 1754 ἐπὶ
1608 1718 1663 1766 τῷ
1686 1737 1735 1743 -—-

324 1770 435 1812 ἔτους
457 1768 505 1804 G.
613 1770 669 1803 10.
695 1764 879 1814 αὗγέντου
908 1769 982 1803 ΑΒ.
1008 1764 1227 1813 Αὐγούστου
1252 1766 1300 1801 G.
1415 1768 1471 1804 13.
1496 1763 1669 1811 ἀρκτίνος
1691 1765 1735 1800 B.

326 1815 535 1867 ἇρκτίωνος
552 1816 595 1851 Α.
619 1817 764 1851 Ακτίων
787 1813 807 1852 ὃ
832 1816 880 1851 G.
914 1816 1057 1850 Arctius
1078 1813 1255 1849 Eusebius
1280 1825 1315 1859 p.
1334 1815 1416 1850 319.
1510 1814 1672 1858 μιλίσιος
1692 1813 1736 1848 Β.

407 1861 589 1905 ἐποποιὸς
609 1862 822 1898 Bredovius.
848 1861 1019 1903 ἐπίποιος
1042 1862 1083 1896 Β.
1116 1859 1277 1902 ἐπίπυος
1305 1862 1346 1896 Α.
1378 1861 1600 1906 versificator
1623 1861 1738 1895 Euse-

325 1911 418 1950 bius.
521 1910 578 1947 14.
603 1909 872 1947 Μεταπόντιον
893 1909 1055 1955 Scaliger
1079 1920 1113 1955 p.
1135 1907 1194 1944 47.
1218 1906 1312 1953 μετὰ
1336 1907 1492 1950 πόντιος
1511 1909 1586 1943 ΑΒ.
1610 1911 1738 1944 Μετα-

327 1957 462 2001 πόντις
485 1958 534 1993 G.
559 1958 789 2004 Metapontus
805 1956 995 1993 Eusebius,
1110 1957 1166 1992 15.
1192 1952 1336 2002 τριήρις
1356 1953 1434 1992 ὑπὸ
1456 1954 1674 2000 μινοκλέους
1692 1955 1737 1990 Β.

412 2003 646 2052 Αμηνόκλεος
677 2017 721 2039 m.
869 2006 927 2041 16.
960 2005 1124 2048 Θηραῖοι
1152 2003 1324 2050 Scaliger.
1375 2004 1533 2040 Thebani
1558 2002 1738 2039 Eusebius

329 2064 367 2101 p.
391 2055 474 2091 320.
581 2049 720 2100 ᾤκισαν
742 2051 915 2098 Scaliger.
946 2051 1063 2096 Vulgo
1084 2046 1244 2099 ᾤκησαν.

238 2136 424 2182 gesserunt
452 2146 473 2170 a
505 2133 673 2169 communi
699 2133 817 2168 mundi
849 2145 940 2168 anno
966 2130 1081 2174 4945,
1107 2131 1273 2168 exstincti
1293 2131 1373 2165 sunt
1389 2130 1529 2166 tandem
1557 2132 1739 2178 postquam

242 2184 400 2227 integros
429 2193 537 2217 annos
559 2183 627 2218 856
656 2181 754 2215 stetit
783 2192 900 2215 eorum
925 2183 1091 2225 potestas.
1139 2180 1187 2212 Iis
1214 2178 1359 2213 sublatis
1382 2177 1487 2212 annui
1516 2177 1741 2222 magistratus

240 2228 431 2275 excogitati
461 2233 540 2262 sunt
558 2233 594 2262 et
622 2239 664 2263 ex
682 2227 847 2261 Patriciis
872 2225 1058 2272 assumpti3
1083 2237 1273 2271 novemque
1299 2225 1562 2269 magistratuum
1583 2228 1742 2269 potestas

242 2277 410 2312 stabilita.
461 2276 660 2310 Annuorum
678 2285 783 2320 porro
809 2273 1073 2319 magistratuum
1090 2271 1269 2318 imperium
1283 2271 1394 2306 visum
1411 2274 1466 2306 est
1483 2271 1631 2318 primum
1653 2282 1743 2305 anno

239 2323 357 2359 mundi
382 2322 497 2366 4801,
531 2323 684 2356 Creonte
710 2321 819 2366 primo
845 2320 1004 2367 principe
1029 2319 1189 2354 instituto
1218 2319 1313 2353 circa
1335 2320 1401 2361 19,
1425 2323 1462 2353 et
1492 2322 1533 2352 ut
1562 2318 1640 2352 aliis
1667 2318 1744 2364 pla-

242 2374 322 2412 cet,
347 2370 442 2405 circa
469 2370 516 2405 25
535 2368 797 2415 Olympiadem3
829 2379 851 2402 a
875 2378 943 2413 quo
972 2366 1018 2402 ad
1045 2367 1116 2402 250
1138 2365 1380 2412 Olympiadem
1399 2370 1435 2400 et
1463 2364 1644 2400 Philenum
1670 2376 1744 2399 ma-

242 2417 451 2462 gistratum,
485 2415 546 2450 alii
576 2415 681 2450 medii
710 2415 800 2457 923,
834 2417 1068 2448 numerantur.
1128 2413 1245 2448 Huius
1273 2411 1410 2447 Phileni
1438 2416 1593 2458 tempore
1619 2423 1746 2447 consu-

243 2463 353 2498 latum
379 2464 511 2498 Romae
540 2463 710 2507 gerebant
735 2462 871 2495 Gratus
897 2460 1110 2496 Severianus
1142 2464 1179 2495 et
1207 2460 1399 2502 Seleucus,
1423 2470 1468 2494 ex
1485 2460 1531 2494 iis
1557 2458 1619 2505 qui
1647 2459 1745 2493 circa

242 2510 346 2546 Bruti
372 2513 522 2545 aetatem
540 2509 681 2554 regibus
708 2508 862 2551 exactis,
891 2508 1002 2543 creati
1029 2512 1110 2542 sunt
1137 2507 1297 2543 consules
1315 2508 1385 2543 725
1404 2518 1546 2541 numero
1568 2517 1681 2551 usque
1700 2506 1746 2540 ad

243 2557 424 2603 vulgarem
450 2556 566 2591 mundi
595 2560 718 2590 annum
738 2556 853 2599 5723,
876 2558 916 2591 ut
940 2558 1063 2594 auctor
1083 2559 1138 2590 est
1162 2554 1370 2599 Africanus,
1394 2553 1455 2601 qui
1483 2553 1651 2590 Antonini
1672 2553 1746 2587 Aue-

245 2605 342 2652 gusti
360 2604 428 2640 fuit
445 2615 555 2640 annus
572 2602 711 2639 tertius.

856 2673 1127 2716 Miscellanea.

340 2731 467 2769 Action
485 2730 644 2767 Milesius
663 2729 823 2765 florebat.

341 2778 521 2815 Pandosia
538 2782 574 2814 et
591 2776 828 2824 Metapontius
845 2776 970 2811 Italiae
988 2775 1149 2811 civitates
1167 2774 1341 2811 conditae.

342 2827 463 2862 Prima
477 2825 628 2861 triremis
651 2825 695 2859 ab
714 2823 898 2859 Amenocle
918 2823 1064 2858 Athenis
1082 2824 1291 2858 fabrefacta.

344 2874 403 2908 Ex
426 2873 556 2909 oraculi
585 2871 698 2907 edicto
718 2870 874 2906 Theraei
892 2869 1066 2917 Cyrenem
1084 2870 1328 2913 incoluerunt3
1352 2870 1477 2906 Battus
1489 2892 1502 2912 ,
1526 2866 1588 2915 qui
1614 2867 1652 2902 et
1668 2863 1750 2901 Ari·-

251 2920 418 2965 etoteles,
442 2920 518 2958 eius
538 2919 698 2957 conditor
718 2918 849 2955 extitit.

1742 1340 1787 1379 15
