1800 3236
185 197 291 247 268
658 204 912 251 GEORGII
941 203 1233 252 SYNCELLI

183 320 340 362 νοῢντα
368 314 445 361 τὸν
468 313 639 374 Ἰσραὴλ
665 315 765 372 μετ’
798 312 943 361 αὐτόν.
982 313 1112 369 ἔλαβέ
1129 333 1173 359 τε
1191 314 1356 374 Ἰησοῦν
1378 314 1454 360 τὸν
1472 319 1549 360 τοῦ
1569 319 1698 374 Ναυῆ

26 391 69 428 Ρ.
95 387 289 450 142'321'92
308 383 471 447 ψήφῳ,
509 388 578 431 καὶ
597 384 757 444 στήσας
776 385 913 431 ἔναντι
925 383 1126 444 Ἐλεάζαρ
1147 386 1216 429 καὶ
1236 385 1395 438 παντὸς
1411 386 1584 445 Ἰσραὴλ
1604 388 1700 430 ἐπέ-

187 462 296 516 θηκε
318 456 397 508 τὰς
417 463 563 516 χεῖρας
586 457 718 502 αὐτοῦ
751 456 823 501 ἐπ’
850 455 981 502 αὐτὸν
1009 458 1079 502 καὶ
1108 457 1358 515 συνέστησεν
1385 456 1542 513 αὐτὸν,
1579 457 1700 501 καθὰ

187 529 415 574 ἐνετείλατο
437 528 554 588 αὐτῷ
576 525 729 586 κύριος.

296 602 450 643 Ταῦτα
477 596 616 643 πάντα
636 592 1116 657 ἀνακεφαλαιωσάμενος
1139 596 1183 641 ἐν
1202 600 1255 656 τῇ
1275 594 1308 641 ε’
1327 597 1466 659 βίβλῳ
1485 601 1563 642 τοῦ
1585 598 1731 643 Λευ-5

186 670 448 730 τερονομίου,
484 666 540 713 τά
561 686 604 713 τε
622 673 698 726 τῆς
717 667 962 727 ὁδοιπορίας
978 672 1064 712 τῶν
1082 685 1126 712 τε
1144 667 1241 712 κατ’
1264 667 1399 726 αὐτὴν
1416 666 1700 728 παραβάσεων

188 743 260 786 καὶ
283 740 361 797 τὴν
386 737 590 799 πατρῴαν
612 739 753 784 αὐτῶν
786 739 1018 793 ἀπείθειαν,
1057 738 1150 795 ἣτις
1170 738 1284 798 αὐτῷ
1304 756 1348 783 τε
1371 741 1440 783 καὶ
1453 739 1616 798 Ἀαρών
1639 743 1700 799 τῷ

189 811 362 873 ἀδελφῷ
386 810 518 855 αὐτοῦ
542 810 677 869 γέγονε
707 811 829 862 θείας
850 810 978 869 ὀργῆς
998 810 1067 853 καὶ
1087 806 1343 868 ἀποφάσεως
1360 811 1489 865 αῗτία,
1527 810 1588 867 μὴ
1609 811 1698 853 ἐπι-

189 886 319 940 βῆναι
350 885 426 938 τῆς
454 881 756 940 ἐπηγγελμένης
785 881 931 932 αὐτοῖς
954 884 1031 938 γῆς
1067 877 1337 937 ἀναμνήσας,
1377 879 1494 932 ὅπως
1513 898 1557 924 τε
1574 882 1641 925 ἐπὶ
1664 877 1701 923 λ’

191 954 262 997 καὶ
289 950 330 1010 η’
350 951 421 1009 ἔτη
445 950 720 1009 περιεπόλουν
738 954 796 1003 εἷς
816 950 968 1009 Κάδης
985 950 1134 1010 Βαρνὴ
1157 951 1481 1011 ἐπιστραφέντες
1500 951 1606 1011 πρὸς
1625 950 1702 1009 τὴν
1714 958 1762 994 10

189 1028 267 1081 τῆς
297 1024 486 1082 ἐρυθρᾶς
506 1022 685 1081 ἔρημον,
723 1021 922 1067 ἐκύκλουν
953 1022 1001 1066 τὸ
1032 1022 1131 1081 ὅρος
1152 1024 1278 1081 Σηεὶρ
1313 1022 1386 1081 ἐφ’
1414 1020 1575 1081 ἡμέρας
1596 1026 1703 1066 πολ-

151 1094 292 1149 Βλὰς,
331 1095 401 1137 καὶ
436 1091 562 1137 πάλιν
604 1094 688 1138 ἀπὸ
721 1091 875 1138 τούτου
906 1091 1231 1152 ἐπεστράφησαν
1262 1092 1368 1151 πρὸς
1396 1098 1586 1152 βορρᾶν,
1627 1093 1704 1144 ἕως

187 1165 379 1210 διέπεσον
408 1168 492 1215 πᾶς
512 1164 693 1221 ἀπειθὴς
716 1165 758 1208 ἐν
777 1162 943 1225 ἐρήμῳ,
981 1165 1117 1208 καίτοι
1145 1168 1220 1220 τῆς
1251 1163 1351 1221 ὅλης
1372 1162 1474 1208 ὁδοῦ
1499 1163 1581 1208 ἀπὸ
1605 1162 1703 1208 Κά-

191 1238 269 1294 δης
290 1234 440 1294 Βαρνὴ
469 1229 786 1294 ἕωςφάραγγος
815 1236 960 1294 Ζαρέδ
978 1235 1038 1291 μὴ
1061 1234 1191 1292 οὔσης
1213 1232 1243 1278 ε’
1265 1232 1461 1294 ἡμερῶν,
1499 1233 1557 1286 ὥς
1585 1233 1705 1292 ἡμεῖς

189 1305 488 1365 ἐπειράθημεν,
526 1305 619 1363 ἥτις
639 1306 784 1358 αὐτοῖς
806 1306 1238 1365 καταρεμβευομένοις
1257 1303 1340 1349 ὗπὸ
1367 1310 1444 1350 τοῦ
1467 1310 1574 1350 θεοῦ
1600 1308 1644 1349 ἐν
1666 1303 1703 1348 λ’
1718 1311 1762 1350 15

193 1379 263 1422 καὶ
286 1375 326 1433 η’
346 1374 518 1435 χρόνοις
538 1375 769 1434 διήνυσται.
807 1375 970 1421 τούτων
999 1372 1073 1420 οὗν
1093 1376 1250 1428 αὐτοὺς
1270 1374 1517 1433 ἀναμνήσας
1538 1374 1559 1420 ὃ
1586 1381 1707 1427 θεῖος

193 1447 433 1505 νομοθέτης
461 1449 531 1491 καὶ
552 1447 690 1492 πολλὰ
710 1449 804 1507 περὶ
825 1449 1170 1506 εἶδωλολατρειάς
1198 1448 1267 1491 καὶ
1296 1452 1381 1491 τῶν
1411 1451 1568 1492 λοιπῶν
1592 1446 1705 1504 ἀπη-

193 1518 454 1577 γορευμένων
485 1518 664 1563 ἐθνικῶν
688 1519 803 1563 ἐθῶν
833 1518 1091 1577 παραινέσας
1115 1515 1300 1562 διδάσκει
1322 1517 1400 1569 τὰς
1424 1519 1548 1569 θείας
1574 1536 1705 1574 νομο-

194 1590 371 1643 θεσιάς,
419 1587 620 1641 πολλάκις
643 1587 1099 1646 ἐπαναλαμβανόμενος
1131 1590 1199 1633 καὶ
1223 1587 1552 1646 ἀναμιμνήσκων
1577 1584 1706 1640 αὖθις

174 1713 176 1716 ἱ
194 1664 282 1704 τῶν
299 1659 408 1703 κατὰ
427 1659 504 1716 τὴν
529 1660 684 1719 ἔρημον
704 1662 835 1705 θείων
855 1661 1158 1719 πειρατηρίων,
1199 1657 1534 1718 ἀπολογούμενος
1567 1659 1609 1703 ἕν
1640 1677 1705 1703 τι-
1716 1669 1764 1705 20

195 1747 263 1776 σιν
283 1729 347 1775 ὅτι
371 1729 442 1774 διὰ
463 1736 589 1776 τοῦτο
610 1729 724 1788 ὖμᾶς
755 1729 937 1776 ἐκάκωσε
963 1729 1106 1791 κύριος
1133 1732 1203 1775 καὶ
1233 1729 1554 1789 ἐλιμαγχόνησεν
1577 1732 1620 1774 ἐν
1651 1734 1705 1790 τῇ

291 1859 327 1895 1.
351 1851 452 1901 ναυὴ
470 1854 513 1891 Β.
609 1856 645 1892 7.
672 1852 816 1902 αὐτῶν]
844 1852 968 1893 αὐτοῦ
986 1856 1034 1890 G.
1129 1857 1165 1892 9.
1192 1851 1325 1896 αὐτοῖς
1342 1855 1412 1902 γῆς
1426 1855 1469 1890 Β.
1493 1855 1562 1902 γῆς
1586 1852 1707 1901 αὐτῆς

288 1905 335 1938 Α.
364 1905 454 1950 γῆς,
489 1898 622 1944 αὐτοῖς
653 1903 701 1937 G.
846 1907 902 1940 10.
936 1901 1088 1950 Βαρνὴ]
1123 1905 1256 1952 βαρνεῖ
1287 1904 1362 1940 ΑΒ.
1400 1904 1529 1949 Βαρνῆ
1553 1902 1602 1937 G.

290 1952 350 1986 11.
374 1949 491 1997 Σηεὶρ
510 1948 587 1997 ἐφ’]
606 1950 724 1996 Vulgo
737 1949 897 1997 Σιηρέφ.
919 1949 1073 1997 σηειρὲφ
1091 1951 1134 1984 Β.
1234 1949 1289 1987 14.
1314 1951 1436 1998 βαρνῆ
1452 1953 1494 1987 Α.
1518 1949 1704 1998 βαρνεῖΒ.

235 2019 237 2021 ·
405 1998 519 2045 ζαρὲδ
542 1998 584 2033 Β.
613 1997 741 2043 Ζαρὲθ·
769 1999 816 2033 G.
846 1996 965 2044 Ζαρὲτ
992 1999 1183 2034 Deuteron.
1207 1997 1266 2042 11,
1292 1999 1350 2037 13.
1468 1999 1527 2036 16.
1561 1995 1707 2040 αὐτούς

292 2043 375 2081 add.
398 2046 443 2081 B.
536 2047 596 2083 21.
630 2044 771 2083 τούτου
800 2042 902 2094 ἡμᾶς
926 2047 975 2083 G.

198 2150 291 2185 dum.
339 2150 431 2185 Tum
451 2150 592 2187 divinae
610 2151 792 2187 electionis
811 2157 896 2187 nutu
915 2150 1029 2187 Iesum
1046 2151 1154 2187 filium
1173 2151 1279 2189 Nave
1300 2150 1489 2198 assumpsit
1509 2153 1546 2186 et
1566 2151 1602 2185 in
1625 2161 1708 2184 con-

200 2200 324 2243 spectu
340 2198 494 2233 Eleazar
516 2199 696 2246 totiusque
708 2199 819 2234 Israel
834 2199 1024 2235 constituto
1045 2211 1165 2235 manus
1183 2199 1351 2247 imposuit
1370 2204 1419 2242 et,
1439 2202 1544 2247 prout
1560 2209 1708 2245 praece-

198 2249 303 2292 perat
320 2244 499 2289 dominus‚
517 2246 638 2281 ducem
657 2246 806 2282 creavit.

294 2292 432 2327 Cuncta
446 2293 533 2328 haec
550 2293 672 2340 quinto
683 2320 694 2339 ,
720 2294 782 2340 qui
797 2293 1059 2330 Deuteronomii
1075 2293 1176 2337 libro,
1201 2293 1362 2330 itinerum
1376 2292 1514 2328 scilicet
1530 2303 1572 2327 ac
1588 2295 1708 2327 trans-

199 2338 416 2384 gressionum
435 2341 628 2376 memoriam
642 2368 652 2385 ,
703 2346 858 2376 aternam
879 2353 996 2376 eorum
1023 2341 1288 2384 contumaciam,
1313 2353 1406 2388 quae
1424 2352 1500 2376 cum
1518 2339 1608 2386 ipsi,
1632 2344 1709 2374 tum
1766 2377 1772 2383 ‚

199 2389 318 2421 Aaron
336 2386 460 2430 fratri,
487 2387 626 2423 divinae
651 2400 675 2423 u
690 2388 816 2432 tionis,
843 2393 879 2424 et
905 2400 950 2424 ne
968 2389 1210 2435 promissionis
1229 2389 1266 2423 in
1286 2393 1417 2424 terram
1435 2387 1709 2434 ingrederentur

199 2433 296 2469 latae
319 2433 356 2468 in
381 2446 442 2469 eos
471 2435 668 2470 sententiae
695 2447 802 2471 causa
825 2436 915 2479 fuit,
939 2436 1019 2471 fuse
1048 2436 1293 2483 prosequitur,
1316 2440 1356 2471 ut
1382 2435 1540 2471 nimirum
1560 2433 1710 2479 triginta

201 2486 240 2516 et
264 2483 345 2516 octo
368 2481 469 2516 annis
488 2482 526 2517 in
542 2482 658 2518 Gades
684 2483 802 2518 Barne
829 2487 911 2518 sunt
932 2484 1053 2530 vagati
1075 2496 1116 2518 ac
1144 2484 1181 2520 in
1204 2484 1309 2518 maris
1326 2482 1427 2518 rubri
1449 2483 1627 2517 desertum
1646 2492 1710 2515 re-

201 2528 319 2574 gressi
337 2527 460 2564 diebus
490 2529 649 2586 plurimis
664 2535 813 2565 montem
830 2531 911 2565 Seir
938 2531 1151 2566 circularunt
1175 2542 1379 2576 rursumque
1405 2530 1443 2565 in
1468 2530 1610 2565 boream
1638 2539 1710 2573 op-

200 2575 354 2622 positum
369 2587 504 2612 reversi
520 2577 639 2612 cuncti
661 2577 728 2612 deo
750 2578 992 2613 inobedientes
1011 2579 1193 2625 perierunt
1208 2578 1244 2613 in
1263 2578 1426 2620 deserto,
1450 2575 1606 2624 quamvis
1627 2586 1711 2621 spa-

201 2622 289 2659 tium
309 2622 456 2658 aCades
465 2624 581 2659 Barne
601 2636 711 2670 usque
729 2624 774 2659 ad
794 2625 919 2660 vallem
932 2626 1046 2660 Sared
1065 2627 1214 2661 medium
1237 2626 1370 2661 dierum
1388 2624 1562 2671 quinque,
1585 2626 1627 2657 ut
1645 2633 1710 2657 nos

202 2669 276 2716 ipsi
291 2682 405 2706 sumus
423 2671 581 2718 experti,
605 2673 700 2707 viam
715 2683 784 2706 non
801 2672 963 2715 excedat,
986 2672 1024 2708 id
1043 2678 1159 2708 tamen
1175 2673 1257 2720 ipsi,
1283 2674 1349 2708 deo
1374 2672 1603 2718 disponente,
1628 2669 1712 2704 hinc

203 2716 288 2752 inde
306 2717 392 2765 vagi
418 2721 455 2754 et
481 2718 683 2762 instabiles,
717 2731 786 2754 non
809 2719 878 2754 nisi
901 2719 1000 2754 annis
1028 2721 1179 2765 triginta
1201 2726 1280 2755 octo
1308 2722 1390 2754 sunt
1414 2717 1556 2754 emensi.
1605 2716 1712 2751 Talia

204 2764 378 2800 mentibus
397 2765 636 2802 Hebraeorum
653 2766 916 2813 contemplanda
933 2765 1072 2802 divinus
1092 2767 1273 2813 legislator
1288 2766 1410 2802 obiicit
1426 2770 1463 2801 et
1479 2765 1523 2800 ab
1541 2763 1711 2799 idolorum

205 2811 303 2846 cultu
325 2811 475 2859 aliisque
493 2813 682 2860 prohibitis
702 2813 831 2850 ritibus
848 2825 908 2849 eos
933 2813 1137 2849 dehortatus
1156 2815 1292 2850 divinas
1318 2814 1415 2860 leges
1441 2811 1613 2859 repetitas
1633 2821 1713 2846 sae-

206 2858 286 2905 pius
311 2865 349 2895 et
366 2860 563 2896 inculcatas
583 2862 727 2904 edocet3
759 2873 802 2896 ac
825 2860 990 2908 insuper,
1014 2873 1107 2908 quae
1127 2861 1173 2898 de
1197 2861 1240 2897 iis
1260 2864 1455 2907 sumpserat
1475 2858 1712 2906 experimenta

207 2906 294 2943 deus
313 2906 350 2942 in
368 2907 508 2943 deserto
532 2912 675 2944 revocat
690 2908 727 2943 in
748 2908 946 2944 memoriam
966 2910 1004 2944 et
1022 2909 1068 2944 de
1085 2908 1258 2943 nonnullis
1279 2907 1515 2943 defensionem
1532 2905 1711 2947 instituit3

207 2957 407 3002 propterea,
423 2954 599 3004 inquiens,
617 2956 774 2994 dominus
791 2956 922 2994 afflixit
940 2967 1004 2993 vos
1023 2959 1060 2993 et
1076 2955 1247 3004 angustiis
1265 2967 1407 3004 pressos
1422 2955 1460 2991 in
1479 2955 1619 2990 deserto
1634 2957 1711 2989 ten-
