1800 3236
222 129 327 179 762
823 138 1151 187 MCEPHORI

65 252 111 289 P.
129 249 200 290 408
328 247 475 306 Σίμων
496 246 518 294 ὅ
537 245 759 309 θεοφιλής.

317 317 542 381 Ἐλεάζαρ,
580 321 655 382 ἐφ’
690 315 741 368 οὗ
770 317 1104 381 ἧρμηνεῦθησαν
1126 324 1173 370 αἶ
1201 328 1318 371 θεῖαι
1344 319 1508 386 γράφαι
1528 326 1737 374 37111110-

218 392 406 448 λεμαίου.

322 464 582 520 Μανασσῆς.

316 532 472 584 Ὀνίας.
1739 549 1766 586 5

321 605 468 660 Σίμων
483 600 577 654 υἱὸς
598 598 733 647 αὐτοῦ
748 615 758 627 ·
794 595 845 647 οὗ
870 599 1120 661 μνημονεύει
1143 603 1307 664 Ἰησοῦς
1337 606 1430 660 υῗός
1458 607 1595 669 Σιρᾶχ
1613 609 1657 654 ἓν
1681 614 1735 671 τῇ

216 674 349 736 σοφίᾳ
367 674 515 719 αὐτοῦ.

325 745 380 790 Οἱ
403 746 597 802 Σίμωνος
616 744 701 789 υἱοὶ
723 749 856 803 τρεῖς,
889 741 1053 798 Ὀνίας,
1086 742 1238 791 Ἰάσων
1262 748 1332 792 καὶ
1353 747 1590 804 Μενέλαος.

325 810 458 861 Οὗτοι
490 815 534 860 δ’
570 813 768 873 ἀλλήλοις
804 812 1152 872 ἀντιτασσόμενοι
1182 815 1261 862 ὕπ’
1299 817 1495 878 ἀλλήλων
1524 818 1735 867 διολώλα-

216 901 308 932 σιν·
354 887 429 947 ἔφ’
461 880 520 932 ὧν
554 888 624 932 καὶ
649 885 865 944 Ἀντίοχος
895 886 951 931 τὰ
988 887 1098 931 κακοὶ
1135 887 1413 949 διεπράξατο,
1462 890 1621 938 ἀνελών
1656 892 1732 938 τὸν
1746 901 1794 939 10

218 957 459 1004 Μενέλαον.

179 1035 210 1071 Β
312 1028 510 1086 Ἄλκιμος
529 1026 754 1085 ἀλλογενὴς
773 1024 1017 1085 κατεστάθη
1036 1026 1121 1073 ὕπὸ
1139 1028 1353 1088 Ἀντιόχου
1375 1031 1468 1077 ἀντὶ
1489 1030 1730 1080 Μενελάου.

318 1099 484 1153 Ἰούδας
513 1097 536 1146 ὃ
568 1101 859 1155 Μακκαβαῖος
883 1100 954 1142 καὶ
978 1097 1186 1158 Ἰωνάθης
1216 1105 1286 1146 καὶ
1315 1103 1463 1161 Σίμων
1485 1104 1526 1148 οἱ
1555 1104 1737 1165 ἀδελφοὶΙ

219 1170 369 1217 αὐτοῦ.

318 1239 515 1298 Ἰωάννης
536 1238 629 1291 υἶός
653 1239 847 1295 Σιζιιωνος
865 1243 944 1283 τοῦ
966 1242 1275 1298 Μακκαβαίου.
1745 1258 1792 1295 15

318 1310 517 1368 Ἰωάννης
537 1309 559 1355 ὅ
581 1311 650 1354 καὶ
665 1310 884 1362 Ἰανναΐος.

318 1386 409 1429 Καὶ
424 1379 643 1441 ζΥρκανός.

319 1459 488 1500 Τοῦτον
519 1452 703 1511 ἀδελφὸς
730 1450 863 1496 αὐτοῦ
905 1449 1076 1504 ἐξέωσε·
1132 1448 1363 1510 Πομπήιος
1389 1452 1436 1496 δὲ
1465 1451 1487 1498 ὃ
1513 1452 1730 1512 Ῥωμαίων

211 1525 450 1586 στρατηγὸς
467 1521 769 1583 προσφυγόντα
790 1523 906 1583 αὐτῷ
925 1521 1001 1566 τὸν
1015 1519 1222 1581 ζΥρκανὸν
1244 1523 1587 1584 ἀποκαθίστησιν
1604 1541 1614 1552 ·
1653 1527 1727 1586 ἐφ’

212 1592 262 1642 οὗ
281 1598 477 1641 Ἰουδαῖοι
496 1593 711 1654 γεγόνασιν
731 1592 947 1644 ὑποτελεῖς
965 1590 1196 1649 Ῥωμαίων.
1741 1614 1791 1650 20

315 1664 640 1727 Ἀριστόβουλος
669 1665 747 1722 μὲν
778 1660 854 1709 οὖν
890 1664 1061 1719 δέσμιος
1091 1663 1354 1721 ἀπεπέμφθη
1388 1665 1446 1716 εἷς
1463 1663 1629 1723 Ῥώμην
1645 1664 1728 1712 ὕπὸ

212 1741 460 1796 Πομπηίου.
494 1735 701 1796 εΥρκοινὸς
719 1737 766 1780 δὲ
792 1733 1106 1796 ᾐχμαλωτεύθη
1126 1732 1208 1779 ὑπὸ
1233 1732 1462 1794 Πάρθων,
1495 1736 1732 1796 Ἀντίγονός

214 1826 261 1855 τε
278 1806 606 1869 Ἀριστοβούλου
627 1809 697 1852 καὶ
722 1807 851 1859 αὐτὸς
871 1805 1077 1865 ἀνῃρέθη.

178 1891 211 1928 C
319 1878 550 1939 Ἀνάνηλος
569 1878 795 1938 ἀλλογενὴς
817 1876 839 1924 ὃ
860 1876 1148 1928 κατασταθεὶς
1169 1873 1252 1921 ὕπὸ
1272 1873 1485 1936 Ἡρώδου.

310 2039 431 2075 Simon
453 2038 490 2074 in
511 2038 611 2075 deum
629 2038 830 2085 religiosus.

309 2087 472 2172 lEulleazan
491 2088 557 2123 sub
574 2099 643 2136 quo
663 2087 857 2124 translatae
874 2086 957 2122 sunt
971 2095 1096 2122 sacrae
1116 2083 1328 2133 scripturae,
1346 2082 1541 2120 Ptolemaei
1559 2085 1729 2131 tempore.

353 2146 508 2171 anasses.

311 2181 435 2220 Onias.

310 2227 431 2264 Simon
449 2229 526 2265 eius
544 2228 658 2273 filius3
683 2228 784 2264 cuius
800 2227 956 2264 meminit
971 2227 1070 2263 Iesus
1088 2225 1181 2262 filius
1197 2225 1325 2262 Sirach
1340 2225 1379 2262 in
1396 2223 1572 2273 sapientia
1590 2237 1665 2261 sua.

311 2275 463 2311 Simonis
481 2277 546 2311 filii
561 2282 655 2312 tresz
681 2277 795 2312 Onias
807 2301 818 2319 ,
842 2276 947 2311 Iason
966 2279 1002 2310 et
1019 2274 1214 2311 Menelaum

311 2322 378 2358 Isti
404 2324 451 2358 ad
472 2323 622 2359 invicem
648 2323 823 2370 oppositi,
849 2324 894 2358 ab
916 2322 1065 2357 invicem
1090 2333 1229 2367 quoque
1252 2319 1450 2367 perierunt3
1489 2330 1609 2356 eorum
1639 2323 1728 2357 tem·

217 2381 304 2418 pore
324 2369 432 2406 multa
448 2382 559 2417 prava
576 2371 755 2414 facinora,
780 2370 897 2405 occiso
917 2369 1020 2405 etiam
1038 2368 1202 2404 Menelao
1214 2393 1225 2411 ,
1250 2367 1362 2403 edidit
1384 2365 1588 2403 Antiochus.

310 2417 463 2453 Alcimus
480 2417 677 2464 alienigena
696 2418 732 2453 in
753 2417 907 2453 Menelai
922 2417 1033 2452 locum
1050 2417 1094 2451 ab
1114 2414 1289 2451 Antiocho
1309 2414 1479 2450 suffectus
1501 2418 1568 2450 est.

309 2465 416 2500 Iudas
448 2465 684 2501 Maccabaeus
709 2468 746 2500 et
773 2465 938 2500 Ionathas
963 2468 999 2500 et
1019 2462 1140 2500 Simon
1159 2462 1236 2499 eius
1255 2464 1400 2499 fratres.

309 2512 458 2549 Ioannes
478 2512 572 2548 filius
593 2511 746 2547 Simonis
764 2511 984 2548 Maccabaei.

309 2560 481 2604 Ioannes,
505 2559 568 2607 qui
589 2564 627 2596 et
646 2560 829 2596 Iannaeus.

308 2608 361 2643 Et
375 2608 576 2655 Hyrcanas.

308 2655 412 2691 Hunc
435 2656 549 2691 frater
573 2652 721 2701 expulit.
765 2651 956 2700 Pompeius
978 2655 1092 2688 autem
1110 2652 1342 2688 Romanorum
1372 2648 1447 2686 dux
1466 2649 1725 2696 confugientem

216 2701 262 2739 ad
282 2714 321 2738 se
338 2703 543 2749 Hyrcanum
560 2701 738 2744 restituit3
763 2713 832 2748 quo
861 2706 1017 2746 tempore
1038 2700 1161 2735 Iudaei
1179 2699 1344 2735 Romanis
1363 2697 1556 2743 vectigales
1583 2697 1725 2734 redditi.

311 2751 363 2785 Ac
381 2750 600 2786 Aristobulus
620 2748 762 2796 quidem
780 2748 920 2783 vinctus
942 2748 1085 2783 Romam
1103 2747 1254 2783 mittitur
1269 2758 1290 2782 a
1307 2744 1488 2801 Pompeio.
1537 2745 1725 2800 Hyrcanus

218 2799 335 2832 autem
351 2798 562 2832 Parthorum
580 2795 820 2845 captivitatem
847 2795 967 2831 subiit.
1017 2796 1215 2842 Antigonus
1234 2806 1319 2830 vero
1346 2791 1539 2829 Anstohuli
1565 2791 1660 2827 nlius
1687 2794 1724 2827 et

217 2845 296 2893 ipse
314 2844 524 2880 interfectus
540 2848 609 2880 est.

317 2891 492 2929 Ananelus
510 2891 708 2939 alienigena
729 2891 775 2929 ab
790 2889 933 2928 Herode
952 2889 1113 2939 pontifex
1129 2888 1324 2926 institutus.
