1800 3236
216 191 322 271 224
670 200 921 246 GEORGII
950 199 1235 248 SYNCELLI

81 318 123 356 V.
146 320 192 356 95
217 313 286 356 καὶ
304 313 476 362 Βαλλᾶς
486 344 501 365 ,
535 309 713 368 Ῥουβὴν
733 308 902 356 πάντων
922 306 974 369 ἦν
1003 316 1061 373 τῷ
1078 310 1219 374 χρόνῳ
1241 310 1529 373 πρωτότοκος,
1567 314 1636 356 καὶ
1659 316 1711 371 τῇ

216 379 362 441 φύσει,
404 380 450 432 ὃς
480 385 532 440 τῇ
555 385 750 440 παλλακῇ
779 382 998 426 συνελθὼν
1019 387 1096 426 τοῦ
1118 383 1278 442 πατρὸς
1303 381 1530 442 ἱερωσύνην
1553 382 1713 442 ἀφῃρέ-

214 457 278 510 θη
307 453 375 495 καὶ
393 453 609 507 βασιλείαν
628 451 705 495 σὺν
724 458 812 502 τοῖς
831 454 1139 510 πρωτοτοκίοις.
1176 451 1403 511 ηὗλόγηται
1426 454 1471 497 δὲ
1489 455 1559 496 καὶ
1580 453 1712 504 πολὺς

214 524 259 567 ἓν
287 521 459 581 ἀριθμῷ
487 522 622 579 γέγονε
640 521 714 565 τὸν
730 521 886 580 Ἰωσὴφ
910 520 993 566 ὖπό
1017 527 1102 566 τῶν
1129 523 1320 581 ἀδελφῶν
1341 526 1635 583 διαφθαρῆναι
1650 522 1710 580 μὴ

216 591 503 651 συγχωρήσας.
543 594 647 649 φασὶ
680 590 724 634 δ’
760 590 824 635 ὅτι
845 593 913 635 καὶ
932 592 1091 648 ἀνῆλθε
1117 594 1193 648 μὲν
1212 594 1278 636 ἐπὶ
1300 593 1376 651 τὴν
1397 590 1602 652 πατρικὴν
1621 594 1742 637 κοί-5

215 681 316 721 την,
355 662 404 706 οὗ
435 665 622 717 συνῆλθε
654 662 699 704 δὲ
729 665 781 720 τῇ
802 666 1010 720 παλλακῇ.
1050 662 1150 722 ὅπερ
1175 663 1223 707 οὗ
1247 670 1465 722 συμφωνεῖ
1480 668 1532 722 τῇ
1555 667 1711 722 γραφῇ.

177 731 385 783 Βτούτοις
423 738 511 782 τοῖς
539 733 837 789 πρωτοτοκιόις
867 731 1130 789 ἐτιμήθησαν
1162 733 1201 776 οἶ
1224 734 1306 776 υἱοὶ
1334 733 1489 792 Ἰωσὴφ
1515 738 1591 777 τοῦ
1627 731 1714 778 σώ-

214 819 372 864 φρονος
390 804 550 855 παῖδες,
573 800 637 845 ὅτι
657 820 700 845 τε
721 803 764 845 ἐν
785 804 944 859 γυναικὶ
966 807 1041 846 τοῦ
1058 801 1236 860 Ῥουβὴν
1256 803 1713 870 ἀτιμωθέντοςἿωσὴφ

213 876 258 919 ἐν
294 874 453 931 γυναικὶ
483 876 535 929 τῇ
567 874 793 932 Αἴγυπτία
815 873 874 928 μὴ
909 873 1126 917 συνελθὼν
1157 871 1370 931 ἐδοξάσθη
1407 875 1476 917 καὶ
1504 871 1568 917 ὅτι
1595 891 1713 932 πρω-

214 942 389 993 τότοκος
407 943 451 986 ἐκ
467 940 633 999 Ῥαχήλ.
665 940 830 993 τούτοις
845 943 1014 1000 Ἰσραὴλ
1038 943 1115 994 τὰς
1127 951 1272 1000 χεῖρας
1294 943 1472 995 ἐναλλὰξ
1491 945 1560 987 καὶ
1581 960 1712 987 σταυ-
1725 952 1771 988 10

218 1015 390 1074 ροειδῶς
421 1014 579 1063 ἐπιθεὶς
589 1047 602 1067 ,
641 1017 701 1072 τῷ
732 1016 953 1071 Μανασσῇ
980 1014 1056 1068 μὲν
1080 1014 1125 1057 ἐκ
1143 1016 1286 1065 δεξιῶν
1306 1013 1454 1058 ἑστῶτι
1463 1047 1478 1067 ,
1518 1011 1575 1065 ὥς
1596 1032 1715 1072 πρω-

220 1082 383 1144 τοτόκῳ
409 1087 485 1127 τοῦ
511 1083 666 1141 Ἰωσὴφ
699 1082 774 1139 τὴν
808 1083 1051 1142 ἀριστερὰν,
1089 1088 1149 1144 ’τῷ
1183 1086 1228 1129 δὲ
1257 1085 1441 1142 Ἐφραὶμ
1464 1083 1541 1140 τὴν
1561 1084 1711 1138 δεξιὰν,

218 1156 366 1212 καίπερ
385 1155 428 1205 ἐξ
446 1153 675 1212 ἀριστερῶν
694 1151 856 1207 ἑστῶτι,
893 1152 949 1204 ὥς
969 1155 1161 1213 δευτέρῳ,
1197 1161 1468 1213 προφητικοῖς
1486 1152 1715 1212 ηὖλόγησεν

220 1225 385 1281 ἷίμμασί
407 1241 452 1267 τε
482 1225 550 1267 καὶ
582 1222 869 1280 ἴδιοποιήσατο
899 1222 1142 1283 φυλάρχους
1167 1225 1385 1276 ἀναδείξας
1411 1224 1510 1275 τοὺς
1540 1222 1615 1268 δύο
1645 1226 1715 1268 καὶ

216 1292 481 1353 πατριάρχας
510 1294 602 1338 ἀντὶ
615 1292 788 1352 Ἰωσήφ.
828 1288 951 1346 οὗτος
975 1295 1055 1353 γὰρ
1079 1295 1186 1339 καθ’
1211 1294 1360 1339 ἑαυτὸν
1382 1294 1458 1338 οὐκ
1480 1295 1713 1353 ἕνηρίθμηα
1727 1303 1771 1340 15

215 1383 308 1419 ται,
349 1364 452 1408 ἀλλ’
468 1364 566 1408 ἀντὶ
587 1369 663 1408 τοῦ
682 1366 795 1408 Λευὶ
814 1364 890 1408 σὺν
905 1369 964 1424 τῷ
983 1365 1178 1424 Ἐφραίμ.
1216 1364 1243 1422 ἦ
1266 1365 1345 1424 γὰρ
1366 1369 1442 1410 τοῦ
1465 1355 1578 1409 Λευὶ
1599 1365 1712 1422 φυλὴ

180 1434 404 1494 Οἷερατικὴ
437 1430 543 1478 οὖσα
569 1439 654 1478 τῶν
695 1432 752 1490 ιβ’
783 1436 910 1493 χωρίς
940 1437 1025 1479 ἔστι
1057 1438 1126 1479 καὶ
1155 1437 1268 1480 καθ’
1302 1433 1468 1493 ἑαυτήν.
1506 1440 1629 1492 τιμῆς
1668 1436 1715 1479 δὲ

214 1503 413 1561 τοιαύτης
432 1502 613 1561 ἠξιώθη,
641 1503 704 1548 ὅτι
727 1521 771 1548 τε
788 1505 872 1548 ἀπὸ
887 1504 1063 1562 Ῥουβὴν
1083 1508 1222 1565 τρίτος
1245 1504 1266 1550 ὅ
1291 1508 1406 1550 Λευὶ
1427 1506 1496 1549 καὶ
1520 1504 1583 1549 ὅτι
1605 1505 1714 1549 κατὰ

217 1574 490 1634 ἀναστροφὴν
517 1575 606 1619 ἀπὸ
629 1579 704 1618 τοῦ
725 1573 1096 1620 ὖστάτουπάντων
1116 1577 1314 1628 Βενιαμὶν
1337 1577 1509 1627 ’δέκατος
1529 1573 1715 1634 εὑρεθεὶς

214 1647 259 1690 ἓν
282 1650 341 1706 τῷ
363 1650 494 1705 καιρῷ
522 1650 598 1702 τῆς
619 1644 972 1698 ἀποδεκατώσεως
992 1644 1159 1691 πάντων
1179 1652 1262 1691 τῶν
1284 1644 1528 1705 προσόντων
1547 1652 1607 1705 τῷ
1629 1664 1709 1690 πα-
1724 1656 1770 1691 20

213 1718 282 1776 τρὶ
311 1720 370 1776 τῷ
401 1719 491 1776 θεῷ
528 1714 761 1775 ἀφιερώθη.
802 1715 962 1775 φεύγων
994 1716 1072 1776 γὰρ
1094 1717 1166 1764 τὸν
1180 1716 1317 1761 (Ησαῢ
1342 1715 1536 1770 ὃἸακώβ
1555 1716 1712 1773 ηὔξατο

310 1816 346 1852 1.
371 1815 516 1857 Βαλλᾶς
531 1826 576 1849 m.
602 1816 726 1856 Βαλᾶς
745 1816 792 1850 G.
906 1814 1050 1865 ῥουβὴν
1070 1816 1128 1851 hic
1145 1819 1180 1851 et
1200 1817 1293 1851 infra
1307 1817 1351 1854 B.
1378 1815 1524 1864 Ρουβὶμ
1550 1819 1714 1851 constan-

308 1866 364 1898 ter
389 1863 439 1898 G.
554 1863 590 1898 3.
614 1863 869 1906 πρωτοτόκοις
891 1865 933 1899 Β.
1050 1862 1169 1904 πολῦς
1184 1865 1227 1898 Β.
1252 1867 1404 1906 πολλοῖς
1430 1866 1465 1899 Α.
1502 1865 1648 1900 πολλῶν
1665 1865 1712 1898 G.

382 1911 417 1946 9.
440 1906 684 1956 πρωτοτόκου
704 1911 778 1945 AB.
874 1914 929 1947 11.
953 1912 1005 1959 τῷ
1024 1912 1098 1946 Bm.
1122 1911 1188 1947 τὸν
1212 1912 1258 1946 G.
1363 1911 1419 1949 14.
1453 1908 1608 1957 ὄμμασι]
1643 1909 1711 1958 ῥή-

306 1968 398 2004 μασι
420 1968 466 1994 m.
575 1957 792 2004 φυλάρχους
808 1959 881 1994 ΑΒ.
907 1955 1100 2005 φυλάρχοις
1126 1959 1174 1995 G.

217 2040 256 2074 et
292 2036 382 2072 Bala
410 2037 566 2081 ancillis,
599 2039 685 2076 nati.
741 2040 874 2074 Rubem
897 2043 937 2074 ut
970 2043 1076 2082 natu,
1102 2039 1154 2074 sic
1189 2043 1346 2087 tempore
1369 2041 1568 2075 cunctorum
1601 2039 1712 2076 maxi-

218 2097 294 2121 mus
307 2110 318 2128 ‚
343 2097 418 2120 cum
437 2085 548 2131 patris
570 2086 694 2132 pellice
712 2099 921 2132 congressus
943 2087 1139 2122 sacerdotio
1158 2088 1289 2123 excidit
1311 2093 1347 2122 et
1364 2099 1510 2133 regnum
1538 2099 1615 2122 cum
1638 2087 1713 2133 pri-

218 2133 467 2178 mogenitorum
484 2132 562 2167 iure
578 2133 704 2168 amisit.
750 2134 1037 2169 Benedictionem
1054 2134 1160 2169 nihilo
1179 2135 1294 2169 secius
1310 2134 1410 2170 velut
1429 2147 1449 2169 e
1469 2136 1615 2170 fratrum
1636 2141 1714 2170 tur-

217 2180 265 2214 ba
289 2179 437 2224 quilibet
462 2179 548 2214 alius
573 2181 729 2227 accepit,
753 2181 847 2228 quod
864 2181 990 2228 Ioseph
1009 2193 1030 2216 a
1052 2182 1222 2217 fratribus
1245 2181 1364 2217 necari
1392 2193 1461 2217 non
1485 2181 1711 2227 permisisset.

218 2226 343 2261 Cubile
373 2226 511 2272 quidem
542 2228 652 2273 patris
679 2240 759 2269 eum
794 2229 1061 2270 conscendisse,
1102 2241 1170 2265 non
1204 2241 1282 2264 cum
1321 2228 1446 2276 pellice
1473 2240 1711 2275 congressum,

217 2273 373 2309 nonnulli
399 2274 577 2316 referunt,
611 2286 755 2321 quorum
784 2276 958 2311 sententia
982 2275 1162 2322 scripturis
1184 2276 1320 2311 omnino
1341 2280 1527 2322 repugnat.
1576 2275 1713 2311 Primo-

220 2320 414 2366 genitorum
433 2320 532 2355 donis
550 2322 644 2356 aucti
657 2328 738 2358 sunt
758 2323 966 2358 continentis
981 2323 1109 2369 Ioseph
1126 2322 1211 2365 filii;
1237 2329 1275 2358 et
1293 2323 1424 2359 Rubem
1435 2322 1588 2357 mulieris
1607 2334 1714 2358 causa

219 2367 355 2402 deiecto
369 2367 492 2413 Ioseph
511 2370 554 2403 ab
574 2369 750 2416 Aegyptia
767 2369 910 2405 muliere
928 2370 996 2405 sibi
1013 2375 1212 2417 temperans
1230 2371 1277 2405 ad
1296 2381 1444 2405 summos
1460 2370 1610 2406 honores
1628 2370 1713 2405 sub-

217 2413 309 2449 latus
330 2418 404 2457 est,
429 2426 506 2449 cum
533 2416 671 2452 aliunde
700 2417 923 2463 primogeniti
947 2417 1071 2460 titulo,
1095 2429 1160 2453 ceu
1187 2418 1322 2453 Rachel
1351 2422 1436 2452 natu
1464 2417 1618 2464 primus,
1642 2428 1712 2452 non

218 2466 370 2496 careret.
427 2462 516 2497 Eius
540 2463 660 2509 itaque
689 2464 772 2499 filiis
801 2464 997 2499 commissas
1024 2469 1060 2500 et
1087 2465 1123 2500 in
1155 2465 1270 2500 crucis
1302 2464 1437 2500 modum
1464 2470 1563 2500 actas
1590 2475 1711 2499 manus

216 2507 325 2543 Israel
343 2508 532 2554 imponens,
557 2511 712 2546 Manassi
729 2510 878 2557 quidem,
903 2524 968 2547 ceu
986 2512 1114 2558 Ioseph
1132 2513 1374 2558 primogenito,
1398 2523 1420 2547 a
1439 2511 1573 2546 dextris
1592 2511 1711 2552 stanti,

217 2553 361 2590 sinistra
385 2567 509 2599 manu,
535 2557 703 2603 Ephraim
733 2562 866 2601 autem,
890 2571 953 2594 ceu
974 2559 1096 2594 minori
1123 2564 1160 2595 et
1188 2571 1210 2595 a
1229 2559 1379 2595 sinistris
1405 2558 1542 2605 posito,
1567 2558 1712 2592 dextera

217 2601 416 2648 applicata,
442 2604 656 2650 propheticis
677 2605 796 2640 verbis
816 2606 1015 2649 benedixit,
1041 2619 1168 2653 eosque
1190 2607 1257 2642 sibi
1276 2607 1354 2642 vice
1372 2605 1499 2652 Ioseph
1519 2604 1711 2650 *adoptatos

215 2649 436 2696 patriarchas
467 2654 503 2685 et
529 2650 679 2687 tribuum
702 2653 807 2687 duces
827 2653 1052 2689 renunciavit.
1101 2654 1226 2700 Ioseph
1251 2653 1341 2688 enim
1369 2663 1537 2699 nusquam
1565 2652 1711 2699 proprio

214 2696 375 2745 nomine,
399 2697 460 2732 sed
486 2697 561 2733 loco
584 2699 691 2743 Levi,
716 2699 885 2745 Ephraim
911 2706 1174 2736 connumeratus
1198 2701 1279 2736 fuit.
1326 2699 1415 2736 Levi
1443 2698 1572 2746 quippe
1597 2700 1712 2734 tribus

215 2754 293 2778 cum
319 2755 364 2779 ex
386 2744 625 2780 sacerdotibus
644 2750 721 2781 tota
738 2747 785 2781 sit
809 2746 882 2781 sola
915 2746 981 2782 sibi
1000 2749 1144 2790 relicta,
1169 2760 1234 2784 nec
1252 2759 1321 2783 non
1344 2759 1365 2782 a
1383 2746 1527 2793 reliquis
1546 2750 1712 2792 separata
1731 2783 1734 2786 Δ

217 2790 300 2826 fuit.
347 2790 528 2827 Eiusmodi
547 2804 630 2827 vero
648 2792 775 2839 dignus
795 2793 925 2828 honore
946 2794 1034 2829 Levi
1056 2795 1196 2830 habitus
1216 2798 1291 2839 est,
1317 2793 1408 2840 quod
1428 2793 1587 2840 quamvis
1604 2793 1712 2828 aRu-

216 2837 294 2872 bem
311 2838 439 2873 tertius
450 2864 461 2881 ‚
484 2840 689 2885 retrogrado
707 2845 822 2875 tamen
840 2841 961 2875 ordine
979 2853 1000 2875 a
1019 2842 1203 2877 Beniamin
1222 2841 1369 2877 omnium
1391 2840 1598 2883 novissimo,
1622 2844 1712 2875 tem-

216 2894 303 2929 pore
315 2910 326 2927 ,
359 2897 428 2932 quo
442 2890 544 2932 pater
561 2891 764 2923 cunctorum
783 2887 948 2922 bonorum
965 2888 1118 2924 decimas
1137 2889 1202 2924 deo
1220 2888 1449 2924 consecrabat
1463 2886 1617 2922 decimus
1643 2898 1710 2921 nu-

216 2936 387 2979 meratus,
414 2944 490 2972 eam
510 2934 554 2971 ob
570 2934 727 2974 remrdeo
743 2934 852 2972 fuerit
874 2939 1110 2972 consecratus.
1158 2935 1317 2973 Fratrem
1334 2934 1504 2983 siquidem
1520 2934 1618 2971 Esau
1635 2944 1712 2970 cum
