1800 3236
592 171 1127 225 CHRONOGRAPHIA.
1522 169 1626 224 127

101 289 213 350 παρ’
227 287 495 350 ζᾼῗγυπτίοις
523 290 612 332 τῶν
631 287 864 346 λεγομένων
882 289 1141 333 δυναστειῶν
1161 283 1450 347 παρενόθευσε
1465 307 1623 350 χρονο-

100 360 246 419 λογίαν
262 362 333 404 καὶ
350 359 428 417 τὴν
445 356 558 418 παρ’
574 357 827 414 Ἀσσυρίοις,
866 355 927 411 ὦς
945 359 990 403 ἓν
1011 362 1073 419 τῷ
1093 358 1199 402 τέλει
1220 362 1300 403 τοῦ
1321 361 1515 405 κανονιόυ
1533 365 1660 409 τῶνῦ

92 430 329 490 Ἀσσυρίων
346 430 557 487 βασιλέων
576 426 872 487 δειχθήσεται,
908 430 981 474 καὶ
1006 429 1087 486 τὴν
1110 428 1218 488 παρ’
1241 427 1415 488 ’Ἑλλησι
1446 432 1509 488 δὲ,
1540 451 1620 477 κα-

99 501 197 553 θὼς
214 501 519 546 ἀποδέδεικται.
544 504 671 544 τοῦτο
691 499 773 559 γὰρ
793 498 896 557 ἡμῖν
914 501 1108 544 ἐνταῦθα
1124 498 1346 558 προῦκειτο
1358 501 1467 545 κατὰ
1475 502 1620 560 Ἄμω-

69 581 170 619 5σιν
193 572 287 628 μὲν,
325 570 402 616 τὸν
426 573 497 615 καὶ
531 570 788 628 Τέθμωσιν,
824 569 918 615 υἱὸν
933 569 1076 628 Ἀσὴθ
1106 574 1185 614 τοῦ
1220 568 1393 629 πρώτου
1412 574 1620 627 βασιλέως

98 646 179 699 τῆς
226 641 326 686 κατ’
371 642 593 700 Αἴγυπτον
645 639 1007 699 ὄκτωκαιὸεκάτης
1048 643 1322 696 δυναστείας,
1369 643 1500 695 δεῖξαι
1538 645 1618 701 τὴν

98 711 326 765 Μωῢσὲως
361 712 543 771 γένεσιν,
583 710 685 771 εἴγε
725 710 952 770 τριάκοντα
997 711 1070 769 ἴτη
1104 710 1377 769 λογισώμεθα
1408 718 1470 774 τῷ
1504 713 1624 776 αὐτῷ

92 780 293 840 Ἄμῶσει,
333 784 403 827 καὶ
434 780 488 835 ις’
517 786 580 843 τῷ
609 784 738 841 πατρὶ
761 781 894 827 αὐτοῦ
921 780 1087 840 Ἀσήθ·
1125 784 1162 827 εἰ
1185 783 1254 837 δὲ,
1295 780 1354 834 ὦς
1372 782 1428 827 τὰ
1447 787 1624 830 πλεῖστα

98 855 170 898 καὶ
205 853 481 913 ἀκριβέστερα
512 857 598 898 τῶν
630 850 924 912 ἀντιγράφων,
963 851 1001 898 κ’
1019 853 1100 910 μὲν
1128 857 1189 914 τῷ
1202 853 1365 916 Ἀσὴθ,
1383 846 1386 850 4
1404 852 1469 906 κς’
1491 856 1538 900 δὲ
1559 859 1622 917 τῷ

41 922 293 980 ῙΟἈμῶσει,
343 923 461 968 ἕσται
497 925 714 982 γεννηθεὶς
753 924 864 968 κατὰ
905 922 966 978 κζ
1003 923 1031 982 ἢ
1063 926 1132 968 καὶ
1161 922 1225 975 κς’
1256 923 1350 976 ἔτος
1377 929 1455 969 τοῦ
1486 925 1622 971 αὐτοῦ

91 994 247 1052 Ἀσὴθ,
280 993 380 1054 ὅπερ
398 992 500 1052 ἡμῖν
522 993 694 1053 εὕρηται
716 994 825 1051 μετὰ
845 999 1005 1052 πολλῆς
1024 999 1102 1052 τῆς
1122 994 1351 1054 ἀκριβείας,
1383 997 1623 1055 συντρέχων

95 1069 160 1126 τῷ
189 1063 335 1128 ,γψλβ
365 1065 454 1110 ἕτει-
472 1069 548 1109 τοῦ
574 1062 736 1116 κόσμου
747 1098 763 1120 ,
801 1065 851 1110 νέ
875 1067 923 1110 δὲ
936 1063 1101 1123 Ἰνάχου
1121 1070 1200 1111 τοῦ
1221 1064 1394 1125 πρώτου
1410 1069 1623 1123 βασιλέως

88 1134 310 1195 Ἀργείων,
349 1135 459 1180 καθ’
479 1133 554 1187 οὓς
574 1135 811 1195 Ἀσσυρίων
829 1137 908 1192 μὲν
929 1141 1147 1196 Σφαῖρος,
1187 1139 1429 1182 Σικυωνίων
1448 1140 1495 1183 δὲ
1510 1138 1656 1199 'Op-D

94 1204 280 1259 θόπολις
311 1208 571 1261 ἐβασίλευον.
607 1206 717 1263 μετὰ
753 1207 801 1250 δὲ
833 1206 906 1266 ἴτη
937 1206 980 1252 π’
995 1208 1177 1266 ’Ώγυγον
1196 1208 1360 1254 καὶτὸν
1384 1209 1459 1253 ἐπ’
1484 1210 1617 1255 αὐτοῦ

39 1289 87 1326 15
98 1277 398 1335 κατακλυσμὸν
424 1277 597 1329 Ἄπιδος
626 1282 704 1322 τοῦ
737 1278 973 1337 Φορωνέως
991 1279 1190 1339 Ἀργείων
1212 1277 1516 1336 βασιλεύοντος
1539 1280 1614 1336 ἔτι,
1676 1319 1678 1321 ,

93 1349 343 1407 Αἰγυπτίων
376 1349 424 1393 δὲ
457 1346 941 1407 Μισφραγμουθῷσεως
962 1354 1041 1396 τοῦ
1075 1351 1146 1395 καὶ
1159 1348 1371 1407 Ἀμῶσιος
1397 1349 1482 1407 ἔτι,
1515 1351 1618 1397 Ἀσ-

95 1420 257 1479 συρίων
279 1420 328 1464 δὲ
349 1418 411 1464 ἔτι
430 1421 502 1463 καὶ
523 1420 779 1464 Σικυωνίων.

202 1499 498 1559 Τετάχθωσαν
517 1503 564 1552 δὲ
582 1499 684 1559 ἡμῖν
703 1502 854 1562 ἐφεξῆς
881 1501 926 1546 αἱ
942 1502 1086 1546 λοιπαὶ
1107 1503 1350 1547 δυναστεῖαι
1369 1506 1456 1547 τῶν
1473 1500 1615 1562 Λῗγῦ-

94 1577 204 1618 πτου
236 1562 447 1629 βασιλέων
480 1572 566 1617 ἀπὸ
587 1577 665 1630 τῆς
682 1573 816 1630 αὐτῆς
836 1569 893 1629 ιη’
917 1573 987 1616 καὶ
1012 1576 1090 1616 τοῦ
1111 1570 1283 1632 πρώτου
1305 1573 1516 1630 βασιλέως
1533 1574 1615 1619 αὗ-

189 1685 227 1721 1.
261 1683 478 1731 αἰγυπτίοις
499 1684 576 1720 Bm.
608 1684 828 1731 Αἰγυπτίων
857 1685 907 1720 G.
1024 1684 1062 1722 5.
1095 1681 1203 1734 ἅσῆθ·
1236 1685 1269 1721 Α
1301 1687 1517 1723 constanter.

188 1733 226 1770 7.
249 1731 405 1780 γένεσιν,
422 1733 466 1768 Β.
498 1732 672 1779 γέννησιν
702 1734 750 1771 G.
844 1734 880 1770 8.
911 1727 1054 1778 ἅμωσει
1071 1733 1146 1769 AB.
1249 1729 1381 1778 ἀσσὴθ·
1410 1734 1454 1768 Β.
1557 1734 1616 1796 292

183 1776 341 1826 Ἀμῶσει
359 1791 403 1816 ιιι.
422 1780 504 1816 τῶν
517 1777 662 1825 ἄμωσει
678 1781 723 1816 Β.
749 1778 819 1818 τὸν
836 1784 987 1831 Λμωσιν
1006 1780 1056 1818 G.
1153 1780 1212 1817 10.
1243 1778 1291 1824 ιζ’
1314 1778 1340 1829 ἢ
1361 1778 1411 1821 ις’
1434 1793 1481 1818 ιιι.
1585 1798 1612 1832 η

189 1827 255 1864 καὶ
286 1829 330 1864 Β.
373 1829 508 1863 Aberat
533 1830 622 1866 καί.Δ
708 1830 768 1866 11.
800 1824 966 1876 ηὕρηται
990 1829 1034 1870 B,
1131 1829 1343 1876 συντρέχων
1357 1828 1427 1878 τῷ]
1446 1829 1611 1877 Legeba-

187 1879 249 1912 tur
268 1876 561 1922 συντρεχόντων.
603 1874 817 1922 συντρέχων
835 1877 880 1911 Β.
979 1878 1036 1914 12.
1061 1873 1157 1912 ἐτῶν
1176 1887 1222 1911 ιιι.
1292 1872 1356 1923 νε’]
1389 1874 1454 1923 μα’
1470 1889 1514 1912 ιιι.

192 1924 250 1961 13.
286 1924 464 1971 Σφαῒρος
488 1936 535 1962 m.
550 1923 727 1970 ’σφαιρὸς
751 1925 795 1960 Β.
826 1923 1030 1970 Σφαιδρὸς
1057 1924 1106 1959 G.
1205 1921 1263 1961 14.
1287 1924 1481 1972 γεγονέναι
1497 1921 1614 1973 Ὤγυ-

188 1984 259 2018 γον
285 1983 331 2007 ιιι.
425 1972 482 2009 15.
508 1971 563 2009 ἔτι
585 1977 643 2007 ter
666 1972 705 2007 in
732 1969 805 2008 ἔτει
830 1975 943 2007 mutat
959 1984 992 2007 m
1009 1975 1046 2008 et
1065 1970 1210 2018 supplet
1229 1983 1393 2008 numeros
1414 1972 1451 2008 in
1471 1973 1611 2009 Latinis

189 2030 390 2066 expressos.
486 2022 543 2060 16.
565 2017 939 2068 Μσφαγουθώσεως
960 2021 1012 2055 G·
1105 2015 1275 2066 ἅμαὶσιος
1290 2021 1335 2057 Β.
1358 2019 1545 2068 Αμοὶσεως
1558 2023 1609 2059 G.

93 2113 234 2161 pertum
252 2115 320 2149 est.
369 2112 450 2156 Quo
468 2115 598 2151 factum
610 2141 622 2159 ,
644 2116 687 2150 ut
704 2117 742 2150 et
760 2114 1002 2161 dynastiamm
1021 2114 1212 2162 Aegyptiis
1233 2114 1285 2151 ita
1302 2114 1476 2152 dictarum
1497 2115 1610 2165 Assy-

92 2161 318 2207 rictumque,
342 2165 385 2197 ut
401 2162 446 2197 ad
472 2163 602 2199 calcem
619 2162 747 2198 indicis
771 2162 993 2209 Assyriorum
1018 2173 1141 2208 regum
1170 2162 1428 2207 declarabitur,
1452 2176 1519 2199 nec
1538 2177 1608 2202 non

95 2212 134 2243 et
152 2208 371 2244 Graecorum
383 2235 395 2252 ‚
418 2213 458 2244 ut
482 2210 578 2245 infra
595 2210 930 2252 demonstravimus,
957 2209 1218 2256 chronologiam
1236 2210 1438 2247 adulterare
1470 2223 1539 2248 non
1558 2213 1608 2250 sit

93 2255 243 2290 veritus.
293 2255 373 2291 Hoc
391 2256 526 2304 quippe
546 2257 647 2293 nobis
665 2258 881 2305 propositum
897 2263 994 2298 erat,
1014 2262 1055 2292 ut
1073 2257 1231 2301 Amosis,
1255 2259 1317 2305 qui
1335 2264 1373 2294 et
1390 2258 1606 2304 Tethmosis,

93 2303 208 2338 Ascth
226 2303 410 2351 dynastiae
430 2305 589 2340 decimae
609 2311 758 2341 octavae
781 2304 882 2351 primi
907 2305 1005 2350 regis
1019 2303 1084 2339 filii
1109 2305 1328 2352 temporibus
1346 2307 1471 2343 Mosen
1488 2312 1607 2344 natum

92 2349 376 2394 ostenderemus,
398 2352 430 2386 si
450 2363 573 2399 nempe
592 2353 709 2388 Amosi
735 2353 906 2399 triginta,
930 2351 1111 2398 Asethque
1129 2352 1284 2389 eiusdem
1301 2354 1397 2401 patri
1420 2366 1529 2390 annos
1545 2368 1605 2391 se-

94 2397 207 2432 decim
224 2398 461 2444 assignemus;
484 2411 607 2435 verum
631 2400 732 2435 iuxta
754 2400 858 2447 plura
885 2411 999 2446 eaque
1024 2400 1238 2437 correctiora
1262 2401 1497 2449 exemplaria,
1521 2403 1604 2439 huic

93 2444 234 2491 quidem
254 2446 366 2480 Aseth
390 2446 490 2481 annis
507 2449 576 2490 20,
601 2447 683 2482 inde
702 2448 822 2483 Amosi
837 2449 886 2484 26
913 2447 1089 2482 concessis
1101 2473 1113 2490 ‚
1132 2459 1228 2483 anno
1247 2450 1363 2486 Aseth
1383 2449 1536 2485 ciusdem
1557 2452 1605 2489 17

92 2491 151 2527 vel
174 2492 240 2536 16,
262 2493 392 2528 natalis
415 2493 528 2529 Mosis
547 2494 623 2529 dies
650 2494 937 2541 deprehendetur
957 2495 1155 2541 (accurata
1175 2507 1283 2539 vero,
1317 2508 1387 2544 qua
1410 2498 1600 2544 potuimus,

91 2543 172 2575 me
190 2540 346 2576 calculus
363 2541 431 2576 iste
448 2553 469 2576 a
487 2542 588 2576 nobis
605 2542 817 2588 compositus
837 2542 940 2588 est),
964 2542 1065 2578 annis
1091 2542 1250 2579 nimirum
1275 2555 1297 2579 a
1314 2545 1435 2580 mundi
1460 2545 1604 2581 conditu

90 2587 209 2630 3732,
231 2599 302 2623 una
323 2589 612 2624 concurrentibus
624 2615 637 2632 ,
660 2589 783 2625 Inachi
808 2589 906 2637 regis
924 2590 1134 2636 Argivorum
1151 2591 1255 2638 primi
1283 2591 1426 2628 labente
1439 2590 1508 2634 41,
1532 2603 1603 2639 quo

89 2633 247 2681 Assyriis
272 2635 412 2682 quidem
439 2637 635 2683 imperabat
661 2637 843 2684 Sphaerus
872 2641 909 2673 et
924 2637 1100 2685 Sicyoniis
1119 2638 1348 2686 Orthopolis3
1381 2638 1602 2686 evolutisque

90 2681 226 2717 demum
251 2683 350 2718 aunis
374 2684 565 2730 octoginta.
612 2684 682 2732 Api
700 2684 877 2720 Pboronei
904 2685 978 2720 filio
1006 2685 1151 2732 Argivis
1176 2698 1285 2723 annos
1301 2687 1399 2734 (iam
1424 2686 1602 2734 quinque)

90 2729 283 2776 Aegyptiis
305 2730 664 2779 Misphragmuthosi,
688 2732 750 2779 qui
777 2737 815 2768 et
835 2732 971 2768 Amosis
990 2733 1227 2780 (duodecim)
1247 2735 1424 2770 Ascatade
1441 2733 1601 2779 Assyriis

91 2775 268 2822 (primum
284 2777 483 2824 duntaxat)
502 2779 669 2827 Echyreo
689 2779 867 2827 Sicyoniis
885 2781 987 2828 (tres
1006 2792 1117 2829 supra
1139 2781 1318 2829 triginta)
1337 2781 1601 2828 imperantibus,

92 2823 244 2870 Ogygus
257 2828 295 2860 et
309 2825 374 2861 sub
392 2838 435 2862 eo
451 2826 623 2864 diluvium
643 2827 775 2864 extitit.

184 2882 356 2930 Reliquae
370 2883 482 2931 igitur
500 2897 621 2931 regum
632 2886 888 2935 Aegyptiorum
909 2886 1095 2935 dynastiae
1113 2898 1179 2923 sua
1197 2899 1359 2934 quaeque
1373 2886 1467 2922 serie
1482 2888 1520 2923 et
1538 2897 1599 2922 or-

90 2926 197 2974 diue,
220 2941 244 2966 a.
263 2931 401 2970 decima
416 2933 575 2971 nimirum
592 2938 720 2972 octava
737 2939 776 2972 et
793 2935 871 2972 cius
886 2947 975 2982 rege
997 2936 1108 2983 primo
1126 2936 1232 2971 Amos
1260 2947 1306 2971 ex
1324 2934 1485 2972 Africani
1509 2946 1597 2970 sen-
