1800 3236
528 191 1070 265 GHRQNOGRARI-HA.
1469 188 1580 239 263
1650 162 1660 174 ⁸

68 303 262 362 Ἰσραὴλ,
299 298 498 364 ἐφοβήθη
532 301 703 364 σφόδρα
716 320 728 332 ·
763 306 834 350 καὶ
860 300 1244 362 μεταπεμψάμενος
1272 302 1458 362 Βαλαάμ
1482 324 1575 352 τινα

68 372 299 432 διαβόητον
327 371 479 434 μάντιν
512 376 583 418 καὶ
612 374 919 431 οἷωνοσκόπον,
959 373 1169 432 δαιμόνων
1191 377 1370 439 ἐνεργείᾳ
1389 378 1571 429 πολλοὺς
1587 370 1629 422 V.
1656 387 1722 424 111

67 442 393 503 τροπωσάμενον
413 444 542 505 (κατὰ
561 449 668 490 θεοῦ
689 445 967 506 συγχώρησιν,
991 444 1084 504 ἥτις
1102 447 1171 490 καὶ
1192 443 1329 507 τούτῳ
1347 446 1402 490 τὰ
1422 452 1570 506 πρῶτα

66 514 145 573 τὴν
165 515 383 565 ἀπάευσιν
406 512 592 573 δράμασι
621 515 842 571 διεκώλυε,
878 516 927 561 τὸ
950 517 997 561 δὲ
1018 513 1211 574 δεύτερον
1236 517 1499 574 ἐπιτρέψασα
1523 520 1569 562 τί
1574 524 1604 559 C

37 583 237 644 ὸπράξοι,
271 589 327 644 τῇ
355 589 477 644 φωνῇ
494 589 572 643 τῆς
590 584 767 644 ὅνουμὴ
787 587 1044 631 εὐοδοῦσθαι
1060 584 1256 645 ἐσήμανε,
1292 587 1355 632 δι’
1375 587 1429 645 ἣν
1449 587 1570 633 ὤδινε

63 655 177 707 κατὰ
191 659 268 700 τοῦ
283 655 456 715 Ἰσραὴλ
472 654 647 712 ἔννοιαν,
686 657 819 715 ἄλλην
831 648 954 718 αὐτῷ’
971 655 1226 714 μηδαμόθεν
1250 656 1425 707 ἔσεσθαι
1446 663 1566 716 φθο-

63 725 144 785 ριὶν
171 724 200 783 ἢ
220 725 305 770 ,διὰ
331 730 409 770 τοῦ
435 730 660 784 μολυσμοῦ
687 732 764 773 τοῦ
798 728 856 779 εἰς
889 727 968 777 τὰς
996 725 1287 786 ἀλλοφύλους,
1325 727 1384 772 δι’
1413 722 1464 773 οὗ
1494 730 1565 775 καὶ

61 797 377 855 εἶδωλολατρεΐν
414 796 569 849 αὐτοὺς
595 797 773 857 εὐχερῶς
805 797 1126 857 κατεσκέπτετο)
1158 796 1360 843 ἐδυσώπει
1390 799 1461 843 διὰ
1488 803 1566 857 τῆς

61 864 280 924 συνήθους
315 869 583 924 κακοτεχνίας
609 869 793 929 ἐπῳδαῖς
809 885 892 913 τισι
914 868 988 913 τὸν
1003 868 1172 926 Ἰσραὴλ
1198 870 1268 912 καὶ
1295 868 1420 927 ἀραῖς
1454 868 1564 915 ἀπο-

4 937 349 996 ωστρέψασθαι.
386 935 410 984 ὅ
443 939 490 982 δέ
516 936 661 990 θύσας
681 939 747 983 ἐπὶ
768 938 943 995 βωμοὺς
963 937 1069 989 ἑπτὰ
1090 938 1199 983 κατὰ
1222 937 1456 998 διαφόρους
1488 938 1562 984 τό-

57 1025 164 1060 πους
182 1008 291 1052 κατὰ
301 1005 464 1059 πάντας
485 1006 639 1060 ἔνθους
655 1007 872 1068 γενόμενος
886 1010 931 1053 ἐκ
948 1010 1093 1067 τρίτου
1112 1008 1185 1054 τὸν
1197 1008 1368 1069 Ἰσραὴλ
1386 1007 1561 1068 εὐλόγη-

60 1093 132 1122 σεν
154 1077 267 1123 ἄκων
299 1075 472 1122 ἐνώπιον
491 1079 643 1123 Βαλὰκ
666 1081 735 1123 καὶ
754 1085 839 1124 τῶν
859 1077 1077 1138 ἀρχόντων
1094 1079 1270 1136 Μωὰβ,
1309 1076 1368 1131 ὥς
1389 1097 1559 1139 προφη-

55 1149 172 1193 τείαν
210 1150 282 1194 καὶ
318 1147 514 1207 ἄντικρυς
554 1146 657 1194 εἶναι
695 1150 772 1208 τὴν
813 1150 948 1207 αὐτὴν
983 1149 1175 1208 εὐλογίαν
1211 1154 1289 1207 τῆς
1317 1150 1560 1208 εἷθισμίνης

55 1216 362 1275 δαιμονιῶδους
393 1219 510 1280 αὐτῷ
540 1218 792 1278 ἐπικλήσεως
815 1222 885 1265 καὶ
914 1220 1035 1279 ἀρᾶς.
1071 1220 1179 1277 μετὰ
1214 1221 1415 1266 δὲταῦτα
1433 1238 1556 1265 συνε-

0 1292 43 1328 15
52 1288 280 1345 βούλευσεν
310 1289 427 1350 αὐτῷ
461 1292 554 1348 περὶ
589 1294 666 1348 τῆς
680 1292 875 1347 πορνείας
902 1296 978 1335 τοῦ
996 1295 1124 1346 λαοῦ,
1163 1293 1233 1335 καὶ
1252 1289 1505 1349 ἐβεβηλιῦθη
1526 1289 1591 1337 ὅΙ)

53 1360 159 1412 λαὸς
179 1362 238 1412 εἷς
255 1359 334 1412 τὰς
349 1361 636 1417 ΙΙῘωαβιίιδας
654 1363 723 1405 καὶ
747 1364 805 1414 εἰς
823 1362 903 1414 τὰς
919 1363 1079 1413 θυσίας
1097 1365 1172 1406 τοῦ
1191 1359 1449 1420 Βεελφεγῶρ.
1485 1363 1556 1406 καὶ

52 1429 247 1489 ὠργίσθη
295 1427 439 1489 κύριος
481 1433 551 1476 καὶ
601 1431 829 1491 προσέταξε
863 1436 924 1494 τῷ
965 1435 1139 1492 Μωῢσῇ
1176 1433 1556 1490 παραδειγματίσαι

50 1501 152 1553 τοὺς
180 1500 390 1560 ἀρχηγοὺς
418 1506 497 1558 τῆς
525 1499 684 1560 λύσσης
710 1502 848 1548 ἴναντι
880 1507 956 1547 τοῦ
987 1499 1135 1559 ἡλίου,
1173 1503 1242 1546 καὶ
1277 1501 1553 1559 ἀναιρεθῆναι
1576 1554 1579 1556 ‚

51 1571 171 1630 παρὰ
191 1576 278 1615 τῶν
295 1569 524 1630 ὁμοφύλων
549 1572 650 1624 τούς
664 1573 921 1631 μιανθὲνυας
939 1573 1111 1634 πορνείᾳ
1129 1573 1198 1615 καὶ
1215 1573 1549 1634 εἰδωλολατρείᾳ.

0 1644 122 1688 nonai
138 1641 410 1701 ἀνῃρέθησαν
430 1640 495 1686 κδ’
506 1640 704 1699 χιλιάδες.
741 1640 837 1688 τότε
867 1644 936 1686 καὶ
959 1643 1102 1693 Φινεές
1129 1641 1222 1693 υἱὸς
1235 1640 1433 1700 Ἐλεάζαρ
1452 1642 1549 1686 υἶοῖ
1575 1681 1595 1701 β,

41 1710 209 1773 ,Ἀαρὼν
234 1713 338 1773 θείῳ
359 1709 468 1774 ζήλῳ
498 1710 671 1770 διήλασε
700 1713 800 1765 τοὺς
827 1713 870 1757 ἐν
890 1711 1165 1772 ἀσχημοσύνῃ
1181 1716 1545 1771 παρανομοῦντας.

73 1815 75 1817 ’
143 1812 181 1850 1.
200 1809 454 1860 ἐφοβήθασαν
471 1813 515 1847 Β.
609 1810 678 1849 τὸν
696 1809 875 1859 Βαλλαᾶμ
894 1811 941 1848 G.
965 1809 1033 1849 τὸν
1050 1823 1115 1848 om.
1137 1811 1212 1849 AB.
1238 1810 1308 1848 τόν
1326 1809 1487 1859 Βαλαιὶμ
1501 1823 1545 1848 m.

211 1862 247 1898 5.
273 1861 342 1908 τῆς
366 1857 477 1906 ὄνου]
502 1861 575 1897 τοῦ
598 1859 693 1898 ὄνου
720 1862 768 1895 G.
886 1861 921 1896 6.
944 1858 1040 1896 κατὰ
1060 1860 1132 1897 τοῦ
1149 1871 1192 1894 m.
1216 1858 1383 1897 ἀτάκτου
1401 1861 1451 1896 G.

143 1904 274 1955 ἄλλην]
301 1905 419 1950 αὐτὸς
433 1919 478 1943 m.
574 1906 741 1946 ἐπινοῶν
761 1906 915 1945 ἔσεσθαι
935 1907 985 1943 G.
1007 1906 1171 1944 ἐπινοῶν
1192 1918 1259 1942 om.
1279 1908 1324 1944 B.
1426 1908 1462 1943 7.
1485 1903 1545 1944 δι’

140 1949 191 1992 οὗ
206 1956 250 1991 Β.
275 1953 337 1992 διὸ
357 1956 407 1990 G.
501 1956 535 1992 8.
560 1955 627 1992 διαὶ
643 1957 724 2005 τῆς]
740 1953 838 1993 κατὰ
849 1955 898 1989 G·
990 1956 1027 1992 9.
1052 1966 1126 1992 τισι
1143 1952 1207 1991 καὶ
1224 1951 1336 2003 ἀραῖς
1346 1952 1485 2002 Ισραὴλ
1496 1956 1544 1991 G.

212 2005 270 2040 12.
298 2001 443 2050 Βαλὰκ]
466 2001 587 2049 χαλᾶκ
605 2004 650 2042 Β.
763 2004 820 2040 13.
844 2000 1054 2051 ἠθισμένης
1075 2003 1119 2039 Β.

45 2087 84 2121 et
98 2083 269 2119 advocato
288 2084 431 2120 Balaam
449 2084 579 2120 celebri
598 2088 683 2121 vate
707 2087 745 2120 et
767 2084 956 2131 haruspice
975 2084 1180 2121 daemonum
1196 2094 1263 2131 ope
1287 2082 1444 2132 plurimis
1462 2081 1542 2119 olim

44 2131 235 2178 perniciem
253 2131 448 2175 inferente,
470 2132 543 2177 (ita
556 2133 780 2179 permittente
795 2131 862 2166 deo
872 2157 885 2175 ‚
909 2131 971 2178 qui
986 2132 1099 2179 primo
1116 2131 1312 2167 visionibus
1328 2143 1404 2167 eum
1421 2142 1445 2166 a
1460 2142 1542 2178 pro-

43 2178 197 2215 fectione
214 2179 410 2222 deterruit,
434 2186 506 2215 tum
523 2191 608 2216 vero
627 2179 711 2227 quid
730 2184 854 2225 ageret
875 2179 981 2214 etiam
1003 2177 1154 2214 iniunxit
1171 2184 1209 2214 et
1227 2178 1318 2214 asini
1338 2190 1427 2214 voce
1446 2177 1540 2224 quod

42 2230 256 2273 conceperat
281 2225 450 2262 adversus
469 2225 580 2262 Israel
608 2226 721 2262 scelus
745 2226 840 2261 haud
862 2225 959 2261 felici
982 2225 1082 2261 exitu
1101 2225 1401 2261 consummandum
1419 2225 1540 2260 admo-

42 2272 144 2316 nuit3
193 2277 356 2320 ropterea
382 2273 510 2309 nullam
530 2273 671 2309 aliunde
690 2273 800 2308 Israel
823 2273 1038 2308 incursurum
1057 2284 1185 2308 noxam
1210 2283 1314 2320 quam
1337 2283 1382 2308 ex
1404 2271 1539 2319 polluto

42 2331 123 2355 cum
183 2319 353 2366 ’enigenis
377 2320 553 2356 consortio
572 2321 713 2356 Balaam
737 2320 924 2367 opinatu8‚
946 2321 1015 2356 hac
1040 2331 1118 2357 eum
1148 2322 1227 2355 arte
1250 2319 1287 2355 in
1306 2319 1539 2355 idololatriam

41 2365 209 2414 pellicere
222 2366 468 2413 moliebatur),
495 2369 645 2413 rogabat
660 2367 768 2403 Balac
780 2393 792 2414 ‚
816 2373 855 2403 ut
877 2379 920 2402 ex
941 2378 1013 2414 qua
1029 2366 1186 2415 pollebat
1205 2367 1354 2402 nocendi
1370 2366 1540 2401 facultate

39 2413 208 2495 Populum
226 2413 457 2450 israeliticum
472 2414 766 2452 incantationibus
817 2414 1002 2450 rohibitum
1025 2418 1063 2449 et
1077 2413 1166 2450 diris
1182 2413 1343 2450 devotum
1369 2425 1392 2449 a
1411 2424 1451 2448 se
1467 2413 1539 2448 Ba-

55 2471 132 2495 aam
152 2465 343 2496 averteret.
389 2460 453 2496 Ille
470 2473 535 2508 per
551 2461 652 2498 varia
677 2461 756 2496 loca
810 2461 946 2497 taribus
964 2464 1099 2510 septem
1120 2461 1244 2509 positis
1263 2465 1406 2508 peracto
1426 2458 1539 2495 sacri-

39 2507 124 2542 ficio
150 2506 343 2554 iisdemque
366 2507 454 2542 locis
486 2513 623 2543 secreto
649 2508 788 2543 numine
815 2508 993 2556 percitus,
1022 2508 1128 2545 etiam
1153 2508 1284 2544 invitus
1306 2507 1346 2543 in
1366 2506 1475 2544 Balac
1501 2508 1539 2541 et

40 2553 277 2591 Moabitarum
307 2566 490 2601 procerum
519 2561 710 2601 conspectu
734 2555 825 2590 bene
854 2561 1017 2602 precatus
1040 2560 1097 2591 est
1116 2555 1225 2591 Israel
1250 2566 1360 2602 usque
1380 2553 1535 2594 tertium,

39 2600 96 2636 ita
117 2605 158 2639 ut
179 2601 361 2638 solitarum
377 2601 449 2648 ipsi
465 2613 510 2637 ex
529 2602 728 2637 daemonum
746 2606 825 2637 arte
839 2601 1112 2638 incantationum
1133 2608 1171 2638 et
1186 2602 1341 2638 dirarum
1360 2600 1459 2640 vice,
1482 2599 1536 2634 lo-

39 2653 219 2694 quetetur,
234 2649 384 2685 oraculis
408 2651 445 2684 et
472 2648 633 2684 felicibus
653 2648 746 2684 votis
767 2649 877 2685 Israel
902 2655 1184 2698 prosequeretur.
1230 2650 1297 2684 His
1319 2646 1472 2695 peractis
1490 2645 1537 2680 de

39 2694 235 2736 inducendo
260 2696 305 2732 ad
333 2696 558 2732 scortantium
579 2695 707 2742 populo
727 2695 903 2732 consilium
924 2697 1127 2743 suggessit3
1153 2700 1192 2732 et
1213 2694 1442 2732 Moabitidum
1461 2703 1536 2727 am-

38 2741 201 2797 plexibus
229 2746 268 2779 et
292 2743 516 2790 Beelphegor
546 2742 728 2778 sacrificiis
748 2748 805 2779 est
829 2743 978 2790 populus
1005 2743 1270 2779 contaminatus.
1325 2742 1377 2777 Et
1401 2738 1536 2774 exarsit

38 2799 96 2823 ira
122 2787 280 2826 dominus
305 2794 343 2826 et
369 2795 441 2826 tam
466 2789 589 2826 vesani
608 2789 751 2827 sceleris
772 2797 937 2829 auctores
963 2790 1068 2826 iussit
1087 2791 1152 2826 sub
1174 2791 1258 2825 solis
1285 2792 1475 2833 conspectu
1496 2785 1534 2819 in

38 2834 253 2882 reliquorum
272 2838 468 2885 exemplum
478 2850 499 2873 a
510 2837 614 2873 Mose
629 2836 769 2874 traduci
783 2841 821 2873 et
839 2837 1131 2874 fornicationibus
1145 2836 1410 2879 idololatriaque
1425 2831 1539 2886 polla:

39 2886 98 2918 tos
124 2895 154 2922 a,
176 2883 431 2920 contribulibus
447 2882 627 2920 trucidari.
682 2884 778 2921 Hinc
803 2883 978 2921 hominum
1004 2884 1131 2931 viginti
1157 2888 1303 2929 quatuor
1326 2879 1434 2919 millia
1458 2889 1538 2914 neci

43 2929 177 2974 tradita
194 2934 298 2976 sum
319 2944 366 2976 ac*
382 2931 549 2975 Phineas,
566 2930 660 2979 filius
676 2931 850 2976 Eleazar,
873 2931 936 2979 qui
955 2932 1094 2976 Aaron,
1117 2930 1235 2968 divino
1256 2927 1332 2965 zelo
1358 2936 1538 2968 accensu&
