1800 3236
184 190 286 242 126
649 195 904 244 GEORGII
931 192 1220 244 SYNCELLI

179 327 256 363 τος
282 305 440 366 νόμους
467 307 537 353 καὶ
570 304 764 368 κριτήρια
797 306 946 368 ὥρισε,
984 309 1093 362 τινὲς
1124 308 1172 353 δὲ
1201 305 1336 352 αὗτοῢ
1361 307 1598 367 Φορωνέως
1622 310 1700 369 τὴν

180 378 348 439 Νιόβην
387 379 607 439 θυγατέρα
645 380 779 439 φασὶν
799 378 1016 436 Ἓλληνες,
1057 381 1101 431 ἐξ
1128 373 1180 436 ἧς
1214 385 1394 423 ποιεῖται
1421 381 1557 424 παῖδα
1580 375 1702 426 Ἆπιν

178 452 255 498 τὸν
291 452 360 497 καὶ
381 450 565 509 Σέραπιν
580 463 591 475 ·
628 452 664 494 εἴ
684 449 729 494 δ’
754 449 839 509 ἄρα
863 449 1001 495 ταῦτά
1018 467 1062 508 γε
1083 450 1231 507 ἀληθῆ
1266 448 1294 507 ἦ
1331 450 1401 493 καὶ
1422 452 1564 508 ψευδῆ
1598 450 1702 496 ὄντα

178 522 286 583 παρ’
308 521 521 578 Ἓλλησιν,
560 520 628 563 ἐπὶ
653 517 817 576 Ἰνάχου
846 522 918 565 καὶ
942 521 1176 579 Φορωνέως
1207 524 1270 579 τῷ
1304 524 1441 582 μοιχῷ
1464 521 1703 580 πέπρακται

179 595 267 641 Διί.
305 592 505 652 φέρονται
526 589 696 649 πράξεις
714 594 791 634 τοῦ
817 590 948 635 αὐτοῦ
970 591 1079 643 Διὸς
1105 590 1216 650 παρ’
1232 589 1407 648 τἘλλησι
1428 591 1510 651 πρὸ
1532 593 1732 652 Κέκρο-5

40 667 87 703 Ρ.
110 668 157 706 68
181 683 260 717 πος
298 667 375 708 τοῦ
426 663 604 721 διφυοῦς
641 658 961 720 ἶστορούμεναι,
1004 656 1063 706 ὧν
1086 663 1166 718 μία
1197 659 1307 719 αὕτη
1337 663 1407 706 καὶ
1439 663 1644 720 ἐπίσημος
1671 661 1700 722 ἦ

41 715 86 750 V‘
109 714 158 753 54
182 737 276 795 περὶ
293 729 481 789 Νιόβης,
520 730 574 789 ’ἢν
604 729 776 790 πρώτην
806 737 1015 792 γυναικῶν
1046 730 1320 790 ἕμοιχεύσατο
1352 731 1476 786 Ζεύς.
1526 736 1596 778 καὶ
1613 732 1702 791 μά-

180 824 259 864 την
281 803 486 859 Εὐσέβιος
506 802 734 854 Μωῦσέως
760 820 805 847 τε
829 801 1141 860 καταψεύδεται
1163 805 1232 847 καὶ
1247 801 1456 861 Ἑλλήνων
1480 801 1592 850 οὕτω
1615 803 1703 849 πά-

181 881 259 922 λιν.
314 877 349 920 εἰ
383 873 465 932 γὰρ
493 873 601 930 μετὰ
634 873 837 932 Φορωνέα
877 878 1098 931 Μωϋσης,
1145 874 1254 919 κατὰ
1281 875 1485 934 Κέκροπα
1518 875 1593 920 τὸν
1635 877 1702 920 δι-

184 951 272 1008 φυῆ
285 980 298 1001 ,
336 945 413 989 οὐκ
450 944 537 988 ἔστι
568 943 678 996 Διὸς
707 944 840 989 αὐτοῦ
865 943 1057 1004 πράξεων
1078 947 1148 989 καὶ
1171 943 1341 990 πάντων
1367 947 1582 1006 τῶνπαρ)
1600 945 1700 991 “Ἐλ-
1713 953 1761 991 10

187 1023 311 1075 λησιν
327 1015 764 1075 ἀρχαιολογουμένων,
803 1013 861 1068 ὥς
891 1017 1117 1071 δέδεικται,
1155 1014 1458 1075 παλαιότερος·
1495 1020 1531 1062 εἴ
1552 1019 1599 1061 δὲ
1616 1036 1702 1062 πα-

185 1086 423 1146 λαιότερος,
463 1083 521 1138 ὥς
558 1087 629 1130 καὶ
672 1085 802 1138 αὐτὸς
831 1095 1045 1146 μαρτυρεῖ
1073 1088 1143 1132 καὶ
1178 1085 1335 1139 πάντες
1362 1088 1403 1132 οἳ
1433 1088 1516 1147 πρὸ
1551 1089 1699 1145 αὐτοῦ,

183 1159 342 1218 πέφυκε
361 1159 558 1214 ΖΠωῢσῆς
578 1161 654 1200 τοῦ
673 1157 795 1212 Διὸς,
834 1158 1120 1216 κατάἼναχον
1138 1160 1207 1202 καὶ
1233 1159 1452 1218 Φορωνέα,
1492 1161 1702 1216 ἐνδέχεται

185 1229 316 1274 αὐτὸν
347 1229 417 1272 καὶ
445 1232 530 1272 τῶν
566 1227 675 1287 παρ’
703 1226 877 1285 Ἕλλησι
902 1227 1075 1274 πάντων
1100 1227 1202 1275 εἶναι
1225 1228 1536 1289 πρεσβύτατον.
1578 1231 1701 1276 οὐδὲν

145 1300 266 1360 Βγάρ
286 1298 459 1356 Ἕλλησι
485 1298 567 1358 πρὸ
588 1296 752 1357 Ἰνάχου
774 1300 845 1344 καὶ
877 1301 1113 1359 Φορωνέως
1131 1300 1282 1353 παιδὸς
1302 1306 1389 1346 τῶν
1407 1299 1586 1359 πρώτως
1597 1301 1700 1361 ’Άρ-
1713 1311 1759 1349 15

182 1388 282 1430 γους
319 1365 660 1426 βασιλευσάντων
709 1367 957 1434 [Ἓλλησιν]
1001 1370 1246 1431 ἱστόρηται·
1283 1372 1394 1417 καθ>
1425 1371 1499 1424 οὓς
1532 1378 1703 1432 πρῶτος

183 1444 253 1486 καὶ
282 1441 412 1500 μέγας
431 1442 474 1485 ἕν
499 1445 552 1500 τῇ
566 1441 716 1501 Ἀκτῇ,
754 1445 808 1502 τῇ
840 1446 916 1486 νῦν
944 1443 1112 1503 Ἀττικῇ
1145 1443 1367 1502 λεγομένῃ,
1402 1444 1702 1500 κατακλυσμὸς

180 1513 319 1572 γέγονε
352 1510 652 1575 βασιλεύοντος
685 1511 793 1572 αὐτῇ
818 1511 1020 1572 Ὠγύγου,
1056 1513 1163 1571 μεθ’
1199 1513 1248 1559 ὃν
1275 1515 1457 1574 Κέκροψ
1494 1512 1516 1559 ὃ
1547 1515 1702 1574 διφυὴς

182 1584 315 1630 ἔτεσιν
345 1580 449 1642 ρπθ’
483 1581 762 1640 ἇβασιλεύτου
794 1582 996 1642 μεινάσης
1025 1590 1102 1643 τῆς
1117 1582 1266 1644 χώρας
1275 1618 1303 1638 ,.
1326 1585 1397 1629 διὰ
1418 1585 1496 1643 τὴν
1517 1585 1599 1630 ἀπὸ
1623 1590 1700 1630 τοῦ

182 1653 317 1701 αὐτοῦ
361 1658 661 1710 κατακλυσμοῦ
703 1655 864 1712 πολλὴν
902 1656 1080 1715 φθορὰν
1120 1654 1342 1708 τοσούτοις
1378 1655 1542 1701 ἐτεσιν·
1592 1655 1699 1701 ὥστε
1710 1663 1759 1702 20

183 1726 228 1770 ἐκ
262 1722 433 1769 πάντων
465 1727 711 1770 δείκνυσθαι
745 1725 1046 1785 διαμαρτάνειν
1066 1728 1109 1772 ἒν
1127 1734 1216 1779 τοῖς
1235 1729 1328 1786 περὶ
1352 1727 1577 1780 Μωῢσέως
1590 1726 1701 1786 χρό-

183 1813 271 1847 νοις
307 1794 415 1840 ἕτεσι
453 1793 730 1853 τούλάχιστον
760 1798 989 1851 διακοσίοις
1017 1798 1092 1843 τὸν
1120 1798 1353 1854 Εὖσέβιον*
1390 1797 1494 1843 ὅθεν
1525 1800 1594 1843 καὶ
1622 1799 1700 1857 τὴν

279 1887 316 1925 2.
348 1882 469 1933 ἰώβην
496 1885 540 1921 Β.
633 1884 673 1931 ἐξ
700 1879 747 1932 ἧς
778 1883 873 1929 Ζεύς
899 1898 946 1923 m.
1049 1888 1210 1935 ποιῆται
1235 1887 1279 1924 Β.
1382 1888 1418 1925 3.
1443 1887 1480 1923 εἰ
1501 1887 1577 1922 Bm.
1603 1883 1629 1934 ἣ
1649 1889 1699 1924 G.

357 1929 461 1979 ἢοηι.
481 1933 524 1968 B.
597 1934 634 1971 5.
662 1934 854 1982 φέρωνται
866 1935 908 1970 Β.
934 1934 1068 1972 τοίνυν
1086 1936 1186 1972 addit
1196 1947 1240 1971 m.
1317 1936 1352 1972 6.
1378 1934 1699 1983 ἶστορούμενοςΒ.

354 1978 480 2027 αὕτη]
516 1982 720 2029 Legebatur
748 1980 882 2028 ταύτῃ.
916 1984 1040 2019 ταῦτα
1059 1983 1103 2021 Β.
1207 1985 1243 2021 7.
1268 1983 1411 2043 νιωβῆς
1427 1983 1470 2019 Β.
1577 1986 1632 2021 12.
1661 1982 1700 2020 οἱ

281 2026 421 2071 πάντες
443 2028 487 2064 οἳ
504 2029 552 2063 G.
650 2027 708 2067 14.
733 2030 904 2077 καὶτῶν]
929 2030 993 2068 καὶ
1021 2042 1087 2067 om.
1109 2030 1158 2066 G.
1227 2075 1229 2077 .
1255 2031 1320 2069 ¹15.
1345 2029 1490 2077 Έλλησι
1508 2031 1604 2068 delet
1619 2043 1665 2067 m.

188 2100 323 2147 besque
338 2099 454 2142 filius,
475 2098 507 2133 is
526 2102 600 2143 est,
625 2100 687 2147 qui
711 2100 811 2148 leges
829 2105 866 2136 et
884 2101 1091 2137 iudiciorum
1109 2101 1272 2136 instituta
1289 2101 1326 2136 in
1352 2101 1524 2137 hominum
1550 2112 1700 2138 consor-

188 2148 274 2189 tium
289 2146 448 2190 invexit;
472 2146 533 2181 alii
561 2147 794 2184 licet-Graeci
814 2149 965 2190 Niobem
984 2150 1170 2184 Phoroneo
1201 2154 1319 2184 natam
1349 2153 1529 2193 asserant,
1556 2161 1599 2184 ex
1653 2161 1700 2185 ua

188 2195 326 2242 Iupiter
342 2193 466 2241 Apim,
491 2193 552 2240 qui
568 2195 713 2242 Serapis
741 2202 815 2239 est,
842 2197 1014 2244 suscipit3
1039 2208 1129 2243 quae
1146 2196 1307 2243 quidem,
1332 2208 1395 2233 seu
1420 2209 1505 2232 vero
1524 2208 1586 2231 seu
1642 2200 1700 2233 cte

189 2242 323 2278 fuerint
340 2253 362 2276 a
380 2242 530 2276 Graecis
545 2242 689 2289 scripta,
715 2244 839 2280 Inachi
855 2244 1103 2291 Phoroneique
1119 2244 1352 2291 temporibus,
1381 2245 1426 2280 ab
1444 2244 1601 2280 adultero
1614 2244 1700 2280 Iove

188 2292 377 2326 censentur
395 2292 552 2335 patrata3
577 2302 661 2325 sane
680 2291 776 2326 Iovis
793 2291 905 2338 ipsius
922 2304 981 2328 res
1001 2296 1125 2338 gestae
1144 2296 1226 2327 ante
1248 2291 1445 2339 Cecropem
1461 2291 1557 2327 illum
1587 2291 1700 2326 bifor-

188 2343 279 2373 mem
294 2336 423 2371 litteris
439 2338 696 2373 commendatae
713 2340 888 2383 feruntur,
913 2351 1055 2386 quarum
1075 2340 1164 2374 haec
1181 2339 1226 2375 de
1244 2339 1375 2383 Niobe,
1401 2350 1502 2386 quam
1517 2338 1700 2375 mulierum

187 2384 332 2432 primam
362 2384 588 2430 compressit,
615 2390 777 2421 censetur
804 2387 1008 2434 praecipua.
1057 2386 1131 2422 Sed
1158 2391 1195 2422 et
1219 2388 1354 2422 frustra
1382 2386 1418 2422 in
1434 2388 1562 2423 Mosen
1581 2387 1700 2422 Grae-

190 2441 322 2478 cosque
339 2431 518 2466 mendacia
541 2432 807 2468 comminiscitur
827 2434 1015 2470 Eusebius.
1062 2435 1156 2470 Nam
1177 2434 1205 2469 si
1227 2434 1347 2470 Moses
1364 2434 1551 2469 Phoroneo
1572 2438 1700 2480 poste-

190 2478 265 2515 rior
286 2489 328 2514 ac
350 2478 506 2524 geminae
529 2484 677 2515 naturae
694 2481 846 2528 Cecropi
862 2486 1091 2525 coaetaneus,
1115 2481 1206 2517 nulla
1229 2486 1330 2517 tenus
1347 2482 1453 2518 rebus
1482 2492 1504 2516 a
1520 2481 1605 2517 Iove
1631 2493 1698 2528 ge·-

191 2526 257 2562 stis
274 2525 472 2572 antiquisve
487 2525 578 2568 aliis,
602 2527 647 2562 de
664 2528 791 2574 quibus
808 2535 998 2564 memorant
1014 2529 1160 2573 Graeci,
1177 2529 1379 2564 censebitur
1399 2528 1577 2572 anterior3
1602 2528 1698 2576 quod

192 2573 227 2609 si
243 2573 329 2609 Iove
347 2573 543 2619 antiquior,
569 2573 627 2619 (ut
642 2574 720 2621 ipse
736 2587 777 2610 ac
794 2576 873 2619 alii,
900 2578 960 2623 qui
980 2581 1260 2624 praecesserunt,
1283 2577 1499 2621 testantur),
1523 2575 1696 2622 tempori-

190 2621 258 2656 bus
273 2620 395 2656 Inachi
414 2621 661 2668 Phoroneique
673 2625 778 2657 natus
796 2628 852 2659 est
860 2625 1000 2667 Moses3
1026 2635 1241 2671 consequeus
1257 2628 1312 2660 est
1332 2624 1469 2660 cunctis
1477 2624 1697 2659 Graecorum

191 2678 282 2704 voce
301 2667 500 2718 decantatis
521 2678 598 2703 eum
617 2681 693 2704 esse
709 2670 875 2706 maiorem
893 2676 1030 2715 aetate3
1048 2672 1174 2707 nullius
1193 2671 1284 2707 enim
1299 2682 1422 2706 nomen
1439 2675 1521 2707 ante
1530 2671 1696 2706 Inachum

190 2715 248 2751 vel
266 2715 375 2750 filium
391 2715 610 2751 Phoroneum
627 2717 758 2763 primos
774 2718 981 2764 Argivorum
998 2731 1102 2766 reges
1122 2719 1273 2755 Graecis
1298 2718 1456 2754 historiis
1479 2718 1699 2762 celebratur-3

191 2773 310 2799 eorum
328 2767 442 2798 autem
460 2763 599 2799 saeculo
617 2763 655 2798 in
673 2765 782 2808 Acte,
807 2777 899 2811 quae
918 2778 1009 2802 nunc
1027 2767 1167 2809 Attica,
1192 2768 1323 2813 Ogygo
1341 2769 1524 2811 regnante,
1549 2766 1696 2813 primum

189 2808 278 2845 illud
296 2812 334 2845 et
356 2809 495 2846 celebre
518 2810 685 2846 diluvium
711 2811 882 2858 contigit3
906 2815 1112 2861 exactisque
1141 2814 1275 2849 demum
1300 2814 1401 2849 annis
1428 2823 1552 2848 novem
1588 2823 1697 2859 supra

191 2861 330 2893 centum
347 2862 384 2893 et
401 2857 591 2904 octoginta,
615 2858 760 2905 regione
777 2864 876 2895 tanto
895 2861 1008 2906 spatio
1027 2864 1173 2908 propter
1193 2860 1394 2896 vastitatem
1413 2859 1545 2895 diluvio
1563 2859 1696 2896 illatam

190 2904 335 2951 regibus
353 2905 497 2949 orbata,
522 2905 679 2952 Cecrops
693 2906 874 2953 imperium
890 2907 1032 2943 invasit.
1081 2909 1140 2943 Ex
1159 2909 1287 2956 quibus
1305 2908 1454 2954 singulis
1478 2907 1577 2943 annis
1593 2907 1697 2943 mini-

191 2962 281 2988 mum
300 2952 482 2997 ducentis,
505 2953 543 2989 in
559 2953 672 2990 Mosis
692 2958 811 2990 aetate
835 2959 935 2991 recte
962 2955 1180 3003 designanda
1198 2955 1391 2992 Eusebium
1407 2964 1578 3004 peccare,
1602 2965 1696 2991 com-
