1800 3236
233 171 337 223 530
470 208 478 217 -
699 176 952 224 GEORGII
979 175 1267 223 SYNCELLI

233 306 332 344 τος·
370 289 417 344 ὃς
451 285 595 341 θῦσας
620 292 681 351 τῷ
724 293 815 351 θεῷ
848 290 918 334 καὶ
946 284 1175 343 ἀναζεύξας
1203 283 1321 348 πρὸξΙ
1343 285 1546 333 Σέλευκον
1569 285 1737 330 ἅπαντα

235 368 298 425 τῷ
332 365 502 418 βασιλεῖ’
523 360 578 405 τὰ
599 358 819 420 παράδοξα
838 363 1031 418 διηγεῖτο.
1080 363 1217 403 ταῦτα
1246 358 1299 416 δὴ
1319 358 1428 402 κατὰ
1444 357 1521 415 τὴν
1540 356 1738 415 δευτέραν

236 438 322 480 τῶν
349 435 674 487 Μακκαβαϊκῶν
707 429 729 475 ὃ
751 429 1039 489 συγγραφεὺς,
1075 428 1197 488 ἀφεὶς
1223 428 1278 473 τὰ
1295 429 1404 473 κατὰ
1422 428 1497 472 τὸν
1517 428 1736 479 Σέλευκον,

79 517 122 553 Ρ.
144 516 215 554 279
240 504 323 551 ἀπὸ
354 509 438 549 τῶν
463 502 572 546 κατὰ
600 501 673 545 τὸν
687 500 960 557 Ἀλεξανδρον
987 499 1061 544 τὸν
1079 496 1316 544 Μακεδόνα
1335 501 1404 543 καὶ
1421 498 1522 550 τοὺς
1539 497 1635 555 μετ’
1659 497 1739 540 αὖ·

237 576 312 621 τὸν
340 571 640 627 ἐπιτεταμένως
671 571 753 615 ἀπὸ
779 568 995 627 Ἀντιόχου
1025 574 1102 614 τοῦ
1114 570 1369 628 Ἐπιφανοῦς
1385 569 1570 628 ἤρξατο,
1608 567 1770 625 λέγωνό

241 645 306 691 ὅτι
319 649 380 705 τῷ
399 642 485 702 ρλζ
503 642 805 698 ἕτειβασιλείας
818 639 1027 698 Ἑλλήνων
1038 641 1295 696 ἐβασίλευσε,
1320 642 1388 684 καὶ
1403 638 1466 684 ὅτι
1485 635 1743 698 παρανόμως

243 717 284 761 οἳ
314 716 398 759 υἱοὶ
430 715 474 766 ἐξ
501 711 671 771 Ἰσραὴλ
703 712 980 770 πορευθέντες
998 710 1104 770 πρὸς
1126 710 1254 755 αὐτὸν
1278 709 1496 768 ἑλληνίζειν
1515 706 1742 768 ᾐτήσαντο,

242 783 372 836 αὐτός
400 802 444 829 τε
470 783 681 839 Ἀντίοχος
709 780 876 834 τούτοις
903 781 1140 841 προσετέθη
1163 783 1231 825 καὶ
1255 780 1328 825 τὸν
1348 780 1455 825 κατὰ
1470 779 1743 835 Πτολεμαίου

242 858 312 901 καὶ
343 859 421 913 τῆς
452 851 672 912 Αἰγύπτου
702 851 885 909 πόλεμον
915 853 1098 909 ἐκίνησεν
1123 852 1166 896 ἓν
1205 850 1365 909 ἅρμασι
1398 852 1467 895 καὶ
1487 849 1658 908 ἐλέφασι
1676 849 1747 892 καὶ

242 927 409 971 ἱππεῦσι
436 927 505 969 καὶ
538 922 674 983 στόλῳ
692 921 884 983 μεγάλῳ,
922 920 1130 973 σκευάσας
1158 939 1203 966 τε
1221 921 1299 979 τὴν
1321 921 1541 979 Αἴγυπτον
1563 921 1746 976 ἔπανῆλ-
1760 926 1800 963 10

243 1001 322 1042 θεν
353 998 411 1047 εἷς
435 994 711 1054 Ἰερουσαλὴμ
731 995 774 1045 ἐν
795 993 905 1054 ὄχλῳ
923 998 1052 1051 βαρεῖ
1065 997 1125 1052 τῷ
1147 990 1241 1051 ρ,ιιγ’
1263 991 1340 1036 ἔτει
1361 992 1576 1048 βασιλείας
1597 987 1747 1046 Ἑλλή-

246 1081 351 1111 νων·
387 1065 502 1116 ὅπως
535 1083 579 1108 τε
601 1067 658 1115 εἷς
679 1063 728 1108 τὸ
758 1062 944 1121 ἁγιάσμα
962 1062 1070 1119 μεθ’
1094 1061 1382 1121 ὑπερηφανίας
1402 1061 1605 1106 εἰσελθών
1623 1059 1748 1115 ἔλαβε

246 1137 296 1181 τὸ
315 1133 623 1194 θυσιαστήριον
643 1135 711 1178 καὶ
732 1134 809 1191 τὴν
834 1135 1006 1190 λυχνίαν
1034 1137 1110 1177 τοῦ
1133 1132 1275 1191 φωτὸς
1297 1134 1366 1176 καὶ
1387 1130 1526 1176 πάντα
1548 1131 1604 1175 τὰ
1624 1127 1750 1186 σκεύη

216 1206 374 1251 Βοῖκου
405 1207 548 1264 κυρίου
580 1206 647 1249 καὶ
679 1203 753 1249 τόν
781 1201 938 1260 κόσμον
957 1206 1027 1248 καὶ
1048 1203 1148 1254 τοὺς
1164 1202 1435 1261 θησαυροὺς,
1470 1199 1650 1259 ποιήσας
1671 1218 1753 1260 φο·-

249 1277 468 1322 νοκτονίαν
495 1273 655 1332 πολλήν
670 1289 681 1299 ·
717 1272 840 1332 ἡνίκα
869 1275 939 1318 καὶ
962 1273 1017 1318 τὰ
1047 1273 1156 1318 κατὰ
1176 1271 1424 1331 Ἐλεάζαρον
1442 1274 1511 1316 καὶ
1529 1272 1630 1323 τοὺς
1646 1270 1751 1315 ἔπτὰ
1764 1280 1800 1317 1Ξ

249 1349 406 1398 παῖδας
450 1347 519 1389 καὶ
559 1345 636 1402 τὴν
664 1344 828 1403 μητέρα
851 1344 991 1388 αὐτῶν
1026 1347 1295 1403 μαρτυρικῶς
1323 1343 1581 1402 πέπρακται,
1622 1340 1679 1393 ὥς
1708 1342 1752 1385 ἐν

251 1415 431 1476 τετάρτῃ
458 1418 595 1476 βίβλῳ
626 1419 711 1459 τῶν
732 1419 1068 1470 Μακκαβαὶκῶν.
1107 1417 1174 1458 καὶ
1198 1413 1306 1470 μετὰ
1326 1411 1402 1458 δύο
1424 1413 1495 1470 ἔτη
1520 1412 1755 1456 ἀπέστειλεν

253 1487 439 1547 ἄρχοντα
480 1490 764 1545 φορολογήσαι
793 1486 870 1543 τὴν
899 1485 1132 1529 Ἰουδαίαν·
1175 1478 1299 1535 οὗτος
1330 1485 1376 1528 δὲ
1406 1480 1460 1540 ἦν
1480 1481 1757 1533 Ἀπολλώνιος

251 1556 473 1616 μυσάρχης
499 1554 580 1600 ὖπό
600 1554 825 1601 Μενελάου
846 1560 923 1600 τοῦ
942 1553 1183 1614 καταράτου
1204 1556 1395 1612 αἰτηθεὶς
1414 1558 1619 1611 σταλῆναι
1639 1553 1751 1611 παρί

247 1626 462 1685 Ἀντιόχου
497 1626 602 1685 πρὸς
633 1628 792 1671 τελείαν
822 1626 1106 1685 καταφθορὰν
1132 1629 1210 1682 τῆς
1225 1624 1499 1684 Ἰερουσαλὴμ
1516 1626 1585 1668 καὶ
1604 1628 1691 1668 τῶν
1712 1624 1755 1666 ἐν
1765 1632 1800 1666 2(

256 1698 379 1759 αὖτῇ.
416 1698 556 1741 ἐλθὼν
588 1692 662 1742 οὗν
687 1699 900 1756 εἷρηνικῶς
925 1695 998 1756 ἐφ’
1030 1694 1190 1754 ἡμέρας
1221 1702 1333 1754 τρεῖς
1365 1698 1502 1754 διῆγεν
1532 1693 1590 1746 ὥς
1618 1697 1751 1752 φίλος.

221 1773 314 1828 Οτῇ
337 1769 392 1812 *ds*
417 1766 553 1829 ἡμέρᾳ
580 1772 656 1812 τοῦ
691 1766 912 1825 σαββάτου
940 1764 1109 1812 πάντων
1139 1764 1380 1825 ἀργούντων
1405 1765 1637 1824 κατέσφαξε
1657 1764 1757 1815 τοὺς

352 1878 388 1915 5.
410 1877 527 1924 λέγων
548 1878 591 1914 Β.
620 1877 737 1926 λέγειν
760 1879 809 1915 G.
917 1882 974 1917 1o.
995 1876 1280 1922 κατασκευάσας
1301 1890 1347 1914 m.
1461 1878 1521 1916 11.
1544 1877 1611 1924 εἰς]
1642 1873 1683 1914 ἐν
1708 1877 1757 1913 G.

429 1927 485 1963 15.
508 1924 556 1962 τὰ
579 1938 644 1962 om.
670 1927 713 1962 B.
830 1928 889 1964 21.
914 1925 1103 1974 εἰρηνικὸς
1126 1927 1169 1962 A.

259 2021 464 2067 receperat,
498 2022 539 2055 ut
571 2019 629 2055 dei
654 2021 844 2067 potentiam
878 2020 1014 2057 cunctis
1040 2020 1207 2057 redderet
1238 2019 1467 2056 manifestam.
1514 2018 1580 2054 Ille
1606 2016 1759 2054 victimis

261 2068 327 2103 deo
346 2067 549 2111 immolatis,
574 2067 619 2101 ad
641 2068 825 2104 Seleucum
846 2080 1004 2104 remeans
1018 2094 1029 2112 ,
1054 2072 1178 2104 cuncta
1199 2069 1286 2103 haec
1307 2067 1479 2113 stupenda
1506 2066 1584 2112 regi
1615 2077 1759 2100 enarra-

260 2115 326 2149 vit.
386 2115 434 2149 At
463 2126 548 2149 vero
573 2119 645 2150 tum
671 2128 760 2161 quae
786 2116 993 2159 Seleucum,
1017 2122 1091 2151 tum
1122 2127 1212 2162 quae
1236 2115 1323 2150 alios
1351 2114 1540 2149 Alexandri
1557 2112 1760 2147 Macedonis

261 2172 483 2196 successores
502 2165 663 2207 spectant
678 2163 792 2198 fusius
811 2166 848 2197 et
865 2162 1070 2209 explicatius
1084 2162 1277 2198 tractandis
1287 2161 1574 2196 Maccahaeorum
1594 2159 1682 2194 libro
1702 2171 1761 2194 se·-

261 2208 373 2243 cundo
397 2208 553 2250 relictis,
578 2209 622 2243 ab
641 2210 812 2245 Antiocho
830 2211 962 2245 Illustri
992 2209 1201 2249 narrationis
1229 2208 1437 2255 principium
1463 2213 1586 2242 auctor
1615 2217 1759 2242 exorsus

262 2258 337 2297 est3
360 2259 400 2288 ut
417 2254 585 2289 videlicet
599 2256 701 2301 regni
718 2258 934 2291 Graecorum
952 2268 1041 2291 anno
1061 2258 1127 2294 137
1145 2255 1267 2291 solium
1281 2254 1524 2289 conscenderit
1535 2279 1546 2297 ‚
1571 2258 1608 2288 et
1622 2259 1661 2288 ut
1677 2253 1759 2288 filiis

262 2301 374 2337 Israe'il
393 2301 500 2346 impie
531 2302 576 2336 ad
606 2314 682 2337 eum
702 2303 955 2338 confluentibus
976 2307 1013 2338 et
1037 2303 1252 2337 Graecorum
1278 2300 1521 2348 superstitioni
1549 2300 1666 2335 addici
1695 2313 1760 2347 po-

266 2347 476 2399 stulantibus
492 2359 668 2384 assensum
686 2354 722 2384 et
738 2350 885 2384 animum
902 2350 1092 2391 adiecerit3
1115 2355 1154 2384 ut
1170 2349 1303 2394 ingenti
1320 2360 1501 2391 armorum,
1526 2349 1760 2394 elephantum,

267 2394 443 2442 equitum,
467 2394 589 2429 classis
612 2406 750 2442 quoque
769 2401 938 2441 apparatu
962 2397 1051 2431 bello
1069 2396 1105 2431 in
1126 2396 1360 2431 Ptolemaeum
1378 2403 1416 2431 et
1431 2396 1629 2442 Aegyptum
1653 2400 1760 2437 moto,

264 2441 411 2488 regione
428 2445 591 2483 vastata,
634 2442 749 2477 victor
780 2443 1057 2488 Hierosolymam
1095 2454 1276 2478 numeroso
1311 2443 1470 2478 exercitu
1499 2454 1615 2477 secum
1654 2442 1760 2476 ducto

265 2488 374 2524 fuerit
389 2488 570 2534 ingressus
590 2499 678 2524 anno
689 2490 905 2524 Graecorum
923 2490 1059 2537 imperii
1078 2489 1158 2533 143,
1180 2493 1216 2526 et
1234 2495 1275 2526 ut
1290 2490 1326 2526 in
1343 2494 1465 2525 sancta
1480 2494 1686 2536 arroganter
1703 2489 1760 2523 in-

265 2541 385 2572 trusus
403 2535 537 2576 altare,
559 2535 695 2571 luminis
713 2537 955 2572 candelabrum
981 2543 1018 2573 et
1033 2549 1119 2573 vasa
1142 2538 1264 2573 domus
1281 2537 1412 2573 domini
1432 2541 1579 2579 cuncta,
1602 2539 1761 2571 ornatum

269 2594 423 2625 omnem,
445 2583 630 2618 thesauros
649 2583 834 2620 universos
864 2584 1014 2630 plurima
1047 2589 1168 2631 strage
1195 2585 1383 2632 praemissa
1414 2596 1529 2620 secum
1555 2589 1763 2630 asportave-

267 2631 337 2674 tin
370 2641 440 2677 quo
467 2633 623 2676 tempore
651 2630 839 2674 Eleazari,
862 2637 995 2678 septem
1024 2644 1209 2679 puerorum
1236 2638 1274 2669 et
1297 2643 1416 2668 eorum
1444 2630 1565 2666 matris
1590 2630 1760 2676 martyrio

292 2677 418 2713 robata
439 2677 631 2712 constantia
652 2677 810 2721 refulsit3
834 2690 924 2725 quae
941 2679 1030 2714 libro
1053 2680 1342 2715 Maccahaeorum
1361 2682 1485 2726 quarto
1507 2677 1759 2714 discribuntur.

287 2725 403 2773 *lapso
430 2723 569 2761 biennio
603 2736 647 2760 ex
673 2724 900 2771 optimatibus
934 2727 1103 2772 quendam
1128 2727 1280 2763 Iudaeae
1314 2724 1502 2772 vectigalia
1538 2724 1761 2760 collecturum

268 2783 331 2808 rex
345 2770 450 2807 misit.
497 2771 589 2807 Erat
604 2772 663 2807 hic
681 2772 808 2818 impius
835 2772 1034 2818 Apollonius
1055 2774 1217 2819 integrae
1234 2773 1452 2810 Hierusalem
1474 2775 1511 2806 et
1534 2771 1660 2806 civium
1685 2770 1763 2806 eius

268 2819 394 2854 ruinae
411 2819 696 2855 consummandae
713 2819 758 2854 ab
788 2820 1000 2855 exsecrando
1021 2820 1204 2865 Menelao,
1229 2826 1270 2857 ut
1292 2822 1336 2856 ab
1356 2819 1528 2856 Antiocho
1550 2819 1762 2860 mitteretur,

268 2866 456 2912 expetitus.
504 2865 632 2902 Pacem
653 2867 691 2901 in
717 2866 871 2902 adventu
902 2868 1104 2914 praeferens
1132 2868 1208 2904 dies
1240 2870 1332 2904 solos
1358 2873 1431 2902 tres
1455 2866 1641 2902 amicorum
1668 2876 1762 2901 more

268 2912 426 2958 agendos
454 2912 589 2950 statuit.
636 2913 785 2950 Sabbati
811 2914 948 2950 demum
971 2914 1030 2951 die
1057 2917 1276 2953 cessantibus
1301 2914 1418 2963 operis
1443 2912 1605 2951 militaris
1633 2911 1761 2949 aetatis
