1800 3236
260 163 327 216 55
332 167 364 215 6
719 171 973 219 GEORGII
999 170 1287 221 SYNCELLI

261 290 390 343 μαχεῖ
404 282 513 330 κατὰ
525 281 762 343 Ὑρκανῶν·
799 282 906 329 ἔνθα
926 282 1118 343 μεγάλως
1139 282 1415 345 εὐδοκιμήσας
1430 282 1639 346 Ἰωνάθης
1652 287 1757 350 ’Υρ-

263 356 388 408 κανός
405 352 691 412 ἐπωνομάσθη
702 388 716 409 ,
755 352 1004 413 ἀριστεύσας
1025 360 1212 402 πλεῖστα.

364 428 454 471 Καὶ
474 426 702 483 ἀναιρεῖται
728 422 809 468 ὑπὸ
838 427 1109 482 Πτολεμαίου
1138 431 1215 471 τοῦ
1231 423 1439 482 Ἀβούβου
1474 428 1616 484 Σίμων
1639 430 1755 487 παρὰ

261 493 393 541 πότον
412 501 489 541 τοῦ
513 497 622 539 ἰδίου
642 498 835 554 γαμβροῦ
854 493 965 556 δόλῳ
987 495 1064 541 σὺν
1082 503 1172 548 ’τοῖς
1192 498 1299 548 υἱοῖς
1324 498 1432 555 πλὴν
1450 497 1669 554 Ἰωάννου,
1708 498 1757 550 ὃς

258 565 453 624 Ἰωάννης
484 564 506 610 ὃ
530 564 736 624 “Υρκανὸς
760 568 1094 622 μετονομασθεὶς
1121 565 1346 627 ἐκράτησεν
1360 567 1575 614 Ἰουδαίων
1594 568 1665 627 ἔτη
1693 567 1786 621 κς’5

258 640 504 697 στρατηγῶν
527 637 596 680 καὶ
616 634 932 694 ἀρχιερατεύων.

220 714 255 750 D
355 706 464 758 Ἕως
479 704 633 751 τούτου
651 706 824 765 περιέχει
842 704 868 763 ἦ
885 703 1031 765 πρώτη
1051 711 1137 753 τῶν
1156 708 1469 765 Μακκαβαίων,
1496 708 1524 767 ῆ
1548 708 1595 753 δὲ
1617 708 1758 753 δευτέ-

259 794 316 836 ρα
336 776 391 821 τὰ
418 776 526 821 κατὰ
558 777 761 822 Σέλευκον
792 779 863 820 καὶ
878 777 1087 834 Ἀντίοχον
1116 778 1190 823 τὸν
1209 778 1415 838 Ἐπιφανῆ
1447 781 1516 824 καὶ
1544 779 1756 836 Ἀντίοχον

257 847 332 892 τὸν
350 847 581 906 Εὐπάτορα
600 848 669 891 καὶ
692 845 943 907 Δημήτριον
962 848 1036 892 τὸν
1056 852 1240 908 Σωτῆρα
1259 852 1327 893 καὶ
1342 847 1507 895 Ἰούδαν
1524 849 1599 894 τὸν
1622 853 1757 894 Μακ-

260 923 451 974 καβαΐον.
485 916 513 975 ῆ
535 918 582 961 δὲ
603 918 723 976 τρίτη
744 918 799 961 τὰ
820 917 928 962 κατὰ
946 918 1020 963 τὸν
1044 917 1319 978 Φιλοπάτορα
1343 924 1614 977 Πτολεμαΐον
1639 921 1755 965 ἶστο-
1767 929 1800 965 1(

261 995 347 1048 ρεῖ,
386 987 498 1040 ὅπως
529 987 578 1032 τὸ
610 987 737 1039 ἔθνος
766 993 851 1032 τῶν
883 988 1099 1034 Ἰουδαίων
1130 988 1408 1046 ἐβουλεύσατο
1441 990 1644 1049 ἀφανίσαι
1673 991 1755 1050 πρὸ

260 1063 339 1116 τῆς
365 1056 578 1116 Ἀντιόχου
599 1063 675 1103 τοῦ
696 1058 953 1118 Ἐπιφανοῦς
982 1061 1196 1113 βασιλείας
1218 1059 1324 1104 ἔτεσι
1350 1058 1402 1106 λ’.
1445 1059 1581 1120 ταύτῃ
1613 1062 1658 1105 δὲ
1688 1063 1758 1105 καὶ

260 1127 406 1187 πρώτη
435 1134 494 1190 τῷ
513 1127 654 1190 χρόνῳ
677 1129 801 1175 ἐστίν.
850 1127 878 1186 ῆ
908 1130 953 1173 δὲ
981 1128 1158 1188 τετάρτη
1188 1131 1396 1188 ἐξαίρετος
1412 1133 1504 1190 περὶ
1530 1135 1607 1175 τοῦ
1628 1131 1758 1176 αὖτο-

264 1199 468 1245 δέσποτον
490 1199 592 1244 εἶναι
608 1204 693 1244 τῶν
715 1203 871 1244 παθῶν
894 1199 967 1244 τὸν
987 1200 1136 1257 εὐσεβῆ
1156 1201 1352 1259 λογισμὸν
1371 1203 1440 1245 καὶ
1461 1204 1554 1260 περὶ
1578 1207 1655 1258 τῆς
1674 1206 1758 1246 τῶν

264 1267 371 1314 ἔπτὰ
392 1271 469 1315 σὺν
489 1275 540 1330 τῇ
567 1272 697 1329 μητρὶ
723 1267 945 1327 ἀθλήσεως
964 1270 1072 1315 κατὰ
1101 1271 1202 1323 τοὺς
1228 1269 1437 1316 Ἰωνάθου
1465 1276 1542 1316 τοῦ
1569 1275 1757 1317 Μακκα-
1770 1284 1800 1320 1!

261 1342 389 1398 βαίου
404 1339 587 1400 χρόνους
605 1343 675 1385 καὶ
695 1342 886 1397 Σίμωνος
907 1345 982 1384 τοῦ
1002 1341 1189 1399 ἀδελφοῦ
1212 1341 1358 1386 αὐτοῦ.

114 1416 152 1452 Ρ.
174 1413 249 1455 294
371 1410 591 1470 ..Αἰγύπτου
609 1412 685 1467 μὲν
709 1415 976 1467 Πτολεμαῖος
1000 1410 1022 1456 ὅ
1043 1412 1273 1470 Εὐεργέτης
1282 1446 1295 1467 ,
1333 1412 1492 1471 Συρίας
1515 1413 1562 1456 δὲ
1594 1414 1663 1457 καὶ
1683 1418 1759 1469 τῆς

262 1487 414 1542 μικρᾶς
430 1483 573 1534 Ἀσίας
597 1482 869 1540 Ἀλέξανδρος
898 1480 920 1527 ὅ
941 1487 1016 1525 τοῦ
1045 1486 1192 1527 Βαλλᾶ
1215 1480 1455 1540 λεγόμενος,
1493 1475 1584 1534 υἱὸς
1597 1482 1757 1527 Ἀντιό-

259 1571 342 1610 χου
363 1558 439 1597 τοῦ
455 1552 728 1611 Ἐπιφανοῦς,
762 1551 980 1608 Ῥωμαίων
1009 1553 1055 1596 δὲ
1085 1552 1248 1611 ἄριστοι
1279 1551 1500 1611 ἐκράτουν·
1538 1555 1607 1597 καὶ
1638 1553 1757 1597 ἄλλοι

263 1624 341 1680 μὲν
371 1625 619 1681 στρατηγοὶ,
658 1620 827 1666 πάντων
857 1622 902 1665 δὲ
923 1626 1087 1678 μᾶλλον
1116 1624 1298 1667 Σκιπίων
1332 1621 1354 1667 ὅ
1380 1622 1471 1674 νέος
1496 1621 1658 1681 ἔκγονος
1681 1628 1756 1668 τοῦ
1767 1636 1800 1672 2(

258 1693 512 1752 Ἀφρικανοῦ
536 1694 788 1746 Σκιπίωνος,
828 1691 875 1743 ὃς
904 1694 972 1735 καὶ
1000 1694 1308 1752 Καρχηδονίοις
1340 1699 1427 1745 τοῖς
1453 1694 1560 1737 κατὰ
1580 1693 1757 1751 Λιβύην

264 1764 339 1809 τὸν
353 1765 493 1824 τρίτον
513 1761 740 1821 ἐπιστήσας
760 1764 829 1807 καὶ
849 1767 1085 1807 τελευταῖον
1107 1762 1288 1820 πόλεμον
1299 1765 1495 1821 γενναίως
1506 1771 1595 1815 τοῖς
1615 1763 1761 1824 ὅπλοιςἱ

355 1877 391 1914 1.
409 1871 613 1922 ’Τρκοινῶή
640 1874 792 1923 ’ὖρκοινῷ
811 1876 852 1910 Α.
875 1872 1039 1921 ’ὖρκανὸν
1056 1876 1099 1912 Β.
1215 1875 1250 1912 3.
1270 1871 1449 1923 Ἀβούβου
1469 1875 1616 1921 Σίμων]
1639 1876 1757 1922 Lege-

356 1923 462 1959 batur
483 1923 720 1973 Αβούβουσῃ-
756 1921 965 1973 ἀβούβουσι
981 1924 1022 1960 Β.
1124 1924 1159 1960 5.
1184 1920 1385 1970 ἐκράτησεν
1402 1924 1478 1960 τῶν
1498 1925 1687 1961 Ιουδαίων
1707 1925 1756 1960 G.

261 2016 405 2053 fortiter
431 2030 470 2053 se
499 2031 624 2065 gerens
655 2021 692 2055 et
715 2017 845 2065 ubique
874 2017 1015 2053 virtutis
1042 2019 1080 2053 et
1104 2017 1208 2053 animi
1232 2018 1414 2064 praeclara
1430 2018 1628 2066 relinquens
1650 2029 1757 2065 argu-

260 2070 397 2107 menta,
426 2066 583 2112 Hyrcani
599 2078 721 2102 nomen
738 2066 912 2112 Hyrcanis
932 2065 1045 2101 caesis
1068 2066 1270 2113 promeruit.

358 2113 478 2148 Simon
502 2126 523 2149 a
552 2114 696 2161 proprio
722 2125 851 2160 genero
871 2113 1071 2148 Ptolemaeo
1087 2113 1264 2151 Abubusis
1290 2111 1336 2149 ad
1364 2112 1559 2148 convivium
1578 2123 1654 2147 cum
1673 2111 1756 2146 filiis

265 2164 408 2194 vocatus
427 2160 506 2196 dolo
529 2161 730 2207 perimitur;
755 2160 893 2196 caedem
914 2160 1033 2195 evadit
1053 2160 1197 2196 Ioannes
1220 2161 1308 2196 alter
1329 2159 1421 2195 filius
1438 2158 1597 2205 Hyrcani
1621 2159 1756 2194 nomine

265 2204 403 2248 clarus,
428 2208 488 2253 qui
509 2207 648 2243 Iudaeis
667 2208 766 2243 annis
783 2210 832 2244 26
849 2207 1003 2255 praefuit
1018 2207 1088 2242 dux
1105 2211 1140 2243 et
1159 2207 1317 2253 pontifex
1337 2218 1484 2241 summus
1503 2205 1721 2241 constitutus.

362 2254 471 2288 Liber
487 2255 771 2290 Maccahaeorum
789 2255 918 2301 primus
937 2254 1104 2300 temporis
1123 2255 1222 2288 huius
1242 2253 1421 2288 historiam
1441 2253 1606 2288 continet.
1631 2295 1635 2300 .
1657 2253 1757 2295 Quae

264 2302 444 2338 Seleucum
471 2306 509 2337 et
537 2303 743 2337 Antiochum
765 2302 938 2338 l'llustrem
964 2305 1001 2336 et
1017 2301 1221 2336 Antiochum
1247 2300 1461 2346 Eupatorem
1489 2305 1526 2335 et
1542 2300 1755 2335 Demetrium

267 2350 425 2385 Soterem
455 2352 492 2382 et
515 2349 634 2383 Iudam
658 2349 905 2383 Maccabaeum
936 2351 1119 2393 spectant,
1144 2347 1314 2382 secundus
1341 2347 1493 2382 exhibet.
1543 2347 1688 2382 Tertius
1709 2346 1755 2381 de

265 2394 494 2441 Philopatore
511 2395 710 2430 Ptolemaeo
743 2395 972 2430 narrationem
998 2395 1171 2437 instituit3
1194 2399 1234 2429 ut
1262 2394 1418 2429 nimirum
1438 2394 1641 2430 Iudaeorum
1667 2406 1755 2439 gen-

265 2448 337 2479 tem
356 2441 454 2476 annis
473 2446 556 2476 ante
580 2453 723 2488 regnum
741 2442 891 2476 Illustris
910 2442 1074 2476 Antiochi
1099 2441 1238 2477 circiter
1265 2441 1411 2487 triginta
1439 2442 1598 2476 funditus
1627 2441 1754 2476 exstir-

263 2502 351 2538 pare
369 2488 555 2524 meditatus
575 2494 640 2523 est.
690 2489 764 2523 Iste
781 2501 863 2523 vero
881 2488 969 2524 liber
997 2501 1110 2524 rerum
1135 2495 1349 2524 narratarum
1378 2491 1415 2523 et
1442 2488 1608 2535 temporis
1633 2487 1754 2522 ordine

264 2536 410 2583 reliquis
426 2535 522 2582 prior
539 2539 603 2570 est.
653 2535 708 2570 Eo
730 2536 985 2571 commendatur
1003 2540 1149 2582 quartus
1167 2536 1259 2582 quod
1279 2536 1375 2582 pium
1388 2547 1471 2581 erga
1488 2536 1587 2571 deum
1606 2535 1754 2570 animum

265 2583 480 2631 passionibus
496 2582 708 2628 superiorem
727 2595 805 2617 esse
825 2584 969 2627 doceat3
994 2583 1105 2629 deque
1127 2584 1294 2618 exhausto
1313 2583 1482 2617 Ionathae
1498 2582 1702 2618 Maccabaei
1719 2584 1755 2616 et

263 2632 415 2666 Simonis
434 2630 555 2665 fratris
573 2629 648 2665 eius
671 2630 886 2675 temporibus
910 2642 931 2666 a
949 2635 1082 2678 septem
1107 2631 1274 2666 fratribus
1299 2634 1337 2666 et
1358 2633 1470 2665 matre
1497 2629 1657 2676 martyrii
1676 2639 1754 2664 cer-

263 2679 394 2714 tamine
414 2677 516 2724 plura
535 2682 773 2724 prosequatur.

358 2724 512 2771 Aegypti
534 2723 674 2772 quidem
691 2724 908 2760 Ptolemaeus
922 2724 1122 2770 Euergetes
1135 2749 1146 2766 ‚
1171 2724 1297 2771 Syriae
1319 2735 1402 2760 vero
1426 2724 1463 2758 et
1478 2723 1585 2758 Asiae
1611 2722 1755 2758 minoris

264 2773 461 2808 Alexander
476 2771 585 2807 Balae
602 2771 718 2806 dictus
731 2796 742 2814 ‚
768 2771 930 2806 Antiochi
949 2771 1095 2805 Illustris
1119 2772 1211 2806 filius
1222 2798 1233 2814 ‚
1258 2772 1446 2806 Romanam
1462 2782 1548 2805 vero
1566 2769 1755 2816 rempubli-

264 2831 340 2855 cam
366 2819 486 2865 optimi
516 2819 644 2865 quique
671 2818 960 2860 moderabantur3
995 2818 1169 2854 florebant
1188 2823 1271 2854 tunc
1297 2817 1453 2863 insigues
1471 2816 1614 2852 militiae
1646 2817 1752 2851 duces

263 2866 421 2913 plurimi,
445 2866 593 2902 omnium
620 2876 703 2901 vero
726 2865 1019 2911 praeclarissimus
1039 2865 1158 2911 Scipio
1177 2866 1296 2901 Iunior
1313 2865 1470 2901 Africani
1488 2863 1664 2910 Scipionis
1691 2874 1753 2897 ne-

264 2925 328 2960 pos
341 2939 352 2957 ,
376 2913 437 2961 qui
456 2913 751 2960 Carthaginenses
767 2911 813 2949 ad
831 2912 978 2959 Libyam
997 2911 1128 2959 positos
1143 2917 1199 2950 ter
1216 2911 1376 2961 repetitis
1394 2911 1536 2960 praeliis
1554 2921 1756 2957 aggressus,
