1800 3236
479 215 481 217 ,
540 132 1071 213 CHRONoGRAPHIA.
1458 160 1561 213 565

65 275 197 337 ἔργον,
229 275 287 330 ὥς
301 275 431 335 ἥττης
445 271 645 335 πρόξενον
661 284 751 330 τοῖς
771 275 1085 337 ἀσυμφράκτως
1117 282 1381 336 προπετοῦσι.
1430 283 1599 337 Πομ-Ο

64 347 187 405 πήιος
209 342 283 391 οὖν
302 344 486 403 ἁλούσης
509 351 584 403 τῆς
613 346 772 400 πόλεως
803 350 859 400 εἷς
887 348 935 392 τὸ
966 347 1077 407 ἱερὸν
1102 347 1192 404 ἅμα
1211 355 1300 400 τοῖς
1319 351 1456 407 φίλοις
1474 354 1560 395 εἷσ-

65 418 206 462 ελθών
231 418 353 476 μέχρι
379 421 455 460 τοῦ
488 415 745 475 ἆγιάσματος
784 418 952 470 οὐδενὸς
977 423 1061 463 τῶν
1092 418 1211 477 ἱερῶν
1238 417 1382 476 ἥψατο
1405 426 1563 466 σκευῶν

63 486 92 545 ἢ
117 485 350 546 χρημάτων
381 485 513 531 ὄντων
540 487 766 546 προδήλων
788 487 1005 533 ταλάντων
1029 489 1262 545 δισχιλίων,
1306 489 1423 546 ε’κτός
1443 490 1556 549 ἆρω-
1580 494 1624 533 V.
1645 497 1714 533 238

33 555 211 614 5μάτων
236 552 414 614 ’λυχνίας
444 575 489 601 τε
522 560 590 602 καὶ
620 558 772 615 λύχνου
802 562 870 604 καὶ
900 560 1129 603 σπονδείων
1167 561 1235 602 καὶ
1268 550 1563 620 θυμιατηρίων

65 626 262 672 ἁπάντων
304 625 569 686 ὁλοχρύσων,
610 629 718 673 ἀλλὰ
760 632 829 673 καὶ
870 634 1148 686 καθαρθῆναι
1182 634 1266 673 τῶν
1298 629 1486 686 αἱμάτων
1512 632 1561 677 τό

64 697 175 756 ἱερὸν
201 697 368 749 ἐπέταξε
399 706 487 749 τοῖς
526 697 770 757 νεωκόροις,
806 704 860 758 τῇ
895 698 1091 757 ἐπαύριον
1112 699 1332 751 ἀναδείξας
1357 698 1564 759 (Υρκανόν

64 768 280 834 ἀρχιερέα,
318 767 392 811 τὸν
414 768 458 810 ‹5’
483 768 807 826 Ἀριστόβουλον
828 767 1040 826 δεσμῆσας
1073 768 1151 825 εἶχε
1184 769 1261 813 σὺν
1280 775 1339 830 τῷ
1355 776 1562 831 πενθερῷ,

63 836 226 889 πάντας
269 837 425 882 ἀνελὼν
475 836 633 900 σιδήρῳ
668 839 770 895 τοὺς
802 845 878 897 τῆς
903 838 1043 897 μάχης
1071 840 1231 891 αι’τίους
1259 842 1327 883 καὶ
1355 844 1564 900 λαμπροῒς

5 913 52 950 10
64 906 351 964 ἀμειψάμενος
371 914 461 959 τοῖς
481 907 781 965 συμμαχήσασι
812 908 989 968 δώροις,
1033 907 1220 969 Φαύστῳ
1237 909 1422 966 μάλιστα
1444 910 1600 958 Eia-D

62 983 139 1022 λου
166 979 284 1029 παιδὶ
311 979 481 1037 γενναίῳ
514 981 582 1022 καὶ
613 987 702 1030 τοῖς
722 978 848 1039 ,ἄμφ’
885 977 1028 1024 αὐτόν.
1067 973 1190 1031 οὗτος
1207 979 1436 1033 Ἰουδαίους
1454 980 1562 1026 {mo-

63 1046 224 1107 φόρους
248 1045 467 1104 Ῥωμαίοις
489 1049 739 1107 κατέστησεν
754 1084 766 1103 ,
806 1047 1062 1108 ἀφελόμενος
1088 1049 1228 1094 αὐτῶν
1261 1049 1402 1103 πάσας
1424 1050 1563 1105 πόλεις

57 1116 301 1176 Ἑλληνίδας
334 1119 493 1175 Συρίας
524 1122 690 1177 κοίλης,
732 1119 781 1172 ἃς
801 1118 909 1165 εἷλον
927 1121 992 1163 ἐπὶ
1027 1125 1111 1164 τῶν
1131 1123 1454 1178 Μακκαβαίων,
1492 1124 1563 1166 καὶ

60 1186 206 1246 μόνοις
234 1189 493 1246 περικλείσας
525 1197 615 1241 τοῖς
648 1191 768 1242 ἰδίοις
801 1190 927 1249 ὅροις.
981 1190 1088 1248 πρὸς
1118 1188 1293 1243 ταύταις
1319 1193 1387 1235 καὶ
1418 1191 1495 1243 τὰς
1518 1193 1562 1237 ἐν

5 1262 50 1300 15
62 1264 122 1319 τῷ
149 1259 348 1318 μεσογείῳ
381 1257 521 1310 πόλεις
542 1259 806 1318 ἠλευθέρωσε
840 1265 916 1317 τῆς
940 1260 1156 1305 Ἰουδαίων
1177 1260 1333 1318 ἀρχῆς,
1372 1256 1430 1306 ὧν
1453 1257 1564 1318 ἦσαν

62 1327 356 1387 ε’πισημότεραι
389 1323 539 1383 αὗται,
578 1329 847 1382 Σκυθόπολις
874 1331 968 1387 ἤτοι
990 1330 1165 1384 Βασιὶν,
1192 1330 1362 1385 Ἵππος,
1399 1333 1560 1386 Πέλλα,

61 1397 282 1456 Σαμάρεια
295 1432 310 1453 ,
349 1398 584 1458 ΖΠάρισσα,
625 1399 831 1455 Ἄζωτος,
878 1399 1081 1458 Ἰάμνεια,
1115 1400 1378 1458 Ἀρέθουσα,
1417 1399 1493 1453 τάς
1517 1419 1561 1445 τε

61 1470 293 1528 παραλίους
334 1467 501 1523 Γάζαν,
533 1468 732 1526 Ἰόππην,
770 1473 933 1529 Δῶρα,
974 1469 1223 1527 Στράτωνος
1267 1469 1424 1530 πύργον
1466 1471 1562 1529 ἤτοι

62 1537 346 1597 Καισάρειαν,
381 1538 539 1591 ταύτας
570 1539 756 1591 ἀποδοὺς
791 1549 881 1592 τοῖς
918 1542 1101 1598 γνησίοις
1140 1542 1330 1592 πολίταις
1364 1539 1444 1585 ivm}
1484 1541 1561 1599 τὴν

3 1609 276 1668 ἳΟΣυριακὴν
299 1609 499 1666 ἐπαρχίαν
523 1610 638 1661 ἔταξε
673 1610 750 1654 σὺν
780 1615 831 1669 τῇ
858 1610 1066 1669 Ἰουδαίᾳ,
1105 1609 1189 1654 ἀπὸ
1217 1614 1302 1654 τιῦν
1329 1609 1454 1670 ὁρίων
1472 1613 1560 1655 Αἶ-

61 1678 220 1738 γύπτου
275 1679 419 1736 μέχρις
471 1678 700 1738 Εὐφράτου
742 1685 959 1736 ποταμοῦ,
1010 1678 1031 1724 ὅ
1076 1678 1302 1737 Πομπήιος
1338 1680 1559 1738 παραὸοὒς
1581 1690 1623 1727 P.
1646 1691 1716 1729 299

155 1758 190 1794 5.
215 1752 367 1802 λύχνου]
394 1753 552 1802 λύχνους
572 1757 615 1792 Β.
713 1758 895 1793 σπονδιόν
914 1758 986 1792 ΑΒ.
1018 1758 1189 1793 πονδίων
1211 1758 1259 1792 G.
1285 1757 1488 1793 Correctum
1513 1768 1559 1792 ex

154 1804 304 1850 Iosepho
325 1802 395 1837 vol.
413 1804 441 1838 Ι.
459 1816 494 1850 p.
511 1806 592 1840 690.
611 1803 681 1839 vol.
696 1804 743 1838 Il.
771 1816 806 1849 p.
825 1807 882 1842 68.
976 1803 1226 1850 θυμιατήριον
1249 1804 1290 1839 Β.
1388 1807 1444 1843 10.
1467 1815 1559 1849 συμ-

154 1851 355 1898 μαχήσασα
377 1852 419 1886 Α.
517 1853 572 1887 11.
596 1846 722 1896 οὗτος]
743 1849 863 1893 οὕτως
876 1852 924 1886 G.
1019 1853 1219 1895 ἰουδαιόυς
1234 1851 1276 1887 Β.
1301 1851 1494 1894 Ιουδαίοις
1509 1853 1557 1887 G.

228 1900 282 1935 12.
307 1896 542 1944 ἀφελομένου
571 1899 641 1934 ΑΒ.
767 1901 825 1936 16.
850 1894 982 1944 αὗται]
1012 1897 1126 1936 αὐταὶ
1146 1901 1194 1935 G.
1218 1897 1374 1940 ταύταις
1393 1898 1464 1933 ΑΒ.

157 1947 214 1983 17.
236 1944 378 1991 μάρισα
397 1946 471 1981 ΑΒ.
574 1944 770 1993 ἅρέθουσα
785 1947 825 1982 Β.
847 1945 1017 1993 Αρέθους
1036 1947 1085 1985 G.
1178 1948 1234 1984 18.
1259 1945 1372 1992 Vulgo
1387 1943 1555 1991 Ιῶππην.

234 1996 293 2030 20.
317 1992 516 2038 ἐπαρχείαν
533 1993 575 2028 Β.

62 2051 109 2087 tis
126 2063 192 2087 non
211 2051 427 2087 fortitudinis
446 2064 534 2098 opus
553 2056 606 2087 est
631 2056 667 2087 et
686 2052 834 2088 incautis
859 2052 1125 2099 inconsulteque
1146 2050 1342 2100 progressis
1367 2048 1558 2097 perniciem

62 2104 247 2135 mereatur.
293 2099 477 2144 Pompeius
493 2099 603 2145 igitur
627 2101 716 2135 urbe
732 2106 837 2145 capta
856 2100 892 2134 in
913 2100 1073 2146 templum
1095 2112 1169 2135 cum
1197 2098 1315 2134 amicis
1340 2098 1432 2145 pede
1458 2097 1557 2132 illato

63 2152 100 2181 et
116 2146 151 2181 in
173 2146 251 2192 ipsa
271 2152 393 2181 sancta
413 2152 600 2192 penetrans
612 2172 623 2189 ‚
650 2159 827 2182 sacrorum
846 2159 1003 2182 vasorum
1022 2147 1170 2190 nullum,
1194 2147 1251 2181 vel
1270 2157 1343 2181 rem
1366 2143 1476 2181 sacris
1494 2143 1557 2193 atl-

62 2193 192 2228 dictam
209 2192 334 2228 nullam
354 2192 495 2239 attigit,
519 2198 661 2239 praeter
686 2199 841 2228 aromata
870 2194 976 2236 licet,
999 2193 1179 2236 loeernas,
1203 2191 1468 2233 candelabrum,
1490 2203 1558 2237 pa-

61 2245 157 2275 teras
174 2244 210 2275 et
232 2240 410 2275 thuribula
430 2251 473 2274 ex
496 2252 582 2275 auro
607 2240 719 2276 solido
746 2240 917 2284 conflata,
953 2240 1022 2276 alia
1051 2241 1192 2286 copiosa
1218 2240 1424 2275 talentorum
1451 2237 1555 2274 duum

60 2286 202 2322 millium
221 2286 322 2322 varia
340 2287 496 2333 supellex
524 2287 560 2322 in
579 2288 762 2334 propatulo
782 2292 818 2322 et
840 2288 904 2321 sub
930 2287 1035 2322 oculis
1063 2286 1329 2329 obversaretur3
1354 2285 1439 2332 quin
1455 2284 1555 2320 immo

60 2334 224 2379 templum
242 2333 354 2369 effuso
370 2345 494 2368 cruore
512 2334 687 2369 foedatum
708 2335 751 2369 ab
771 2333 928 2369 Aedituis
946 2335 1127 2381 praecepit
1144 2333 1292 2380 expiari.
1335 2333 1482 2369 Postero
1497 2330 1555 2377 die

60 2380 263 2426 Hyrcanum
281 2380 497 2417 renunciavit
519 2393 679 2416 summum
698 2380 896 2426 pontificem
917 2387 954 2416 et
974 2381 1173 2417 Aristobulo
1195 2393 1271 2415 cum
1293 2391 1414 2416 socero
1436 2378 1555 2414 vincu-

62 2426 106 2462 lis
124 2426 312 2470 custodito,
335 2431 491 2469 cunctos,
509 2429 568 2473 qui
594 2428 675 2462 belli
692 2429 832 2463 fuerant
851 2432 1024 2471 auctores,
1041 2429 1160 2464 securi
1176 2426 1312 2474 percuti
1329 2426 1439 2461 iussit.
1472 2425 1554 2459 Am-

62 2474 121 2520 pla
132 2473 260 2508 deinde
281 2484 454 2508 munerum
473 2474 659 2520 largitione
678 2474 822 2510 militum
837 2474 998 2510 virtutem
1020 2475 1131 2510 voluit
1148 2478 1413 2520 compensatam,
1434 2471 1552 2517 Syllae

61 2520 209 2556 maxime
228 2519 290 2554 filii
307 2520 429 2555 Fausti
451 2521 610 2564 generosi
629 2520 763 2555 iuvenis
782 2526 819 2556 et
845 2521 918 2556 eius
933 2521 970 2558 in
991 2534 1107 2569 pugna
1131 2521 1312 2557 soci6rum.
1360 2518 1497 2553 Iudaeis
1514 2516 1551 2549 in

51 2567 156 2603 ehunc
177 2566 310 2602 modum
327 2566 474 2601 Romani
493 2567 611 2613 populi
629 2567 777 2602 redditis
801 2567 1029 2614 vectigalibus
1047 2574 1085 2604 et
1102 2580 1219 2604 eorum
1245 2567 1376 2602 ditione
1400 2561 1553 2610 propriis

61 2614 188 2648 finibus
209 2613 452 2656 circumclusa,
479 2614 717 2650 Graecanicas
738 2614 961 2663 Coelesyriae
985 2617 1090 2651 urbes
1107 2628 1129 2651 a
1148 2612 1365 2650 maccabaeis
1382 2609 1552 2655 quondam

62 2665 185 2706 captas
210 2660 340 2695 eisdem
365 2660 520 2696 abstulit.
567 2660 621 2695 Ad
647 2662 734 2696 haec
753 2662 858 2698 urbes
885 2662 922 2697 in
941 2663 1139 2698 continente
1161 2662 1246 2696 sitas
1267 2659 1468 2695 Iudaeorum
1488 2654 1552 2688 do-

59 2706 165 2743 minio
182 2706 375 2742 declaravit
390 2707 540 2750 libem3
559 2707 680 2744 harum
701 2707 910 2756 insigniores
926 2710 1024 2745 fuere
1041 2707 1264 2756 Scythopolis
1277 2731 1288 2748 ‚
1310 2705 1427 2739 Basan
1447 2696 1551 2737 intel-

57 2752 155 2799 lige,
188 2753 347 2799 Hippon,
378 2754 500 2797 Pella,
531 2766 621 2800 quae
644 2755 824 2798 Samaria,
847 2756 1003 2798 Marisa,
1027 2758 1179 2797 Azotum
1202 2751 1354 2790 lamnia,
1378 2748 1550 2800 Arethus3

51 2812 81 2842 ,e
102 2800 285 2843 maritimis
305 2801 463 2843 Gazam,
486 2801 627 2847 Ioppem
642 2827 653 2843 ‚
674 2802 795 2845 Dora,
817 2803 995 2838 Stratonis
1014 2802 1159 2844 turrim,
1192 2799 1228 2834 id
1253 2801 1307 2832 est
1327 2796 1548 2836 Caesaream,

58 2846 209 2894 Propriis
226 2846 408 2892 resfitutas
425 2848 562 2884 civibus
579 2847 707 2894 Syriae
724 2849 925 2896 provinciae
941 2850 1115 2885 subiectas
1144 2858 1221 2882 esse
1239 2843 1375 2885 sanxit,
1399 2852 1477 2876 cum
1491 2841 1550 2876 Iu-

58 2893 149 2930 daea
166 2894 329 2931 universa
344 2895 389 2932 ab
397 2894 554 2943 Aegypti
571 2895 726 2932 terminis
744 2896 789 2933 ad
802 2896 946 2934 fluvium
963 2896 1189 2944 Euphratem.
1219 2889 1408 2928 Provincia
1415 2887 1549 2925 Scauro
