1754 3236
173 195 241 246 74
637 198 895 245 GEORGII
926 198 1213 245 SYNCELLI

173 331 286 359 πτιοι
308 313 354 358 δὲ
376 316 491 357 θεῶν
512 313 581 356 καὶ
603 310 793 369 ἡμιθέων
813 312 882 355 καὶ
903 310 1019 370 παρὰ
1040 307 1208 361 τούτοις
1227 307 1383 354 νεκύων
1406 309 1475 352 καὶ
1505 312 1681 366 θνητῶν-

173 384 325 444 ἕτέρων
340 385 548 440 βασιλέων
575 383 735 440 πολλὴν
754 384 822 426 καὶ
846 381 1040 441 φλύαρον
1059 380 1293 439 συνείρουσι
1312 380 1592 437 μυθολογίαν.
1640 378 1680 422 οἳ

171 457 252 515 γὰρ
283 455 391 514 παρ’
427 454 572 505 αὐτοῖς
603 451 878 497 παλαιότατοι
916 454 1162 509 σεληναίους
1203 450 1389 509 ἔφασκον
1433 448 1537 494 εἶναι
1578 448 1682 500 τους

176 524 197 589 [
208 525 296 588 ‘tw'
314 526 534 582 μηνιαίους
555 521 680 585 τοὺς]
714 523 929 574 ἐνιαυτοὺς
953 524 996 575 ἐξ
1025 520 1193 581 ἧμερῶν
1220 520 1447 579 τριάκοντα
1471 524 1679 564 συνεστῶ-

173 615 278 651 τας,
317 596 358 640 οἱ
379 597 425 639 δὲ
447 594 554 651 μετὰ
575 592 753 645 τούτους
771 592 942 651 ἡμίθεοι
976 592 1112 653 ὥρους
1139 590 1316 637 ἐκάλουν
1339 592 1439 644 τούς
1463 590 1711 642 ἐνιαυτοῦς5

174 667 274 719 τοὺς
296 665 346 723 ψ’
369 665 697 725 τριμηνιαιόυς.”

278 751 367 794 Καὶ
387 754 522 793 ταῦτα
545 749 621 804 μὲν
644 746 666 792 ὁ
689 746 892 803 Εὐσέβιος
907 743 1174 804 μεμφόμενος
1202 744 1347 796 αὐτοῖς
1368 748 1446 801 τῆς
1469 742 1682 801 φλυαρίας

175 818 353 878 εὗλόγιος
372 820 654 878 συνέγραψεν,
695 817 740 862 ὃν
761 816 781 863 ὅ
804 816 1068 876 Πανόδωρος
1089 817 1137 860 οὗ
1168 820 1330 870 καλῶς,
1370 813 1427 867 ὥς
1457 812 1596 870 οἶμαι,
1637 814 1681 856 ἐν

45 896 87 935 P.
112 894 157 934 41
178 890 314 951 τούτῳ
334 891 566 949 μέμφεται,
605 890 732 947 λέγων
766 888 830 933 ὅτι
858 887 1045 946 ἠπόρησε
1079 886 1370 931 διαλύσασθαι
1410 885 1488 943 τὴν
1519 884 1681 927 ἔννοιαν

174 966 259 1006 τῶν
289 961 586 1020 συγγραφέων,
625 960 676 1017 ἣν
709 960 836 1011 αὐτὸς
868 956 1105 1017 καινότερόν
1123 977 1163 1002 τι
1188 960 1324 1002 δοκῶν
1348 959 1591 1014 κατορθοῦν
1611 954 1680 998 λέ-
1693 961 1739 996 10

174 1050 248 1092 γει,
286 1032 425 1088 ἐπειδὴ
453 1031 536 1075 ἀπὸ
555 1035 632 1088 τῆς
652 1034 728 1074 τοῦ
742 1030 877 1086 Ἀδὰμ
900 1021 1091 1081 ἇτλάσεως
1111 1029 1188 1088 ἕως
1208 1033 1285 1072 τοῦ
1301 1028 1446 1084 Ἑνώχ,
1485 1025 1580 1083 ’ἤτοι
1603 1029 1680 1068 τοῦ

174 1106 407 1148 καθολικοῦ
427 1106 627 1158 κοσμικοῦ
647 1099 789 1162 lotcmft'
808 1101 926 1152 ἔτους
945 1100 1038 1144 οὔτε
1068 1100 1200 1156 μηνὸς
1221 1098 1315 1143 οὕτε
1336 1100 1527 1142 ἐνιαυτοῦ
1551 1096 1679 1155 ἀριθ-

174 1173 257 1231 μὸς
292 1171 458 1231 ἡμερῶν
487 1173 745 1231 ἔγνωρίζετο,
798 1172 837 1216 οἳ
871 1172 916 1215 δὲ
946 1169 1161 1229 ἓγρήγοροι
1194 1165 1571 1220 κατελθόντεςέηὶ
1602 1170 1681 1210 τοῦ

178 1248 408 1288 καθολικοῦ
440 1247 640 1299 κοσμικοῦ
674 1246 890 1299 χιλιοστοῦ
922 1242 1041 1293 ἔτους
1063 1240 1479 1299 συναναστραφέντες
1498 1245 1588 1290 τοῖς
1605 1237 1682 1281 ἇν-

176 1313 369 1374 θρώποις
404 1315 599 1366 ἐδίδαξαν
632 1313 786 1365 αὐτοὺς
807 1314 905 1364 τοὺς
932 1311 1110 1364 κύκλους
1126 1317 1212 1357 τῶν
1242 1310 1316 1356 δύο
1337 1308 1574 1370 φωστήρων
1595 1311 1680 1352 δω-
1695 1314 1739 1351 15

177 1385 453 1439 δεκαζωδίους
484 1382 586 1428 εἶναι
615 1385 660 1428 ἐκ
694 1389 855 1443 μοιρῶν
883 1385 1132 1443 τριακοσίων
1163 1381 1385 1440 ἑξήκοντα,
1424 1381 1464 1426 οἳ
1494 1381 1540 1424 δὲ
1573 1379 1681 1423 ἀπο-

178 1457 413 1511 βλέψαντες
433 1457 491 1506 εἲς
509 1455 583 1499 τὸν
596 1453 891 1514 περιγειότερον
911 1453 1158 1512 μικρότερον
1180 1456 1248 1498 καὶ
1270 1451 1540 1510 εὖδηλότερον
1559 1468 1682 1509 τρια-

139 1524 444 1583 Βκονθήμερον
481 1525 724 1582 σεληνιακὸν
752 1523 904 1569 κύκλον
931 1526 1160 1569 ἐθέσπισαν
1191 1528 1249 1576 εἷς
1269 1523 1460 1568 ἐνιαυτὸν
1485 1523 1682 1580 ἀριθμεῖ-

176 1601 310 1651 σθαι,
352 1595 422 1639 διὰ
450 1595 500 1639 τὸ
534 1597 604 1639 καὶ
637 1595 711 1640 τὸν
738 1601 814 1639 τοῦ
842 1594 962 1652 ἡλίου
994 1593 1146 1639 κύκλον
1179 1597 1222 1640 ἐν
1245 1602 1333 1646 τοῖς
1354 1595 1497 1646 αὐτοῖς
1518 1591 1682 1637 δώδεκα

178 1668 339 1721 ζωδιόις
368 1670 641 1726 πληροῦσθαι
671 1668 715 1711 ἐν
735 1668 981 1724 ἰσαρίθμοις
997 1668 1165 1726 μοίραις
1190 1664 1264 1719 τξ’.
1304 1664 1406 1710 ὅθεν
1427 1664 1581 1721 συνέβη
1603 1662 1681 1714 τὰς
1693 1672 1739 1708 20

269 1788 404 1838 ‘iffi-‘tp'
427 1790 629 1837 μηνιαίους
655 1788 750 1832 τούς
774 1789 919 1826 seclusit
945 1789 1105 1836 Scaliger
1139 1803 1175 1838 p.
1210 1793 1244 1828 6.
1276 1789 1369 1832 τούς
1394 1785 1471 1839 ,παρ’
1498 1787 1535 1823 in
1563 1785 1682 1835 ἤγουν

271 1843 384 1873 mutat
402 1849 445 1873 m.
546 1839 581 1874 6.
612 1835 658 1884 ψ’,
680 1839 776 1873 delet
797 1850 843 1872 m.
950 1841 985 1875 7.
1017 1838 1082 1874 καὶ
1109 1840 1233 1875 ταῦτα
1251 1860 1296 1865 —-
1316 1837 1386 1880 ἕως
1405 1837 1476 1874 τοῦ
1495 1839 1682 1872 κατακλυ-

270 1886 370 1930 σμοῦ
406 1885 468 1931 (p.
501 1883 546 1922 41
570 1886 629 1930 c.)
663 1886 776 1920 edidit
801 1885 962 1931 Scaliger
995 1885 1032 1920 in
1059 1887 1167 1921 Not-is
1193 1887 1239 1921 ad
1271 1887 1403 1922 Euseb.
1436 1897 1473 1932 p.
1501 1884 1585 1920 408.

273 1934 309 1968 8.
360 1930 521 1978 εὐλόγως
567 1933 647 1970 add.
694 1934 738 1969 A.
868 1930 1119 1979 παννόδωρος
1159 1936 1202 1970 Α.
1325 1936 1382 1970 11.
1426 1929 1557 1978 ἐπειδὴ
1588 1931 1682 1965 Sca-

272 1978 376 2025 liger.
409 1977 566 2016 ἐπειδοὶν
597 1981 653 2015 G..
741 1978 812 2021 ἕως
837 1980 976 2015 addidit
994 1992 1038 2015 m.
1066 1980 1172 2026 μέχρι
1197 1980 1372 2027 Scaliger.
1467 1981 1523 2015 12.
1555 1976 1678 2027 ,ασπιί

271 2027 443 2072 Scaliger.
539 2026 596 2064 14.
618 2030 808 2075 χιλιοστοῦ
833 2026 954 2073 ἔτους]
980 2027 1075 2076 ‘mvn'
1104 2028 1277 2074 Scaliger.
1374 2029 1429 2066 16.
1454 2024 1681 2076 ἐπιβλέψαν-

272 2086 334 2115 τες
364 2074 540 2156 {caligem
646 2077 703 2113 17.
737 2074 1052 2125 τριακοντήμερον
1075 2077 1119 2113 A.
1240 2078 1298 2114 19.
1330 2074 1400 2114 τὸν
1433 2076 1504 2112 τοῦ
1528 2077 1571 2112 A.
1611 2072 1680 2112 τὸν

273 2133 341 2157 om.
403 2147 414 2158 .

179 2238 245 2262 nec
270 2238 340 2262 non
371 2227 463 2274 apud
495 2239 555 2262 eos
573 2227 716 2264 heroum
728 2255 739 2272 ‚
771 2231 879 2276 atque
907 2229 1101 2265 mortalium
1129 2229 1274 2265 aliorum
1300 2240 1422 2274 regum
1453 2228 1618 2276 plurimas
1643 2229 1681 2263 et

178 2285 335 2319 nugaces
354 2280 546 2321 congerunt
557 2280 592 2310 et
611 2281 753 2311 nectunt
771 2277 815 2312 ad
831 2277 978 2312 invicem
998 2278 1306 2312 confabulationes.
1342 2277 1495 2312 Maiores
1508 2276 1681 2322 siquidem

181 2332 299 2355 eorum
321 2321 471 2365 lunares,
489 2323 555 2357 hoc
575 2328 628 2358 est
643 2328 837 2358 menstruos
854 2337 897 2359 ex
908 2324 1034 2359 diebus
1051 2325 1208 2359 nimirum
1225 2325 1375 2370 triginta
1391 2323 1564 2359 conflatos
1584 2334 1683 2358 asse-

180 2368 316 2411 rebant,
328 2369 386 2415 qui
397 2370 536 2416 sequuti
549 2375 630 2405 sunt
642 2371 784 2406 semidei
795 2383 901 2407 annos
911 2373 1084 2408 vocabant
1097 2372 1212 2414 horos,
1223 2372 1485 2418 trimestresque
1497 2368 1683 2418 posuere.'’

228 2438 230 2442 ’
274 2427 326 2462 Et
350 2428 437 2463 haec
470 2428 606 2475 quidem
640 2429 813 2465 Eusebius
850 2430 987 2466 fabulas
1032 2443 1148 2467 eorum
1186 2431 1412 2477 sugillaturus
1457 2427 1681 2475 conscripsit,

179 2485 282 2521 quem
313 2474 483 2510 immerito
515 2476 682 2522 proinde,
725 2482 765 2512 ut
797 2478 970 2521 arbitror,
1013 2479 1220 2514 Panodorus
1254 2479 1414 2521 incusat,
1456 2477 1556 2523 quasi
1592 2475 1682 2512 scri-

179 2528 320 2569 ptorum
347 2527 492 2557 mentem
509 2523 620 2558 minus
644 2529 886 2571 assequutum‚
912 2537 1015 2571 quam
1041 2530 1155 2561 tamen
1185 2526 1263 2571 ipse
1289 2529 1524 2560 correcturum
1553 2535 1591 2558 se
1621 2534 1682 2557 ra·-

178 2575 257 2612 ωε,
286 2580 413 2604 novum
433 2569 526 2605 aliud
546 2582 586 2605 ac
608 2570 799 2606 inauditum
821 2572 957 2608 omnino
976 2573 1120 2619 protulit
1138 2573 1175 2608 in
1200 2574 1294 2608 hunc
1318 2572 1464 2608 modum.
1513 2571 1566 2606 Ab
1585 2569 1683 2604 Ada-

178 2627 235 2652 mo
263 2615 404 2652 condito
429 2628 539 2663 usque
563 2618 609 2652 ad
639 2619 783 2661 Enoch,
818 2619 857 2653 id
883 2624 939 2654 est
964 2620 1008 2655 ad
1044 2632 1252 2656 communem
1278 2620 1395 2654 mundi
1422 2630 1545 2654 aunum
1573 2618 1686 2658 1282,

177 2662 328 2698 nondum
365 2663 494 2699 mensis
528 2665 585 2700 vel
615 2666 697 2700 anni
740 2665 874 2701 dierum
900 2678 1062 2702 numerus
1090 2667 1352 2709 innotescebat3
1397 2663 1561 2713 egregori
1595 2675 1681 2698 vero

179 2710 349 2745 communi
368 2711 487 2746 mundi
507 2724 595 2747 anno
615 2713 706 2748 1000
718 2713 871 2759 propriis
890 2714 1031 2749 sedibus
1050 2715 1144 2756 moti,
1164 2727 1205 2750 ac
1224 2726 1299 2749 cum
1317 2713 1514 2749 hominibus
1531 2722 1682 2746 conver-

178 2757 250 2792 sati
268 2782 279 2800 ,
326 2757 471 2794 duorum
507 2759 721 2795 luminarium
758 2759 924 2806 periodos
965 2761 1075 2808 signis
1106 2761 1287 2797 duodecim
1327 2774 1369 2797 ac
1399 2762 1470 2798 360
1513 2758 1682 2805 gradibus

178 2805 366 2851 coaequari
381 2805 595 2849 docuerunt3
613 2806 664 2841 illi
684 2807 729 2842 ad
742 2807 846 2842 alium
862 2807 968 2842 terris
984 2810 1134 2844 vicinum
1150 2809 1346 2845 breviorem
1362 2811 1400 2843 et
1418 2806 1587 2843 notiorem
1600 2817 1682 2841 ver-

178 2851 228 2886 sis
245 2851 436 2896 obtutibus,
458 2852 611 2889 lunarem
626 2854 793 2889 circulum
810 2854 933 2890 diebus
950 2855 1095 2901 triginta
1114 2856 1364 2892 coalescentem
1382 2867 1447 2903 pro
1477 2865 1568 2889 anno
1587 2864 1680 2888 com-

179 2899 323 2946 putari,
349 2907 524 2947 perpetua
548 2901 629 2947 lege
660 2905 871 2937 sanxerunt:
895 2902 989 2948 quod
1011 2903 1094 2938 solis
1123 2903 1273 2938 circulus
1300 2914 1365 2949 per
1393 2903 1474 2949 ipsa
1498 2900 1682 2937 duodecim

181 2945 284 2993 signa
310 2952 348 2983 et
367 2958 474 2996 parea
491 2951 668 2986 trecentos
684 2948 870 2996 sexaginta
894 2949 1047 2998 quinque
1075 2950 1204 2997 gradus
1235 2951 1476 2999 compleretur.
1523 2948 1680 2985 Exinde-
