1800 3236
202 169 306 218 612
662 170 924 217 GEORGH
953 168 1241 218 SYNCELLI

203 289 316 332 ἔστιν
340 280 514 344 ’ἡμερῶν
548 279 631 336 ‘rga'
667 285 737 328 καὶ
769 281 931 342 ἡμέρας
960 284 1032 327 καὶ
1070 281 1222 334 νυκτὸς
1250 283 1313 333 εἷς
1353 282 1717 327 ἐννεακαιδέκατον

203 355 488 414 διαιρεθείσης
514 355 623 413 μέρη
654 352 830 399 τούτωνκ
850 353 907 397 τὰ
936 350 982 398 ε’.
1019 353 1177 410 μεταξὺ
1205 353 1252 396 δὲ
1283 357 1360 397 τοῦ
1390 353 1519 411 λέγειν
1536 353 1611 397 τὸν
1634 354 1717 397 ἔνι-

203 427 334 474 αὖτόν
365 424 533 484 ἡμερῶν
560 422 642 477 τξε’
674 426 744 469 καὶ
773 424 1054 482 τετραμορίου
1072 425 1142 467 καὶ
1163 427 1249 467 τῶν
1271 423 1356 468 ἀπὸ
1375 421 1437 468 ιθ’
1457 428 1533 480 τῆς
1550 428 1716 480 νυχθη-

200 499 332 558 μέρου
362 500 502 555 μερῶν
532 492 561 538 ε’
595 496 653 546 εἷς
674 494 730 539 τὰ
749 491 834 539 υοε’
847 489 1150 552 **ἥμε’ραιτὸ
1168 491 1443 553 παράλληλόν
1462 496 1564 538 εἰσιν
1584 492 1621 546 ς’
1647 496 1716 538 καὶ

166 565 495 628 Βτετραμόριον.
534 563 594 609 ἔτι
621 581 667 622 γε
695 565 780 622 μὴν
812 565 887 609 τόν
904 568 982 621 τῆς
1002 561 1178 621 σελήνης
1199 569 1313 621 μῆνα
1332 564 1440 611 κατὰ
1461 564 1538 621 τὴν
1558 564 1745 624 ἀκριβῆ5

201 639 470 695 λεπτολογιάν
501 633 744 694 εὖρίσκομεν
772 633 843 679 κθ’
865 636 935 679 καὶ
952 633 1145 692 ἡμισείας
1162 633 1323 694 ἡμέρας
1344 638 1414 680 καὶ
1433 635 1585 687 νυκτὸς
1605 639 1715 679 διαι-

203 709 398 770 ρεθείσης
427 709 485 758 εἷς
517 706 626 765 με’ρη
662 703 737 751 σε’.
775 703 938 750 τούτων
958 705 1014 750 τὰ
1045 703 1081 749 ο’
1108 707 1178 749 καὶ
1197 704 1327 763 ἣμισυ
1349 705 1376 750 ἃ
1401 707 1556 764 γίνεται
1575 708 1715 763 ἐνενη-

203 778 513 837 κοστοτέταρτα
545 777 656 834 τρία.
695 778 766 820 καὶ
799 781 937 820 ταῦτα
961 777 1054 834 περὶ
1079 775 1228 834 ὀλίγων
1252 774 1713 835 χρόνωνκαταγίνεται,

202 850 424 907 συμβαίνει
454 849 501 891 δὲ
530 852 617 891 τῶν
637 846 720 891 ἀπὸ
744 846 1020 905 Ἀρταξέρξου
1046 848 1264 902 βασιλείας
1281 847 1402 898 ἔτους
1421 844 1473 901 κ’,
1515 845 1572 899 ὥς
1589 849 1634 891 ἐν
1653 852 1716 907 τῷ

191 921 355 981 ’Έσδρᾳ
371 918 479 978 παρ’
499 915 725 976 Ἑβραίοις,
751 916 852 975 ὅπερ
866 917 976 961 καθ’
988 916 1195 974 ’Έλληνας
1214 913 1266 974 ἦν
1283 915 1549 974 ὀλυμπιάδος
1561 918 1714 975 ὄγδοη-
1730 925 1774 961 10

202 996 357 1048 κοστῆς
387 990 590 1046 τέταρτον
624 987 740 1043 ἔτος,
775 988 921 1046 μέχρις
943 987 1063 1031 ἕκτου
1083 989 1153 1031 καὶ
1177 985 1354 1032 δεκάτου
1381 989 1580 1047 Τιβερίου
1601 989 1714 1033 Καί-

202 1078 360 1120 σαρος,
399 1058 500 1117 ὅπερ
529 1054 582 1116 ἦν
605 1056 878 1116 ὀλυμπιάδος
911 1056 981 1114 σβ’
1008 1057 1101 1109 ἔτος
1130 1055 1347 1117 δεύτερον,
1386 1057 1716 1117 ἓπισυνάγεσθαι

49 1133 88 1169 P·
110 1130 183 1172 324
204 1133 258 1177 τὰ
279 1128 558 1190 προειρημένα
578 1127 663 1173 υοε’
674 1163 688 1184 ,
729 1128 756 1173 ἃ
777 1130 932 1187 γίνεται
950 1127 1059 1172 καθ’
1080 1126 1306 1186 Ἑβραίους
1329 1128 1401 1186 ἔτη
1421 1127 1499 1184 vb',
1529 1127 1588 1181 ὥς
1607 1148 1715 1188 προ-

200 1205 359 1261 είρηται
370 1234 385 1256 ,
424 1199 547 1244 τοῢτ’
571 1198 683 1243 ἔστιν
716 1197 950 1255 ἕβδομάδες
972 1196 1034 1253 ο’,
1073 1200 1193 1242 καθὰ
1212 1198 1513 1258 προεφητεύθη
1535 1204 1596 1260 τῷ
1616 1203 1715 1244 Δα-

198 1274 293 1331 νιὴλ
320 1270 402 1315 ὑπὸ
433 1273 509 1314 τοῦ
538 1270 734 1328 Γαβριὴλ
766 1267 793 1325 ἦ
825 1272 1020 1327 Χριστοῦ
1055 1271 1282 1327 παρουσία.
1321 1270 1426 1313 εἶδέ
1443 1288 1501 1329 τῳ
1529 1271 1713 1314 δοκεῖτὰ
1729 1277 1770 1312 15

199 1341 246 1388 ιε’
275 1342 346 1399 ἔτη
376 1340 432 1384 τὰ
456 1338 660 1398 Ἑβραϊκὰ
690 1337 854 1396 πλάνην
882 1340 1073 1396 ἐγγεννᾶν
1102 1339 1199 1395 μετ’
1222 1341 1358 1384 ἐκεῖνα
1379 1342 1436 1392 εἷς
1457 1338 1570 1397 ἡμᾶς
1591 1341 1662 1398 ἔτη
1685 1339 1712 1384 ι’

199 1412 319 1472 ἐγγὺς
332 1445 346 1466 ,
385 1412 454 1455 καὶ
484 1410 607 1454 οὐδὲν
630 1411 674 1454 ἓν
693 1411 809 1470 μέσῳ
835 1408 1078 1468 παράδοξον
1098 1408 1332 1469 ἱστόρηται.
1371 1409 1549 1455 δύναται
1575 1413 1621 1455 δὲ
1643 1414 1712 1455 καὶ

44 1501 88 1539 ν,
111 1500 182 1538 253
201 1482 228 1542 ἦ
262 1485 340 1539 μία
361 1483 431 1525 καὶ
459 1478 627 1538 ἡμίσεια
651 1479 864 1537 ἑβδομὰς,
901 1479 955 1536 ’ἢν
975 1481 1041 1523 ἐπὶ
1058 1483 1273 1542 συντελείᾳ
1295 1480 1712 1540 παραλαμβάνεσθαι

200 1557 284 1600 δεῖν
306 1551 569 1609 ὑπονοοῦμεν
579 1585 593 1607 ,
632 1558 885 1612 παρηγορεῖν
905 1550 980 1596 τὸν
1004 1549 1322 1610 ἐπιζητούμενον
1340 1556 1425 1597 τῶν
1449 1550 1496 1597 ιε’
1517 1554 1622 1597 ἐτῶν
1642 1555 1712 1598 καὶ

293 1704 330 1739 1.
354 1700 422 1747 εἰς]
448 1697 513 1737 καὶ
531 1699 586 1742 εἰς
604 1699 650 1737 Β.
753 1701 790 1738 2.
816 1699 859 1746 ε’]
883 1699 993 1738 πέντε
1013 1701 1062 1736 G.
1088 1697 1214 1737 πάντα
1231 1699 1378 1736 Barber.
1474 1699 1510 1737 4.
1533 1700 1710 1736 Lacunam

293 1747 466 1784 indicavit
483 1747 655 1794 Scaliger.
750 1749 785 1784 7.
810 1749 897 1784 Post
916 1746 1032 1794 ἥμισυ
1057 1748 1094 1782 G
1113 1748 1271 1783 lacunam
1292 1746 1476 1784 indicavit.
1573 1749 1607 1784 7.
1632 1747 1708 1784 ἐνε-

291 1796 463 1842 νηκοστῷ
482 1793 643 1843 τέταρτα
661 1794 705 1831 A.
729 1792 955 1842 ἕνενηκοστά
971 1794 1131 1842 τέταρτοι
1149 1796 1324 1841 Scaliger.
1447 1797 1483 1831 8.
1514 1796 1599 1840 περὶ
1629 1792 1707 1831 ὀλί-

291 1857 361 1890 γον
382 1842 522 1889 χρόνον
537 1843 587 1879 G.
610 1839 705 1888 παρ’
727 1839 854 1890 ὀλίγον
872 1843 1009 1890 χρόνον
1027 1843 1201 1890 Scaliger.
1305 1845 1362 1880 10.
1388 1842 1504 1888 Vulgo
1525 1840 1707 1888 ὀγδοηκο-

289 1892 365 1939 στῷ
386 1887 564 1937 τετάρτῳ.
612 1890 777 1926 Correxit.
795 1891 968 1937 Scaliger.
1077 1893 1133 1929 16.
1157 1889 1335 1938 ἐγγεννᾶν
1354 1891 1396 1925 Β.
1423 1888 1576 1936 ἐγεννᾶν
1594 1892 1643 1927 G.

292 1937 333 1985 ι’]
368 1936 571 1982 „damoeta
595 1937 766 1980 Barber.''
800 1939 920 1975 Goan.
953 1936 986 1976 σ’
1013 1939 1058 1974 Β.
1193 1941 1253 1978 19.
1286 1937 1355 1975 τόν
1382 1938 1427 1974 Β.
1461 1936 1506 1975 τὸ
1537 1940 1586 1974 G.

197 2078 376 2103 numerum
399 2066 603 2114 intercipit3
627 2065 700 2103 diei
718 2079 804 2103 vero
827 2070 865 2104 et
885 2067 999 2104 noctis
1021 2069 1137 2115 spatio
1154 2079 1220 2116 per
1243 2065 1558 2103 decemnovennale
1584 2065 1706 2101 distri-

197 2115 283 2150 huto
300 2115 491 2161 quinariam
511 2116 588 2150 eius
612 2119 747 2162 partem
759 2115 974 2152 dividentem
991 2128 1071 2152 esse
1094 2116 1319 2164 percipimus,
1365 2114 1508 2149 Interim
1526 2125 1611 2148 vero
1629 2125 1706 2148 cum

197 2168 324 2197 annum
341 2162 464 2197 diebus
485 2163 557 2199 365
576 2166 613 2197 et
632 2163 826 2210 quadrante
848 2164 1032 2210 componi,
1057 2166 1094 2199 et
1109 2176 1154 2199 ex
1179 2162 1504 2198 decemnovennalis
1537 2160 1704 2207 quotien-

196 2209 244 2243 tis
262 2209 420 2255 partibus
440 2210 595 2256 quinque
620 2235 965 2247 ..........
992 2216 1074 2257 post
1091 2222 1198 2246 annos
1226 2211 1296 2246 475
1324 2209 1399 2243 dies
1428 2220 1491 2242 sex
1516 2219 1593 2243 cum
1614 2219 1704 2254 qua.-

196 2256 322 2291 drante
341 2267 384 2290 ex
403 2267 514 2302 aequo
531 2256 785 2302 respondentes
803 2262 999 2304 emergunt.
1025 2258 1174 2304 Insuper
1190 2268 1275 2292 vero
1294 2266 1441 2291 mensem
1458 2255 1611 2290 lunarem
1628 2255 1704 2290 dies

195 2304 243 2340 29
263 2307 300 2338 et
319 2302 470 2337 medium
489 2303 538 2338 ad'
553 2304 756 2339 numerandi
784 2306 1046 2352 exquisitiorem
1080 2303 1240 2351 peritiam
1270 2302 1451 2337 includere
1483 2303 1704 2348 reperimus;

195 2349 340 2397 dieique
366 2360 409 2385 ac
433 2350 546 2385 noctis
574 2350 760 2385 intervallo
788 2352 825 2386 in
850 2357 970 2398 partes
997 2352 1068 2388 215
1093 2350 1279 2385 distributo
1309 2351 1428 2385 harum
1458 2351 1503 2386 71
1527 2361 1603 2385 cum
1629 2361 1703 2385 me-

196 2397 259 2432 dia
279 2419 577 2434 .........
601 2409 692 2444 quae
707 2399 932 2444 nonagesima
953 2402 1080 2444 quarta
1108 2398 1180 2432 tria
1207 2397 1396 2432 conficiunt
1423 2397 1602 2433 habemus.
1650 2397 1703 2432 Et

195 2442 285 2479 haec
302 2443 400 2479 brevi
421 2443 587 2489 temporis
602 2444 716 2490 spatio
734 2445 958 2491 colliguntur.
1006 2445 1060 2480 Ab
1083 2444 1290 2480 Artaxerxis
1315 2448 1430 2479 autem
1444 2444 1583 2490 imperii
1609 2456 1701 2479 anno

195 2490 366 2536 vigesimo
386 2490 513 2536 (cuius
530 2490 665 2526 Esdras
682 2491 853 2527 Hebraeis
872 2493 1035 2528 laudatus
1052 2496 1178 2527 auctor
1197 2491 1298 2527 testis
1320 2493 1402 2537 est)
1422 2491 1483 2538 qui
1501 2491 1702 2527 Graecani-

196 2548 261 2573 cae
280 2537 502 2584 Olympiadis
521 2537 568 2574 84
587 2541 732 2584 quartus
758 2539 848 2583 fuit,
874 2539 918 2574 ad
938 2539 1076 2574 Tiberii
1097 2539 1262 2574 Caesaris
1283 2551 1410 2574 annum
1430 2539 1609 2574 decimum
1621 2549 1702 2573 sex—

195 2588 289 2628 tum,
312 2584 375 2631 qui
392 2584 611 2632 olympiadis
640 2586 712 2621 202
738 2597 826 2621 anno
857 2586 882 2622 4
907 2587 1063 2633 aequalis
1086 2591 1166 2630 est3
1190 2598 1299 2622 annos
1318 2587 1473 2621 Iulianos
1500 2584 1570 2622 475
1593 2597 1700 2631 supra

195 2636 428 2674 memoratos,
453 2633 514 2678 qui
531 2631 712 2667 Hebraeos
741 2633 811 2669 490
835 2633 932 2668 iuxta
961 2634 1170 2680 praemissa,
1203 2637 1435 2680 componunt,
1461 2638 1698 2675 numerantur,

194 2678 234 2714 id
252 2683 307 2714 est
323 2679 556 2715 hebdomades
573 2680 639 2722 70,
664 2685 747 2724 post
765 2691 851 2726 quas
871 2681 1008 2715 Christi
1023 2681 1194 2717 adventus
1212 2693 1235 2716 a
1253 2680 1423 2715 Gabriele
1438 2679 1577 2715 Danieli
1594 2691 1699 2726 prae-

194 2726 378 2761 nunciatus
398 2730 465 2761 est.
511 2726 680 2762 Hebraici
705 2738 790 2762 vero
812 2727 895 2762 anni
921 2729 1119 2773 quindecim
1146 2728 1224 2763 aliis
1242 2727 1372 2763 adiecti
1391 2738 1555 2762 annorum
1573 2727 1697 2763 saltem

195 2775 242 2808 10
254 2784 405 2807 errorem
418 2773 503 2808 licet
522 2785 590 2808 non
603 2772 729 2808 nemini
748 2774 935 2810 videantur
952 2775 1137 2818 invehere3
1154 2779 1251 2811 certe
1268 2774 1411 2809 dubium
1424 2774 1490 2809 hoc
1499 2774 1536 2809 in
1545 2774 1696 2810 medium

193 2819 281 2854 nihil
301 2820 445 2855 absurdi
468 2821 626 2867 proferre
643 2820 806 2856 indubius
827 2833 911 2856 sum.
960 2823 1007 2857 At
1029 2834 1130 2867 quam
1152 2821 1326 2858 commode
1347 2821 1536 2856 hebdomas
1568 2833 1638 2856 una
1659 2824 1698 2856 et

193 2867 306 2901 altera
321 2866 434 2902 media
453 2870 584 2914 (quam
602 2867 646 2903 ad
669 2868 802 2903 numeri
825 2868 1108 2914 complementum
1136 2868 1372 2902 assumendam
1403 2867 1633 2914 conficimus)
1651 2868 1697 2903 de

193 2912 292 2948 annis
311 2915 356 2951 15
382 2914 581 2962 quaestioni:
595 2915 716 2955 factae
736 2915 939 2959 medeatur,
963 2920 1001 2952 et
1026 2915 1211 2952 terminum
1236 2913 1364 2950 reddat
1388 2913 1598 2958 breviorem,
1627 2925 1695 2951 uuo
