1800 3236
215 203 320 253 378
672 211 927 260 GEORGII
953 213 1241 263 SYNCELLI

216 322 384 381 ἀνδρῶν
400 323 477 380 τῆς
495 326 581 367 τῶν
593 322 825 383 Ἀσσυρίων
844 330 1129 385 παρεμβολῆς.
1170 329 1240 372 καὶ
1259 331 1522 390 Σενναχηρίμ
1538 331 1616 377 σὺν
1635 339 1725 385 τοῖς

214 392 462 445 ὑπολοίποις
483 393 691 447 ἀνέζευξεν
719 394 883 448 ἀδόξως
902 399 960 448 εἰς
980 396 1057 453 τὴν
1072 398 1320 458 Ἀσσυρίαν,
1360 400 1551 459 ἀκηκοώς
1572 401 1636 447 ὅτι
1655 406 1725 448 καὶ

181 484 185 488 ·
216 463 239 509 ὃ
270 468 355 509 τῶν
382 463 614 510 Αἰθιόπων
641 466 841 522 βασιλεὺς
865 467 1084 524 Βαραθᾶχ
1112 468 1273 528 ἔρχεται
1300 472 1549 529 πολεμήσων
1577 472 1720 519 αὐτόν.

211 535 353 580 ἐλθών
384 536 430 579 δὲ
466 537 523 586 εἰς
552 538 698 580 Νινευὶ
725 536 827 588 τούς
856 537 1152 594 αἰχμαλώτους
1185 545 1261 586 τοῦ
1291 541 1462 602 Ἰσραὴλ
1493 542 1719 601 ἔκακούχει,

211 604 342 657 αὐτός
358 623 402 649 τε
419 603 501 650 {ma
525 610 610 650 τῶν
631 607 749 651 ἰδίων
767 607 995 667 ἀναιρεῖται
1013 610 1178 655 τέκνων.
1725 620 1750 657 5

311 674 362 720 Ὁ
399 677 445 720 δὲ
477 677 676 732 βασιλεὺς
707 677 888 732 Ἐζεκίας
916 678 1118 737 νοσήσας,
1134 680 1240 740 πρὸς
1259 677 1454 726 θάνατον
1483 687 1544 744 τῷ
1574 680 1622 728 ιε’
1644 682 1723 729 ἔτει

59 752 102 788 Ρ.
121 752 191 791 201
215 749 293 804 τῆς
307 747 526 803 βασιλείας
548 747 682 792 αὐτοῦ
710 748 982 808 ἀπηγορεύθη
1003 755 1080 795 τοῦ
1102 753 1174 809 ζῆν
1190 749 1274 795 ὑπὸ
1291 749 1470 797 εΗσαίου
1498 755 1569 798 καὶ
1588 771 1722 812 στρα-

208 819 300 877 φεὶς
320 819 390 862 καὶ
412 816 628 877 δακρύσας
645 819 753 877 πρὸς
769 820 873 864 θεὸν
896 821 1002 865 ἐτῶν
1022 819 1069 865 ιε’
1088 820 1341 881 προσθήκην
1360 825 1468 881 ζωῆς
1487 823 1626 881 ἔλαβε,
1652 825 1722 869 διὰ

206 893 284 934 τοῦ
305 886 551 948 παραδόξου
570 891 743 946 σημείου
764 891 1070 949 πιστουμένην,
1108 897 1186 950 τῆς
1207 891 1415 938 ἐπανόδου
1432 899 1509 938 τοῦ
1533 892 1654 951 ἡλίου
1676 897 1722 940 ἐκ

208 964 287 1018 τῆς
316 963 499 1018 φυσικῆς
529 957 728 1018 κινήσεως
757 961 857 1006 δέκα
882 962 1090 1018 βαθμοὺς
1125 961 1446 1021 ἀναποδισάσης
1474 965 1584 1009 καθ’
1618 965 1721 1023 ὅλην
1732 974 1779 1012 10

207 1031 286 1088 τὴν
319 1029 565 1087 οἰκουμένην
572 1064 587 1085 ,
627 1029 685 1083 ὥς
714 1030 817 1076 εἶναι
846 1032 924 1091 τὴν
955 1031 1117 1094 ἡμέραν
1148 1034 1305 1093 ἐκείνην
1327 1032 1463 1092 μόνην
1480 1037 1614 1095 χωρὶς
1643 1041 1722 1095 τῆς

208 1102 320 1153 ἰδίας
336 1100 487 1153 νυκτὸς
513 1099 636 1159 ὡρῶν
655 1100 737 1164 κβ’.

318 1165 456 1222 Οὗτος
483 1171 663 1226 Ἐζεκίας
692 1172 773 1231 πρὸ
805 1177 881 1230 τῆς
911 1170 1064 1229 νόσου,
1104 1176 1236 1234 φασὶ,
1275 1172 1557 1235 σωφροσύνην
1584 1175 1715 1234 ἤσκει,

208 1239 432 1294 ἀθάνατος
460 1241 522 1285 δι’
547 1243 680 1301 αὐτῆς
712 1243 888 1288 ἔσεσθαι
924 1245 1098 1299 ἐλπίζων
1134 1247 1205 1289 ’καὶ
1232 1245 1279 1290 τὸ
1312 1246 1425 1301 ,,οὗκ
1444 1248 1621 1303 ἐκλείψει
1640 1247 1719 1306 ἄρ-

204 1330 295 1370 χων
310 1314 353 1365 ἐξ
369 1310 540 1357 Ἰοόὸ”α”
560 1315 617 1366 εἰς
636 1319 763 1359 τοῦτο
784 1319 906 1360 νοῶν.
935 1316 978 1359 ἔν
1001 1317 1046 1360 δὲ
1064 1319 1125 1376 τῷ
1146 1316 1340 1361 ἀσθενεῖν
1357 1316 1516 1375 ηὔξατο
1532 1317 1718 1370 ἀναστὰς
1730 1326 1775 1364 15

210 1381 538 1442 παιδοποιήσειν.
578 1383 600 1428 ὃ
621 1385 667 1429 δὲ
686 1385 908 1443 ΖΙῚαροδὰχ
924 1386 1132 1431 Βαλαδὰν
1153 1387 1366 1445 ἐκπλαγεὶς
1385 1392 1445 1447 τῷ
1464 1390 1620 1450 σημείῳ
1640 1393 1718 1446 τῆς

51 1463 94 1500 V.
120 1462 187 1500 161
212 1452 389 1512 ἡλιακῆς
422 1454 735 1511 ἀναποδίσεως,
775 1455 962 1508 ἀκούσας
998 1475 1042 1501 τε
1072 1457 1127 1502 τὰ
1155 1457 1264 1502 κατὰ
1294 1458 1371 1516 τὴν
1397 1458 1575 1512 Ἐζεκίου
1605 1477 1716 1515 συμ-

169 1511 202 1547 Β
209 1523 350 1582 βάντα
370 1522 519 1580 νόσον,
559 1525 771 1571 ἀπέστειλε
793 1528 987 1584 πρέσβεις
1009 1529 1079 1572 καὶ
1108 1530 1251 1587 δῶρα,
1289 1527 1573 1586 συνηδόμενος
1602 1529 1717 1591 αὐτῷ

206 1600 284 1653 τῆς
307 1598 425 1653 ζωῆς.
466 1594 489 1641 ὃ
515 1598 561 1641 δὲ
577 1597 756 1652 Ἐζεκίας
779 1597 901 1657 ἀφεὶς
924 1600 1162 1657 διηγεῖσθαι
1182 1599 1258 1650 τὰς
1277 1597 1474 1656 δυνάμεις
1503 1605 1580 1644 τοῦ
1608 1605 1715 1645 θεοῦ

205 1667 282 1712 τὸν
302 1668 350 1712 ἕν’
369 1674 458 1719 τοΐς
475 1670 705 1723 βασιλείοις
732 1667 970 1714 ὑπεδείκνυε
990 1673 1188 1714 πλοῦτον.
1221 1667 1402 1721 Ἡσαΐας
1426 1672 1474 1715 δὲ
1499 1675 1577 1727 τῆς
1606 1671 1772 1722 ἀλα-20

300 1802 334 1839 1.
358 1801 580 1849 σεναχηρεῖμ
606 1802 680 1838 ΑΒ.
705 1802 951 1850 Σεναχειρεῖμ
975 1803 1022 1838 G.
1127 1802 1164 1841 8.
1186 1802 1369 1851 βαραθᾶχ
1387 1806 1431 1842 Β.
1462 1766 1644 1856 βαραχθάθ·
1670 1806 1714 1842 Α.

297 1851 488 1896 Βαραχοὶθ
511 1852 559 1886 G.
587 1850 747 1896 Θαρακά
771 1852 861 1898 Reg.
883 1852 946 1886 lv.
974 1852 1031 1893 19,
1054 1852 1087 1887 9.
1183 1853 1219 1888 9.
1243 1851 1285 1888 ἐκ
1302 1864 1369 1888 om.
1391 1854 1441 1890 G.
1537 1857 1594 1892 10.
1619 1850 1714 1890 ἀνα-

297 1897 520 1944 ποόησάσης
540 1899 570 1933 Β
597 1904 635 1934 et
652 1899 747 1934 infra
768 1895 1052 1946 ἄναποδήσεως.
1119 1910 1122 1913 ·
1160 1901 1216 1936 11.
1240 1900 1307 1948 τῆς
1325 1911 1391 1936 om.
1413 1901 1455 1936 Β.
1567 1903 1623 1937 13.
1650 1898 1712 1937 εύ-

297 1944 495 1992 φροσύνην
521 1946 571 1983 G.
692 1945 748 1983 14.
773 1945 832 1992 τὸ]
867 1947 998 1982 Genes.
1024 1946 1167 1989 XLIX,
1193 1949 1248 1983 10.
1386 1950 1444 1986 16.
1469 1948 1643 1997 βαλαδάν
1666 1949 1710 1984 Β,

295 1992 484 2039 Βαλαὸἀμ
506 1995 554 2029 G.
586 1993 679 2029 Vide
695 1995 786 2041 Reg.
806 1995 870 2030 IV.
895 1997 956 2041 20,
984 1996 1043 2034 12-
1139 1995 1197 2032 17-
1222 1990 1293 2043 τήν
1311 2006 1378 2031 om.
1395 1996 1444 2032 G.
1536 1998 1598 2034 18.
1623 2007 1712 2034 συν·
1784 1994 1793 1997 ⁴

297 2041 484 2089 ηδόμενος
499 2042 544 2077 Β.
570 2040 836 2089 συνειδόμενος
861 2043 910 2080 G.

204 2157 288 2195 mini
302 2157 456 2205 delevit3
479 2171 591 2208 quare
605 2158 857 2195 Sennacherim
876 2158 922 2195 de
942 2157 1034 2195 bello
1056 2157 1126 2194 sibi
1148 2158 1194 2194 ab
1214 2157 1423 2207 Aethiopum
1440 2171 1526 2207 rege
1543 2160 1712 2197 Tharaca

204 2209 331 2262 parato
359 2218 425 2253 per
455 2207 618 2243 nuncium
645 2208 777 2243 certior
803 2208 940 2250 factus,
964 2205 1002 2241 in
1039 2206 1218 2252 Assyriam
1249 2218 1326 2242 cum
1353 2209 1528 2243 exercitus
1550 2209 1710 2254 reliquiis

204 2253 435 2299 ignominiose
459 2255 664 2291 revertitur.
712 2255 753 2290 In
783 2254 938 2290 Niniven
967 2257 1084 2289 autem
1102 2265 1284 2300 regressus
1299 2258 1337 2291 et
1354 2255 1513 2303 captivos
1528 2255 1711 2291 Israelitas

204 2300 327 2336 durius
343 2302 523 2349 excipiens
542 2314 564 2337 a
583 2301 737 2349 propriis
751 2302 835 2337 filiis
853 2301 1076 2337 interficitur.

299 2350 399 2384 Anno
417 2349 518 2396 regni
538 2350 582 2386 15
609 2349 712 2395 gravi
728 2347 953 2395 aegritudine
971 2348 1131 2384 laborans
1153 2359 1217 2384 rex
1232 2349 1398 2394 Ezecias,
1421 2350 1553 2386 Esaiae
1574 2362 1711 2397 quoque

204 2395 324 2432 verbis
344 2399 467 2433 mortis
489 2396 591 2444 quasi
613 2402 710 2432 certo
733 2401 947 2442 sequuturae
967 2396 1168 2438 damnatus,
1192 2397 1239 2432 ad
1258 2397 1359 2432 deum
1381 2409 1456 2432 cum
1473 2397 1605 2444 gemitu
1626 2410 1710 2433 con-

204 2455 331 2479 versus
349 2456 514 2480 annorum
545 2445 589 2481 15
612 2443 814 2490 promissam
832 2443 1066 2479 accessionem
1091 2443 1174 2478 solis
1197 2456 1261 2491 per
1280 2445 1410 2491 gradus
1434 2445 1553 2480 decem
1573 2445 1610 2480 in
1627 2457 1709 2492 pro-

205 2491 287 2539 pria
304 2491 456 2538 vestigia
469 2491 678 2538 retrogrado
695 2495 789 2526 motu
807 2491 1028 2527 commeantis
1045 2495 1246 2538 portentoso
1271 2504 1436 2539 regressu
1454 2492 1621 2527 firmatam
1648 2504 1709 2527 ac-

206 2537 323 2585 cepit3
349 2539 437 2575 adeo
456 2544 497 2574 ut
518 2551 582 2586 per
604 2539 722 2574 orbem
748 2538 946 2574 universum
971 2538 1047 2574 dies
1065 2538 1126 2574 ille
1150 2539 1284 2586 absque
1315 2539 1472 2576 tenebris
1501 2543 1538 2576 et
1563 2539 1710 2586 propria.

203 2585 275 2622 sibi
292 2591 397 2622 nocte
414 2586 522 2623 fuerit
539 2587 701 2621 horarum
719 2585 865 2621 duarum
884 2590 921 2621 et
939 2585 1080 2632 viginti.

300 2634 449 2670 Ezecias
467 2634 556 2677 iste,
580 2633 697 2676 aiunt,
722 2633 936 2670 continentia
957 2634 1106 2680 plurima
1128 2633 1391 2681 coniugalisque
1410 2633 1604 2670 commercii
1621 2634 1708 2680 fuga

205 2681 313 2718 vitam
345 2681 575 2729 castigatam,
599 2680 867 2716 immortalitatis
899 2682 1163 2727 consequendae
1190 2694 1276 2729 spe,
1311 2693 1378 2717 nec
1405 2693 1473 2717 non
1503 2681 1707 2728 prophetico

203 2741 363 2766 sermone
384 2741 479 2774 „uon
501 2728 643 2766 deficiet
658 2728 822 2775 princeps
839 2740 885 2763 ex
903 2728 1015 2764 1uda³⁹
1039 2729 1210 2774 confisus3
1234 2729 1345 2765 morbi
1361 2740 1445 2765 vero
1470 2728 1625 2775 periculo
1643 2729 1708 2763 de-

201 2777 348 2813 territus
361 2803 372 2820 ,
396 2778 504 2824 prolis
533 2777 691 2813 edendae
717 2787 858 2823 operam
888 2776 1098 2820 subiturum,
1122 2783 1204 2813 voto
1230 2777 1336 2812 etiam
1355 2776 1478 2811 emisso
1491 2801 1503 2820 ‚
1527 2787 1566 2811 se
1584 2775 1707 2811 devin-

204 2824 269 2861 xit.
316 2824 446 2860 Audito
465 2836 544 2861 mox
563 2823 687 2859 solaris
705 2835 887 2870 regressus
919 2829 1081 2870 portento
1093 2850 1104 2867 ‚
1128 2827 1165 2859 et
1182 2824 1337 2860 Ezeciae
1353 2823 1463 2859 morbi
1494 2823 1618 2858 nuncio
1646 2835 1707 2858 ac-

205 2876 331 2919 cepto,
353 2873 456 2910 donis
476 2872 675 2919 legatisque
697 2870 743 2907 ad
763 2883 839 2907 eum
859 2870 994 2914 missis,
1020 2871 1066 2906 de
1084 2875 1282 2919 propagata
1306 2870 1399 2918 iliius
1417 2870 1495 2905 vita
1511 2870 1707 2906 Marodach

207 2919 365 2955 Baladan
393 2919 654 2966 congratulatus
686 2923 752 2955 est.
800 2917 952 2954 Ezecias
981 2919 1121 2954 divinae
1145 2918 1345 2965 portentiae
1370 2918 1474 2953 laude
1504 2929 1706 2964 suppressa,

205 2967 322 3014 palam
342 2967 514 3005 faciendis
534 2966 730 3015 legatorum
757 2967 960 3014 conspectui
983 2965 1104 3014 regiae
1121 2977 1208 3003 suae
1225 2965 1351 3014 opibus
1368 2965 1520 3010 studuit3
1543 2964 1707 3013 quocirca
