1800 3236
227 138 332 188 696
707 137 964 192 GEORGII
991 141 1284 190 SYNCELLI

232 259 508 313 καταστῶμεν
528 257 597 301 καὶ
619 256 697 315 τὴν
715 257 852 316 κρίσιν
871 255 1013 300 αὐτῶν
1031 260 1086 314 τῇ
1103 253 1246 316 χάριτι
1272 251 1540 315 φυλάξωμεν,
1574 258 1643 301 καὶ
1663 263 1754 309 τοῒς

231 329 464 386 ε’λεηθεΐσιν
478 326 554 372 ὑπ’
581 328 723 372 αὐτῶν
737 325 1106 386 χρηστευσώμεθα
1124 326 1152 384 ἢ
1176 327 1254 384 τὴν
1287 328 1423 386 κρίσιν
1444 327 1585 372 αὐτῶν
1607 327 1752 372 ἄδικον

75 406 121 442 V.
139 405 211 443 295
236 397 518 457 ποιησώμεθα
549 400 618 443 καὶ
639 391 899 454 δοκιμαστὰς
916 396 1074 448 αὐτοὺς
1099 402 1177 455 τῆς
1195 399 1358 442 ἐκείνων
1382 396 1551 456 γνώμης
1578 397 1752 456 ἐπιστή-

193 476 376 526 Οσωμεν
405 471 475 514 καὶ
505 469 582 526 τὴν
606 467 880 527 χρηστότητα
911 465 1164 526 λυπήσωμεν
1183 470 1252 512 καὶ
1275 468 1353 526 τὴν
1371 467 1491 522 τάξιν
1513 467 1751 514 ἀνασκευά-

179 594 181 596 ,
231 559 397 597 σωμεν,·
436 544 586 599 σαφῶς
619 539 690 583 διὰ
719 537 883 584 τούτων
914 539 1066 598 ἐλέγχει
1086 539 1165 598 τὴν
1186 537 1394 584 Ναυάτου
1417 542 1782 600 μισανθρωπιάν5

232 610 255 656 ὃ
281 611 390 669 ἱερὸς
411 608 654 662 Διονύσιος.

328 681 408 732 ’Ὀς
427 684 633 732 Ναυᾶτος
652 678 939 738 πρεσβύτερος
956 684 1034 738 τῆς
1047 678 1265 736 Ῥωμαίων
1300 681 1523 739 ἐκκλησίας
1555 679 1614 726 ὢν
1645 680 1754 726 κατὰ

233 750 413 803 τούτους
432 753 479 796 δὲ
500 752 599 804 τοὺς
624 749 808 810 χρόνους
829 756 905 809 τῆς
933 753 1164 809 ἐπισκοπῆς
1195 748 1376 804 ἀναξίως
1407 750 1654 812 ὀρεγόμενος
1685 754 1756 796 καὶ

234 822 457 880 ἀποτυχὼν
489 824 533 868 ἐν
563 822 707 874 ἄλλοις
735 841 780 867 τε
809 820 1056 881 ἀτοπήμασι
1089 824 1444 880 κατεγνωσμε’νοις
1472 822 1660 880 μάλιστα
1681 841 1755 882 φι-

234 895 443 954 λαργυρίᾳ
474 896 543 937 καὶ
573 891 704 950 οἰήσει
735 895 805 938 καὶ
833 895 1035 955 φιλαυτία
1045 927 1060 949 ,
1100 891 1312 954 προφάσει
1334 897 1469 952 δῆθεν
1494 899 1580 939 τῶν
1600 895 1754 939 ἔπιθυ-
1767 902 1800 939 1(

235 964 404 1009 σάντων
434 966 502 1010 ἐπὶ
534 969 595 1025 τῷ
625 963 734 1009 κατὰ
765 965 920 1009 Δέκιον
951 967 1147 1026 διωγμῷ,
1186 967 1256 1008 καὶ
1275 965 1347 1009 διὰ
1363 967 1592 1022 μετανοίας
1611 983 1756 1024 παρα-

235 1036 473 1093 δεχθέντων
493 1037 551 1086 εἲς
572 1036 793 1080 κοινωνίαν
813 1040 866 1095 τῇ
889 1036 1086 1097 ἐκκλησία
1096 1070 1110 1089 ,
1148 1034 1308 1093 ταύτης
1332 1036 1552 1094 ἀπέσχισεν
1573 1036 1758 1094 ἀρχηγὸς

236 1109 304 1150 καὶ
327 1104 598 1165 αἵρεσιάρχης
617 1110 702 1150 τῶν
724 1104 903 1158 ἑαυτοὺς
922 1106 1165 1165 Καθαροὺς
1196 1106 1491 1163 ὀνομαζόντων
1511 1108 1570 1151 δι’
1598 1105 1758 1165 ὑπερή-

237 1195 374 1236 φανον
394 1175 565 1235 γνώμην
589 1177 764 1235 ὀφθεὶς,
804 1179 873 1220 καὶ
894 1177 972 1221 σὺν
995 1177 1139 1229 αὐτοῖς
1162 1178 1365 1230 ἐξωσθεὶς
1394 1183 1473 1223 τοῦ
1495 1180 1757 1235 παραδείσου

200 1253 321 1305 Βτῆς
350 1249 571 1305 ἐκκλησίας
600 1245 738 1309 ψήφῳ
774 1249 968 1308 πατέρων
1003 1246 1133 1307 ἁγίων
1159 1246 1361 1307 ἑξήκοντα
1391 1248 1686 1294 συνελθόντων
1713 1251 1757 1294 ἓν
1771 1258 1800 1294 1ὲ

233 1317 387 1378 Ῥώμῃ.

241 1431 356 1490 Περὶ
384 1432 465 1490 τῆς
494 1429 610 1477 κατὰ
640 1429 864 1478 Ναυάτου
896 1430 1098 1479 συνόδου
1120 1432 1364 1492 γενομένης
1384 1429 1474 1479 ὑπὸ
1495 1433 1759 1492 Κορνηλίου

877 1503 927 1549 ἐν
952 1500 1117 1563 Ῥώμῃ.

346 1591 588 1642 Συνοὸικῶς
611 1588 675 1635 ὅτι
694 1590 801 1647 μετὰ
827 1592 1035 1636 πλείστων
1057 1591 1353 1652 πρεσβυτέρων
1371 1610 1417 1637 τε
1439 1593 1509 1637 καὶ
1532 1588 1753 1646 διακόνων,

241 1661 310 1705 καὶ
331 1665 483 1705 τοῦτον
504 1659 821 1720 ἓκκηρυξάντων
845 1662 924 1707 σὺν
944 1669 1034 1715 τοῖς
1056 1661 1290 1724 ὃμόφροσιν
1311 1661 1631 1723 ἀπανθρώπως,
1658 1663 1758 1715 τοὺς
1769 1672 1800 1709 Ξ(

333 1761 370 1797 2.
394 1755 421 1807 ἢ
447 1757 517 1808 τὴν
540 1780 586 1788 -
609 1759 854 1809 ποιησόμεθα
876 1775 920 1798 ex
936 1763 967 1798 P
986 1766 1225 1800 accesserunt.
1273 1763 1422 1800 Correxi
1439 1761 1694 1811 ποιησώμεθα
1711 1775 1756 1799 ex

334 1808 504 1846 Eusebio.
634 1809 670 1847 4.
703 1809 774 1857 τὴν
801 1810 1058 1858 χρηστότητα]
1095 1810 1167 1857 τὴν
1187 1823 1253 1848 om·
1277 1813 1324 1847 G.
1454 1814 1489 1850 8.
1513 1810 1677 1854 τούτους
1697 1810 1755 1857 δὲ]

334 1854 474 1893 τούσδε
499 1857 548 1892 G.
657 1860 715 1895 11.
741 1859 795 1905 τῷ
818 1879 861 1886 -·
884 1860 1055 1909 διωγμῷ]
1081 1857 1149 1896 τὸν
1167 1880 1210 1886 —
1231 1858 1398 1906 διωγμὸν
1424 1861 1473 1896 G.
1580 1862 1636 1897 12.
1663 1858 1756 1896 οἷπέ-

324 1914 458 1949 -σχισεν
476 1904 549 1940 ΑΡ.
574 1901 778 1952 ἆπέσχισαν
797 1907 846 1942 G.
951 1907 1009 1946 14.
1033 1908 1290 1955 παραδείσσου
1306 1910 1351 1944 Α.
1447 1909 1506 1945 20.
1531 1905 1758 1956 ἐκκηρυξοὲν-

334 1964 413 1988 των
430 1952 471 1987 Ρ.
499 1949 685 2001 ἐκήρυξαν
704 1955 783 1991 ταῖν
802 1955 852 1991 Gr.

244 2032 356 2067 animo
379 2036 417 2069 et
436 2033 472 2069 in
492 2046 594 2070 unam
616 2035 741 2072 ibimus
764 2035 1004 2073 sententiam?
1027 2038 1150 2074 Annon
1175 2050 1295 2074 eorum
1312 2038 1479 2075 iudicium
1500 2037 1618 2084 gratia
1637 2039 1758 2073 nostra

243 2080 397 2115 volemus
415 2082 677 2127 confirmatum,
704 2090 740 2120 et
762 2085 915 2130 benigne
934 2087 978 2120 ab
1002 2085 1055 2120 eis
1073 2086 1203 2121 iamdiu
1230 2087 1402 2134 susceptis
1425 2086 1675 2121 humanitatem
1695 2098 1759 2120 ex‘

243 2126 470 2164 hibebimus?
503 2131 574 2165 Aut
600 2135 699 2167 certe
724 2132 860 2167 irritam
887 2132 1074 2172 reddemus
1102 2146 1222 2170 eorum
1246 2135 1480 2176 sententiam,
1505 2132 1670 2168 iudicium
1696 2145 1758 2168 eo-

241 2185 316 2208 rum
338 2187 507 2212 censurae
525 2182 667 2214 nostrae
687 2180 911 2215 subiiciemus
930 2181 1217 2226 examinandum,
1241 2181 1360 2217 tetrici
1375 2217 1379 2222 ,
1392 2182 1529 2216 illorum
1550 2180 1758 2216 clementiae

243 2220 440 2257 sedebimus
468 2236 630 2260 censores
654 2230 690 2262 et
717 2239 819 2272 quem
838 2227 908 2262 iam
924 2229 1028 2263 rebus
1040 2228 1187 2263 afflictis
1208 2233 1449 2275 apposuerunt
1469 2227 1638 2270 ordinem,
1653 2239 1760 2263 ever-

242 2270 382 2303 temus?
407 2270 536 2306 Verbis
558 2271 756 2310 istiusmodi
774 2274 913 2311 Novati
933 2275 1218 2312 inhumanitatem
1235 2276 1432 2312 luculenter
1448 2274 1537 2310 satis
1558 2275 1676 2322 arguit
1699 2286 1759 2310 sa-

243 2326 305 2352 cer
327 2315 532 2362 Dionysius.

339 2363 505 2400 Novatus
535 2365 605 2402 iste
634 2379 713 2403 cum
731 2380 774 2404 ea
799 2372 1011 2415 tempestate
1029 2369 1203 2405 ecclesiae
1232 2370 1411 2405 Romanae
1436 2371 1624 2416 presbyter
1650 2371 1757 2414 foret,

244 2411 367 2446 summi
386 2411 610 2458 episcopatus
633 2427 702 2460 quo
720 2427 789 2450 non
809 2422 863 2451 est
885 2417 1029 2463 potitus,
1055 2417 1245 2452 ambitione
1262 2418 1456 2453 ferebatur.
1502 2418 1669 2453 Pluribus
1694 2430 1758 2453 au-

245 2462 315 2492 tem
339 2458 542 2497 criminibus
562 2461 735 2497 avaritiae
754 2462 926 2506 nimirum,
951 2463 1207 2500 aestimationis
1225 2468 1262 2499 et
1273 2465 1398 2500 amoris
1418 2465 1555 2512 proprii
1574 2465 1758 2509 obnoxius,

247 2516 366 2541 eorum
387 2506 447 2552 qui
474 2506 510 2542 in
529 2507 632 2543 Decii
656 2510 904 2555 persecutione
925 2511 1215 2547 sacrificaverant
1238 2515 1274 2547 et
1294 2512 1331 2547 in
1352 2512 1523 2548 ecclesiae
1548 2513 1759 2548 communio·-

246 2563 324 2588 nem
348 2553 567 2600 poenitentes
595 2556 740 2591 fuerant
768 2557 902 2603 recepti
932 2562 1141 2605 praetextu,
1167 2561 1211 2594 ab
1241 2571 1284 2594 ea
1310 2572 1350 2595 se
1367 2560 1480 2607 ipsum
1501 2559 1612 2595 voluit
1628 2559 1758 2597 rescis-

247 2611 321 2637 sum
334 2626 344 2642 ‚
372 2601 444 2636 dux
464 2605 499 2636 et
521 2602 671 2649 signifer
688 2603 874 2640 haereseos
893 2605 1005 2641 Puros
1024 2618 1103 2641 sese
1124 2606 1329 2642 iactantium
1350 2608 1444 2643 elato
1463 2606 1651 2654 supercilio
1673 2619 1757 2642 con-

247 2647 392 2682 stitutus
421 2653 458 2683 et
489 2661 566 2686 cum
597 2650 648 2685 eis
677 2662 721 2686 ex
751 2651 922 2687 ecclesiae
952 2653 1117 2699 paradiso
1147 2659 1346 2691 sanctorum
1374 2657 1422 2693 60
1451 2660 1590 2702 patrum
1613 2655 1757 2691 Romam

246 2695 526 2733 convenientium
543 2697 686 2735 decreto
711 2698 877 2746 expulsus
898 2705 965 2736 est.

249 2776 307 2817 De
335 2771 495 2833 synodo
526 2780 721 2822 adversus
751 2782 960 2834 Novasum
990 2785 1066 2824 sub
1098 2785 1288 2826 Cornelio
1318 2785 1470 2826 Romae
1499 2792 1756 2839 congregata.

342 2846 476 2892 Magna
498 2846 782 2897 presbyterorum
810 2855 847 2887 et
876 2851 1100 2888 diaconorum
1127 2854 1327 2900 frequentia
1345 2866 1421 2890 cum
1439 2853 1635 2890 inhumanis
1659 2853 1756 2889 eius-

247 2891 324 2930 dem
349 2896 550 2934 sententiae
565 2898 780 2946 sequacibus
799 2898 982 2937 damnatus
1006 2905 1063 2937 est
1080 2901 1268 2948 Novatus;
1292 2901 1383 2950 lapsi
1403 2913 1490 2938 vero
1515 2902 1647 2938 fratres
1675 2904 1757 2937 acta
