1800 3236
253 201 357 250 202
727 211 980 258 GEORGII
1009 214 1294 261 SYNCELLI

253 317 311 372 ὥς
330 314 459 379 φησιν
477 317 499 364 ὅ
528 318 799 380 Ἀφρικανὸς,
841 321 918 375 ἕως
937 329 1022 369 τῶν
1037 322 1202 383 χρόνων
1222 325 1355 371 αὐτοῦ
1368 323 1616 372 Ἀντὼνίνου
1640 329 1765 385 ἵστο-μ

253 389 398 450 ρήσας.

320 495 323 498 -
353 460 505 517 Ἰακώβ
536 460 793 520 ἆπαρεσθεὶς
819 470 908 514 τοῖς
936 461 1018 506 ὕπὸ
1047 464 1224 519 Συμεών
1260 467 1329 509 καὶ
1366 469 1479 510 Λευὶ
1506 472 1754 526 πραχθεῖσιν

255 532 298 575 ἓν
329 532 516 587 Σικίμοις
546 531 614 574 διὰ
654 533 730 589 τὴν
762 537 838 589 τῆς
867 533 1052 591 ἀδελφῆς
1083 535 1258 593 φθορὰν
1287 537 1344 587 εἷς
1370 537 1470 589 τοὺς
1496 539 1753 596 ἐπιχωρίους,

253 599 409 657 θάψας
439 602 482 645 ἕν
505 603 691 657 Σικίμοις
726 602 798 653 οὓς
827 604 993 662 ε’φὲρετο
1015 604 1144 655 θεοὺς
1164 606 1279 664 παρὰ
1300 606 1376 663 τὴν
1395 608 1552 666 πέτραν
1573 607 1653 652 ὑπὸ
1675 610 1787 666 τὴν5

252 672 504 727 θαυμασίαν
534 672 799 730 τερέβινθον,
839 673 930 729 ἥτις
959 674 1079 732 μέχρι
1107 680 1182 719 νῦν
1215 678 1272 728 εἷς
1300 677 1425 734 τιμὴν
1443 683 1526 722 τῶν
1545 697 1753 738 πατριαρο

249 746 338 799 χῶν
354 739 435 785 ὕπὸ
466 746 550 786 τῶν
578 742 878 801 πλησιοχώρων
906 749 1100 801 τιμᾶται,
1138 752 1315 805 μετῆρεν
1335 750 1393 799 εἷς
1413 747 1610 806 Βαιθήλ·
1647 749 1753 793 ταύ-

250 829 328 868 της
347 812 464 870 παρὰ
483 813 665 870 πρέμνον
681 814 827 869 βωμὸς
843 810 895 871 ἦν
904 848 918 868 ,
960 814 1016 866 ὥς
1034 833 1163 873 φησιν
1189 815 1210 861 ὅ
1227 818 1500 875 Ἀφρικανὸς,
1539 824 1616 877 τῆς
1638 838 1753 878 τερε-

252 884 431 938 βιζνθου,
472 874 543 941 ἔφ’
581 882 628 927 ὃν
656 884 733 934 τὰς
762 885 926 936 ε’κτενάς
960 885 1160 944 ἀνέφερον
1192 889 1234 931 ἓν
1265 896 1357 939 ταῖς
1394 887 1648 949 πανηγύρεσι
1677 895 1754 948 τῆς

95 951 136 987 P·
163 950 231 988 108
250 950 395 1010 χώρας
429 952 600 1007 ἔνοικοι,
637 951 664 1009 ἦ
696 954 738 997 δ’
772 955 821 998 οὗ
852 959 1088 1000 κατεκαίετο
1125 960 1310 1002 ὁόκοῖσα
1342 961 1595 1018 πίπρασθαι.
1634 961 1752 1019 παρὰ
1766 974 1800 1009 1(

248 1021 408 1080 ταύτην
439 1021 460 1066 ὅ
495 1021 631 1081 τάφος
650 1024 843 1083 Ἀβραὰμ
875 1028 943 1068 καὶ
962 1026 1115 1072 Ἰσαάκ.
1155 1031 1260 1086 φασὶ
1281 1029 1330 1072 δέ
1343 1047 1450 1081 τινες
1469 1029 1630 1089 ῥάβδον
1650 1030 1757 1075 εἶναι’

249 1111 362 1144 τινος
390 1097 476 1138 τῶν
504 1094 837 1146 ἕπιξενωθέντων
859 1096 1040 1153 ἀγγέλων
1063 1103 1123 1158 τῷ
1147 1099 1340 1157 Ἀβραὰμ
1370 1106 1654 1159 φυτευθεῖσαν
1672 1101 1753 1145 αὗ-
1786 1161 1789 1164 ‚

249 1161 365 1209 τόθι.
1727 1186 1729 1189 ⁴

818 1256 909 1313 Τῆς
937 1257 981 1298 Γ
976 1254 1169 1308 ενὲσεως.

355 1341 429 1398 Τῷ
451 1335 588 1382 Ἡσαῦ
621 1336 700 1398 ἔφη
726 1340 769 1384 ἔν
800 1348 893 1392 ταῖς
922 1341 1124 1399 εὐλογίαις
1157 1340 1179 1386 ὅ
1211 1340 1378 1398 Ἰσαὰκ,
1418 1342 1534 1389 ἕσται
1557 1346 1603 1389 δὲ
1627 1344 1748 1402 ἡνίκα
1763 1359 1800 1395 15

247 1406 298 1451 ἂν
323 1409 508 1467 καθέλῃς
527 1411 596 1452 καὶ
619 1409 792 1469 ἐκλύσῃς
815 1411 889 1455 τὸν
912 1412 1031 1470 ζυγὸν
1054 1413 1185 1457 αὐτοῦ
1214 1412 1298 1457 ἀπὸ
1319 1419 1395 1458 τοῦ
1416 1414 1629 1474 τραχήλου
1654 1434 1745 1462 σου.

247 1475 566 1540 [πλημμελήσῃς
582 1481 639 1532 εἷς
655 1479 881 1543 θάνατον]

857 1577 1124 1639 Ἰωσήππου.

352 1668 429 1725 Τῷ
460 1662 547 1724 ρνγ’
575 1665 653 1711 ἴτει
682 1672 759 1711 τοῢ
783 1667 928 1713 Ἰσαὰκ
958 1669 1195 1726 ἐπανῆλθεν
1216 1668 1371 1725 Ἰακώβ
1389 1669 1494 1727 πρὸς
1515 1669 1642 1715 αὗτόν
1663 1670 1746 1716 ἀπὸ

335 1754 371 1789 7.
413 1752 593 1791 ἐντεῦθεν
622 1757 779 1803 μετῆρεν
817 1769 861 1791 m.
977 1756 1122 1805 βαιθὴλ
1151 1757 1195 1792 Β.
1240 1755 1369 1803 Βεθήλ
1400 1758 1447 1792 G.
1566 1759 1600 1794 8.
1642 1759 1747 1805 παρᾶ

334 1802 525 1847 πραίμνον
549 1803 590 1839 Β.
623 1803 729 1849 παρὰ
756 1802 800 1840 vd
826 1804 992 1850 πρέμνον
1016 1806 1062 1839 G.
1179 1807 1234 1840 10.
1270 1806 1488 1852 πιπροῖσθαι
1512 1807 1560 1842 G.
1596 1809 1745 1854 πηπροῖ-

335 1851 431 1884 σθαι
455 1850 496 1883 Β.
521 1852 767 1897 πιμπρᾶσθαι
790 1863 834 1887 m.
951 1854 1007 1888 12.
1034 1850 1286 1899 φυτεύθησαν
1306 1853 1349 1887 Β.
1462 1853 1518 1889 14.
1543 1855 1745 1900 Γενέσεως]

334 1894 496 1938 XXVII,
521 1896 578 1933 40.
701 1900 757 1935 15.
792 1895 893 1945 ἦσαῦ
920 1899 962 1934 Β.
997 1901 1092 1935 Ισαῦ
1124 1901 1172 1935 G.
1291 1901 1348 1936 16.
1384 1897 1545 1944 ἐκλύσεις
1576 1903 1650 1938 ΑΒ.

335 1944 392 2027 ΞΖ.
401 1943 676 2026 ἔλημμελήσῃς
696 1947 751 1989 εἰς
773 1945 948 1983 θάνατον
971 1947 1111 1983 seclusi.
1227 1947 1283 1985 19.
1311 1945 1386 1983 ἔτει
1402 1958 1468 1985 om.
1488 1949 1537 1985 G.
1650 1945 1746 2007 ἄπο]

242 2060 418 2107 potatoris
434 2063 591 2108 tempora
609 2067 785 2099 servatum
806 2064 951 2099 fulmine
973 2064 1146 2099 deiectum
1170 2067 1247 2109 est,
1279 2067 1318 2101 ut
1345 2065 1448 2102 testis
1477 2069 1532 2102 est
1545 2067 1745 2111 Africanus,

242 2107 301 2154 qui
320 2108 363 2142 ad
380 2108 557 2154 imperium
577 2122 686 2156 usque
704 2111 871 2147 Antonini
890 2111 1035 2146 deduxit
1055 2112 1250 2147 historiam.

336 2155 518 2191 'l'ristatus
534 2156 639 2192 Iacob
660 2159 705 2194 de
721 2159 829 2193 caede
848 2158 1074 2194 Sichimorum
1088 2171 1110 2194 a
1128 2159 1301 2206 Symeone
1319 2163 1356 2195 et
1375 2159 1463 2195 Levi
1481 2161 1612 2196 sororis
1629 2161 1744 2199 Dinae

242 2204 397 2247 stuprum
426 2202 550 2237 ulturis
572 2209 793 2251 perpetrata,
818 2218 893 2241 cum
922 2205 1054 2253 patrios
1080 2205 1172 2241 illius
1198 2207 1314 2253 gentis
1336 2207 1420 2242 deos
1447 2219 1467 2242 a
1485 2208 1558 2243 suis
1581 2208 1649 2243 coli
1674 2221 1744 2244 non

241 2249 374 2292 ferret,
400 2249 443 2284 ad
461 2253 594 2295 petram
619 2253 682 2287 sub
699 2253 847 2288 mirabili
873 2253 1091 2295 terebintho,
1116 2265 1206 2299 quae
1224 2265 1334 2300 usque
1351 2254 1387 2289 in
1404 2254 1496 2301 hunc
1516 2255 1606 2289 diem
1625 2255 1669 2290 ab
1686 2256 1744 2290 in-

242 2296 329 2331 colis
346 2295 383 2331 in
398 2297 527 2334 honore
544 2302 618 2340 est,
643 2299 826 2335 simulacra
852 2303 978 2335 cuncta
1004 2299 1171 2347 sepelivit
1194 2313 1236 2336 ac
1256 2300 1337 2336 inde
1364 2301 1528 2347 migravit
1546 2302 1582 2336 in
1607 2302 1743 2339 Bethel.

242 2343 334 2379 Ante
357 2344 548 2379 terebinthi
581 2345 683 2381 istius
710 2347 864 2393 stipitem
891 2351 969 2382 erat
999 2351 1212 2383 exstructum
1243 2347 1375 2391 altare,
1401 2348 1524 2383 scribit
1540 2349 1742 2398 Africanus,

243 2389 290 2424 ad
315 2388 409 2435 quod
431 2395 612 2437 protensas
632 2398 667 2428 et
684 2394 830 2430 humiles
849 2407 893 2430 ex
911 2394 1080 2430 ecclesiae
1102 2407 1196 2430 more
1213 2406 1337 2441 preces
1364 2394 1612 2431 celebrioribus
1637 2397 1742 2431 festis

242 2441 281 2471 et
301 2437 418 2483 populi
436 2439 664 2474 conventibus
681 2441 876 2477 fundebant
907 2441 1063 2488 regionis
1089 2442 1246 2486 incolae3
1270 2442 1489 2478 terebinthus
1513 2447 1627 2479 autem
1657 2443 1744 2479 licet

242 2483 403 2527 arderet,
427 2484 513 2519 nihil
528 2488 642 2521 tamen
661 2487 775 2523 damni
797 2489 1010 2536 patiebatur.

335 2530 392 2567 Ad
419 2543 494 2577 eam
521 2533 695 2570 Abraham
723 2539 759 2570 et
787 2536 887 2570 Isaac
909 2536 1070 2583 sepulcra
1099 2536 1227 2582 posita.
1276 2536 1443 2571 Baculum
1473 2536 1576 2572 unius
1606 2548 1650 2571 ex
1678 2548 1742 2573 au-

241 2577 332 2661 gffiis
353 2577 506 2625 hospitio
528 2581 684 2628 receptis
713 2583 759 2618 ab
778 2583 954 2618 Abraham
980 2583 1057 2619 eius
1083 2583 1134 2620 ibi
1158 2595 1261 2620 manu
1289 2583 1480 2632 plantatum
1501 2584 1640 2631 quidam
1661 2596 1742 2621 esse

241 2637 266 2662 a
307 2630 430 2662 rmant.

852 2690 917 2730 Ex
947 2691 1106 2732 Genesi.

333 2758 432 2793 Inter
456 2755 719 2793 benedictiones
741 2757 840 2792 Esau
870 2758 1071 2794 enunciavit
1095 2758 1198 2796 istam
1215 2759 1337 2796 hanc:
1367 2757 1486 2796 veniet
1508 2760 1646 2805 tempus
1668 2768 1739 2805 quo

241 2805 400 2841 excutias
418 2808 455 2841 et
473 2805 589 2840 solvas
606 2804 726 2850 iugum
750 2804 795 2840 de
810 2804 1007 2842 cervicibus
1026 2806 1107 2842 tuis.

851 2878 917 2919 Ex
946 2878 1030 2919 Iose
1060 2878 1132 2919 ho.

330 2945 429 2981 Anno
451 2945 566 2994 patris
583 2945 686 2983 Isaac
703 2946 773 2984 153
794 2945 902 2982 Iacob
923 2945 969 2982 ad
985 2893 1061 2983 eug
1089 2959 1110 2983 e
1132 2946 1387 2996 Mesopotamia
1404 2946 1568 2984 reversus
1599 2947 1674 2988 est,
1702 2946 1739 2980 et
