1754 3236
159 172 239 221 ‘64
664 170 914 219 GEORGII
943 167 1232 217 SYNCELLI

175 292 285 351 ρεθῇ
302 291 356 349 τῇ
384 274 541 348 γραφῇ.
577 283 696 344 ἡμεῖς
718 284 764 329 δὲ
784 282 913 328 αὐτὸν
935 285 1097 340 μᾶλλον
1119 274 1417 337 ἀποδεχόμεθα
1434 276 1498 336 μὴ’
1522 282 1679 335 συμβι-

135 360 372 419 1)ῥ’άσαντα
399 358 449 403 τὸ
476 359 635 415 ψεῦδος
665 359 718 415 τῇ
751 354 944 415 ἀληθείᾳ.
990 350 1249 408 πολυμαθὴς
1273 349 1354 409 γὰρ
1383 348 1443 394 ὢν
1466 350 1537 393 καὶ
1559 349 1681 401 εἰδώς

171 429 422 481 Χαλδαίους
461 428 538 486 μὲν
577 426 774 485 ἀπείρους
817 426 985 478 αἰῶνας
1007 426 1084 480 τῆς
1114 422 1390 478 κοσμογονιάς
1423 416 1678 478 εῗσάγοντας,

165 488 371 559 Ἓλληνας
400 500 446 543 δὲ
478 499 549 542 καὶ
563 497 825 555 Αἰγυπτίους
852 495 895 539 ἒν
921 494 1048 539 εἴκοσι
1072 492 1191 537 πέντε
1218 489 1429 550 περιόδοις
1461 491 1567 535 ἐτῶν
1595 494 1681 535 τῶν

172 571 258 617 ἀπὸ
283 567 438 633 ,αυξαᾏ
476 568 569 626 ἤτοι
597 569 639 612 ἐν
660 564 722 618 λς’
737 563 894 623 χιλιάσι
917 566 986 609 καὶ
1006 561 1097 623 φκε’
1117 562 1196 620 τὴν
1227 561 1431 619 κοσμικὴν
1463 558 1711 606 rinnand-5

173 659 323 688 στασιν
355 641 546 699 γίνεσθαι
574 637 792 696 λέγοντας,
830 635 958 694 ἤγουν
995 634 1077 679 ἀπὸ
1109 634 1283 691 σημείου
1315 635 1373 685 εἷς
1398 639 1571 690 σημεῖον
1604 635 1680 677 τοῦ

173 713 358 773 οὐρανοῦ
378 711 454 768 τὴν
477 705 817 753 ἀποκατάστασιν
825 741 839 762 ,
879 705 936 758 ὥς
956 707 1000 750 ἓν
1018 713 1106 756 τοῖς
1124 711 1297 763 γενικοΐς
1313 702 1469 763 Ἑρμοῦ
1495 705 1564 748 καὶ
1586 710 1683 755 ταῖς

177 783 390 842 κυραννίσι
410 781 593 840 φέρεται,
631 776 783 824 τούτου
799 775 925 836 χάριν
940 775 1131 836 περιττὸν
1148 773 1336 833 ἡγήσατο
1359 774 1436 826 τὰς
1457 774 1685 832 ἀλλοτρίας

178 852 306 906 δόξας
343 851 654 910 ἀλληγορῆσαι,
693 847 750 901 ὡς
787 848 902 893 ἔοικε,
958 848 1197 906 μέμφονται
1238 846 1284 890 δὲ
1331 844 1461 890 αἰτόν
1491 846 1534 888 ἓν
1567 844 1683 905 ἄλλῳ

168 924 291 982 ’μέρει
312 920 503 980 εὐλόγως,
543 919 607 965 ὅτι
638 921 681 964 ἔν
701 924 753 979 τῇ
775 915 1133 978 ἀνακεφαλαιώσει
1153 921 1229 961 τοῦ
1246 916 1581 976 χρονογραφείου
1603 915 1684 959 αῧ-
1696 920 1743 959 10

116 1036 118 1038 ,
177 998 255 1039 τοῦ
286 991 363 1039 ‹5¹7‘
395 992 466 1049 ἔτη
492 989 668 1051 ἐσφάλη.
712 989 805 1035 ἀντὶ
832 990 913 1048 γὰρ
946 986 1066 1051 ‘tang'
1087 985 1229 1050 ,ecpugss
1267 988 1523 1043 ἐστοιχείωσε
1544 987 1590 1030 δὲ
1610 984 1685 1031 οὕ-

40 1074 85 1112 P.
105 1075 156 1113 36
178 1079 283 1116 τως·
318 1063 402 1108 ἀπὸ
427 1062 563 1119 Ἀδὰμ
582 1062 659 1113 ἕως
680 1065 756 1118 τῆς
779 1058 1005 1119 γεννήσεως
1021 1059 1217 1117 Ἀβραὰμ
1245 1060 1420 1116 συνῆξεν
1439 1057 1510 1114 ἔτη
1529 1054 1683 1120 ,γρπὸζ

176 1137 251 1181 καὶ
278 1134 366 1179 ἀπὸ
392 1133 587 1192 Ἀβραὰμ
619 1132 696 1183 ἕως
724 1135 802 1189 τῆς
839 1132 1172 1189 εἷκοσαετηρίδος
1194 1130 1521 1174 Κωνσταντίνου
1553 1129 1597 1173 ἐν
1623 1132 1686 1189 τῷ

177 1205 291 1251 κατὰ
319 1202 477 1255 πλάτος
509 1206 658 1260 συνῆξε
693 1200 849 1261 χρόνον
878 1203 983 1246 ἐτῶν
1019 1198 1174 1262 stvptss'.
1212 1199 1240 1244 ἃ
1271 1201 1424 1257 γίνεται
1444 1199 1515 1256 ἔτη
1539 1195 1683 1261 ‘apud-

177 1266 214 1334 ἦ
237 1266 284 1320 δὲ
302 1272 476 1332 τοιαύτη
505 1271 740 1333 παράνοια,
778 1274 907 1332 φησὶν
941 1269 962 1317 ὃ
986 1270 1220 1326 Ἀννιανὸς,
1261 1271 1306 1314 ἐκ
1331 1274 1407 1315 τοῦ
1430 1270 1684 1314 ἀνακυκλευ-
1698 1278 1744 1315 15

177 1350 295 1391 τικοῧ
327 1343 460 1402 τόμον
490 1348 565 1389 τοῦ
594 1342 738 1400 πάσχα
769 1343 998 1401 ἐλέγχεται,
1036 1341 1130 1400 ἤτοι
1159 1343 1204 1385 ἐκ
1231 1345 1308 1385 τοῦ
1327 1339 1503 1398 ἡλιακοῦ
1531 1338 1686 1385 κύκλου

177 1421 263 1462 τῶν
295 1413 396 1475 φλβ
428 1416 545 1460 ἐτῶν.
584 1416 642 1466 εἷς
670 1418 806 1458 ταῦτα
833 1413 915 1473 γὰρ
942 1411 1225 1464 ἄναλῦσαντες
1246 1411 1302 1456 τὰ
1325 1409 1455 1474 ἐφκς’
1473 1411 1544 1469 ἔτη
1574 1410 1687 1471 εὑρί-

174 1502 331 1543 σκομεν
361 1484 582 1545 περιόδους
616 1484 716 1529 δέκα
747 1486 817 1528 καὶ
848 1484 976 1528 λοιπὰ
1007 1483 1077 1541 ἔτη
1110 1481 1198 1535 σς’·
1235 1487 1372 1527 ταῦτα
1397 1481 1687 1541 εἴσαγαγόντες

177 1559 237 1609 εἷς
266 1557 341 1601 τὸν
368 1560 444 1600 τοῦ
480 1553 624 1612 πάσχα
653 1550 1055 1611 τόμονᾶκόλουθον
1079 1552 1321 1614 εὑρίσκομεν
1337 1553 1415 1611 τὴν
1439 1551 1495 1602 ιδ’
1519 1558 1596 1611 τῆς
1616 1569 1686 1598 σε-

174 1625 306 1686 λῷνης
318 1628 387 1672 καὶ
405 1626 482 1685 τὴν
494 1623 780 1683 ἄναστάσιμον
799 1623 960 1685 ἡμέραν
978 1625 1056 1683 τὴν
1067 1624 1270 1685 κυριακὴν
1288 1628 1349 1687 τῷ
1370 1621 1505 1687 lamed.
1544 1621 1687 1669 ὥσαύ-
1697 1629 1746 1666 20

271 1737 307 1777 4.
333 1737 427 1776 ἐτῶν
443 1750 487 1776 m.
512 1737 607 1777 ἑτῶν
621 1737 797 1786 λέγοντας
820 1738 870 1775 G.
946 1741 982 1777 6.
1006 1733 1130 1787 ἤγουν
1145 1749 1190 1774 ιιι.
1215 1735 1335 1784 ἤγουν
1350 1733 1376 1784 ἢ
1403 1738 1452 1774 G.
1547 1738 1583 1774 9.
1616 1734 1689 1774 αὖ·

270 1786 356 1833 τὸν]
383 1786 474 1822 Vide
489 1787 681 1823 Eusebium
701 1787 730 1831 Ι,
757 1788 814 1823 18.
837 1799 875 1833 p.
894 1787 956 1824 90.
1054 1789 1113 1824 11.
1138 1784 1268 1833 fimus]
1294 1783 1403 1833 ,εφις’
1428 1784 1550 1832 vulgo.
1578 1782 1687 1833 ἔγροι-

272 1841 349 1880 ψεν
371 1831 483 1883 ,εφκὲ
509 1847 554 1870 m.
641 1836 698 1871 13.
720 1835 941 1881 -ετερίδος
959 1834 1001 1870 Α.
1100 1835 1158 1872 15.
1189 1831 1398 1878 Ἀννιανὸς]
1426 1832 1624 1875 αἰννιᾶνος
1640 1834 1686 1869 Α.

274 1881 478 1923 Αἰννιοὲνος
500 1883 550 1917 G.
583 1879 768 1925 Αννιοὶνος
787 1893 832 1917 ιιι.
926 1882 985 1919 16.
1009 1879 1130 1928 τόμον
1150 1882 1194 1918 Α.
1217 1880 1358 1929 χρόνον
1375 1880 1423 1916 G.
1519 1881 1578 1918 18.
1610 1883 1688 1918 λοι-

274 1927 332 1966 ποὶ
352 1931 384 1966 Α
399 1934 439 1965 et
455 1941 500 1965 m.
525 1927 659 1967 λοιπὸν
677 1930 734 1966 G..
821 1930 881 1966 20.
904 1930 973 1979 τῷ]
997 1928 1046 1967 τοὶ
1069 1941 1114 1966 ιιι.

182 2035 280 2066 nem,
303 2027 344 2059 ut
365 2022 504 2069 integre
522 2023 718 2071 scripturae
737 2023 952 2071 respondere
973 2023 1250 2071 comperiantur,
1274 2022 1370 2070 ipsi,
1392 2025 1433 2059 ut
1458 2021 1687 2070 praemissum

183 2076 260 2114 est,
282 2071 471 2106 ediderint.
517 2072 595 2107 Nos
622 2083 705 2106 sane
725 2071 905 2107 laudamus
925 2073 1115 2108 Eusebium
1136 2072 1271 2118 potius,
1297 2071 1358 2118 qui
1375 2071 1591 2107 mendacium
1622 2083 1687 2107 ve—

183 2117 285 2154 ritati
302 2130 373 2153 non
391 2118 551 2153 adstruit.
586 2118 651 2153 Ille
668 2118 839 2165 siquidem
850 2131 914 2154 ceu
925 2120 1026 2155 varia
1042 2120 1243 2167 praeclarus
1263 2118 1470 2162 eruditione,
1490 2130 1566 2154 cum
1576 2118 1687 2153 Chal-

183 2165 292 2201 daeos
311 2165 467 2200 infinitos
487 2177 509 2201 a
528 2165 645 2201 mundi
664 2166 837 2202 natalibus
858 2178 965 2202 annos
983 2167 1176 2210 intrudere,
1199 2166 1394 2213 Aegyptios
1412 2178 1496 2201 vero
1514 2178 1556 2201 ac
1568 2166 1687 2201 Grae-

186 2224 248 2247 cos
268 2212 397 2258 viginti
428 2212 579 2259 quinque
607 2224 771 2248 annorum
797 2214 1096 2258 revolutionibus,
1130 2226 1276 2262 quarum
1307 2213 1468 2260 singulae
1490 2211 1594 2256 1461,
1619 2214 1687 2248 hoc

185 2263 243 2294 est
265 2270 380 2295 omnes
398 2258 497 2295 simul
520 2259 668 2306 triginta
692 2272 754 2295 sex
786 2261 935 2296 millibus
958 2274 1001 2297 ac
1030 2262 1229 2317 quingentis
1262 2260 1387 2308 viginti
1411 2260 1563 2307 quinque
1586 2261 1688 2296 annis

182 2307 476 2350 terminarentur,
499 2307 619 2342 mundi
637 2308 912 2354 reparationem,
944 2309 1101 2355 intellige
1120 2321 1142 2344 a
1168 2308 1257 2344 caeli
1275 2313 1403 2355 puncto
1426 2308 1509 2344 dato
1529 2308 1568 2347 in
1594 2307 1688 2343 idem

183 2358 350 2400 punctum
364 2354 538 2397 reditum,
562 2358 603 2388 ut
621 2354 659 2388 in
678 2356 846 2391 Mercurii
866 2356 1012 2391 Genicis
1029 2362 1065 2391 et
1086 2356 1346 2402 Cyrannidibus
1363 2356 1487 2398 fertur,
1510 2354 1590 2390 fieri
1607 2366 1687 2390 con-

183 2404 320 2436 stanter
337 2412 540 2436 asseverare
569 2401 866 2447 deprehenderet:
891 2404 995 2438 huius
1021 2405 1138 2450 gratia
1158 2403 1300 2439 dissitas
1327 2415 1350 2438 a
1373 2403 1474 2438 nobis
1492 2403 1688 2450 opiniones,

181 2446 219 2482 in
238 2447 425 2494 figuratum
442 2459 579 2483 sensum
595 2448 807 2493 deflectere,
831 2451 1037 2493 absurdum,
1061 2455 1100 2486 ut
1125 2451 1270 2498 opinor,
1294 2450 1475 2488 iudicavit.
1524 2450 1606 2486 Non
1631 2448 1686 2484 in-

180 2494 276 2530 iuria
307 2506 392 2530 vero
411 2494 480 2530 alio
502 2496 579 2530 loco
605 2496 791 2532 conciliant
808 2497 918 2532 eidem
937 2498 1126 2541 invidiam,
1150 2498 1243 2545 quod
1261 2498 1362 2534 annis
1381 2498 1452 2534 290
1470 2497 1508 2532 ἰιι
1527 2497 1687 2532 Chrono-

181 2541 355 2588 graphiae
377 2553 507 2577 summa
523 2543 722 2586 aberravit,
748 2549 785 2579 et
806 2545 901 2582 5816
927 2545 1027 2588 vice,
1052 2546 1237 2592 scripserit
1258 2547 1363 2583 5526.
1411 2544 1474 2579 Sic
1488 2549 1605 2579 autem
1619 2555 1686 2578 nu-

181 2599 312 2624 merum
327 2588 388 2624 ille
408 2589 568 2636 digessit.
603 2591 656 2625 Ab
671 2591 803 2626 Adamo
824 2592 869 2626 ad
889 2593 1052 2628 Abrahae
1070 2592 1230 2628 natalitia
1247 2591 1355 2635 3184,
1381 2595 1418 2627 et
1437 2593 1481 2626 ab
1491 2592 1686 2627 Abrahamo

182 2635 230 2671 ad
249 2635 447 2674 vicesimum
468 2648 580 2682 usque
597 2637 820 2672 Constantini
838 2650 962 2674 annum
981 2640 1143 2675 diffusius
1166 2641 1331 2687 exposita
1355 2639 1551 2686 posteriore
1570 2639 1686 2673 Chro-

182 2682 254 2718 nici
274 2683 329 2717 sui
345 2688 448 2730 parte
475 2682 571 2720 2342
595 2695 701 2719 annos
723 2684 884 2731 collegit,
909 2698 1051 2732 quorum
1069 2687 1217 2722 omnium
1236 2698 1366 2722 summa
1385 2690 1441 2721 est
1460 2686 1564 2722 5526.
1597 2685 1687 2720 Hal-

179 2730 405 2771 lucinationis
425 2735 539 2766 autem
566 2742 670 2766 causa
690 2743 734 2766 ex
751 2733 910 2768 revoluto
929 2734 1113 2769 paschatis
1131 2735 1246 2782 spatio
1258 2760 1269 2778 ,
1296 2734 1361 2769 hoc
1380 2738 1436 2768 est
1453 2744 1496 2767 ex
1512 2733 1595 2775 532,
1621 2744 1686 2767 an-

182 2789 304 2813 norum
323 2777 428 2813 solari
444 2777 574 2814 circulo
592 2778 774 2824 arguitur,
798 2779 913 2826 inquit
933 2781 1121 2816 Annianus.
1169 2781 1211 2816 In
1240 2781 1433 2828 quingenta
1450 2779 1623 2826 siquidem
1649 2782 1688 2814 et

181 2823 332 2870 triginta
362 2825 430 2860 duo
460 2825 492 2860 si
517 2825 612 2862 5526
642 2825 941 2870 distribuerimus,
976 2828 1093 2873 cyclos
1133 2828 1331 2864 huiusmodi
1362 2827 1482 2862 decem
1514 2839 1556 2862 ac
1590 2827 1688 2862 insu-

182 2883 248 2919 per
279 2871 349 2909 206
364 2873 599 2919 reperiemus;
623 2872 687 2907 hos
709 2871 831 2908 sicum
850 2873 1014 2909 Paschali
1035 2875 1157 2910 tabula
1178 2874 1444 2917 contulerimus,
1467 2874 1504 2909 in
1519 2873 1687 2909 decimum

181 2923 342 2966 quartum
364 2919 470 2956 lunae
497 2924 535 2956 et
564 2918 769 2956 dominicum
793 2921 1062 2958 resurrectionis
1087 2922 1179 2959 diem
1206 2927 1459 2969 consequenter
1484 2921 1687 2958 incidemus.
