1800 3236
504 220 1033 268 CHRONOGRAPHIA.
1444 215 1547 264 387

53 338 156 388 δους
185 318 424 392 μετήγαγεν.
466 330 697 390 Ἀσσυρίων
725 332 772 376 δὲ
802 330 978 388 βασιλέα
1009 328 1236 387 κατέστησε
1260 328 1440 374 Βέλεσυν
1464 329 1546 375 ὕπ’

54 406 184 450 αὐτὸν
211 400 417 462 δηλονότι.
455 404 526 447 καὶ
555 397 669 446 οὗτοι
691 400 837 446 λοιπὸν
857 398 966 459 ἦσαν
995 400 1104 445 κατὰ
1117 399 1318 456 διαδοχὴν
1336 398 1418 444 ὑπὸ
1441 399 1548 459 Μή-

55 479 157 527 δους
175 471 427 532 τεταγμένοι,
451 470 508 524 ὥς
524 490 608 517 τισι
629 474 753 526 δοκεῖ,
765 473 842 523 ἕως
859 477 935 516 τοῦ
950 469 990 528 η’
1010 470 1217 527 βασιλέως
1230 470 1463 528 Ἀσσυρίων
1483 474 1552 514 καὶ

55 545 227 603 Μήδων
244 543 431 601 Δαρείου
451 546 529 586 τοῦ
551 544 618 586 καὶ
635 539 902 600 Ἀστυάγους,
927 541 975 586 ὃν
993 545 1139 598 Κῦρος
1155 539 1349 584 καθελὼν
1368 539 1425 591 εἷς
1435 541 1552 596 Πέρ-

24 626 137 667 5σας
181 614 260 672 τὴν
298 613 515 670 βασιλείαν
552 611 819 670 μετήνεγκεν,
859 611 916 663 ὥς
941 628 1048 656 τισιν
1084 612 1236 662 ἔδοξεν.
1281 610 1417 669 ἕτεροί
1446 626 1551 669 φασι

54 685 163 742 μετὰ
192 680 560 743 Σαρδανάπαλλον
595 687 800 741 κρατῆσαι
823 684 890 725 καὶ
909 686 985 739 τῆς
997 681 1229 739 Ἀσσυρίων
1249 679 1381 737 ἀρχῆς
1402 683 1549 734 Νίνον,

55 754 115 807 ὥς
148 772 231 799 που
264 755 333 798 καὶ
362 750 549 811 Κάστωρ
571 753 624 810 Ιἐν
645 757 705 812 τῷ
727 750 869 796 κανόνι
897 751 1028 795 αὐτοῦ
1049 766 1178 809 φησιν
1202 744 1307 794 ὦδε·
1342 748 1554 808 Πρώτους
1573 760 1613 796 P.
1637 761 1708 800 206

55 826 132 882 μὲν
162 820 237 869 οὖν
268 822 370 874 τοὺς
393 822 626 881 Ἀσσυρίων
655 826 842 877 βασιλεῖς
874 819 1180 877 κατετάχαμεν,
1217 819 1295 877 τὴν
1319 821 1396 876 μὲν
1422 820 1557 880 ἀρχὴν

56 894 140 940 ἀπὸ
160 889 311 951 Βήλου
337 892 635 949 πεποιημένους
644 913 663 945 ,·
694 896 754 951 τῷ
776 893 821 935 δὲ
842 891 894 934 τὰ
916 895 993 948 τῆς
1010 891 1227 947 βασιλείας
1246 889 1377 934 αὐτοῦ
1400 890 1471 948 ἔτη
1494 891 1555 948 μὴ

0 962 381 1023 1οπαραδεδόσθαι
402 966 550 1022 σαφῶς
568 967 644 1006 τοῦ
674 962 752 1018 μὲν
778 959 987 1017 ὀνόματος
1021 957 1359 1017 μνημονεύομεν,
1398 960 1476 1017 τὴν
1510 962 1556 1004 δὲ

58 1035 191 1094 ἀρχὴν
219 1038 295 1090 τῆς
306 1033 619 1090 χρονογραφίας
639 1031 721 1075 ἀπὸ
741 1031 875 1075 Νίνου
898 1029 1189 1087 πεποιήμεθα,
1228 1031 1297 1073 καὶ
1321 1028 1557 1087 καταλήγο-

56 1123 133 1161 μεν
171 1105 236 1151 ἐπὶ
254 1105 387 1147 »Νίνον
415 1102 490 1147 τὸν
519 1100 812 1157 διαδεξάμενον
841 1101 918 1158 τὴν
942 1101 1161 1157 βασιλείαν
1189 1098 1305 1158 παρὰ
1327 1099 1566 1159 Σαρδαναὲ

57 1173 234 1219 πάλλου.
273 1173 315 1217 ἐκ
353 1172 399 1216 δὲ
425 1176 510 1216 τῶν
530 1173 572 1215 ἐν
592 1176 645 1230 τῇ
667 1173 766 1233 θείᾳ
787 1175 931 1229 γραφῇ
946 1170 1317 1228 μνημονευομένων
1336 1168 1557 1226 ὀνομάτων

58 1246 281 1304 φαίνονται
311 1248 422 1300 τρεῖς
450 1241 575 1300 ἀρχαὶ
601 1241 682 1299 π·ρό
703 1246 779 1299 τῆς
798 1239 946 1300 Κύρου
964 1243 1182 1297 βασιλείας
1197 1239 1304 1296 μετὰ
1328 1239 1559 1298 Σαρδανά-

3 1328 46 1364 15
59 1319 233 1360 παλλον.
273 1313 351 1364 ἕως
368 1312 447 1370 γὰρ
474 1310 627 1356 τούτου
650 1309 773 1369 λόγος
791 1311 1194 1370 κρατεῖἈσσυρίους
1215 1310 1355 1369 ἄρχειν
1374 1315 1459 1354 τῶν
1481 1309 1557 1354 δύο

57 1384 227 1438 λοιπὸν,
266 1382 368 1440 λέγω
399 1382 451 1438 δὴ
475 1380 642 1439 Μήδων
663 1384 731 1425 καὶ
751 1382 1007 1436 Χαλδαίων,
1044 1381 1151 1437 μετὰ
1176 1382 1221 1425 δὲ
1241 1374 1594 1438 Σαρδανάπαλ-Β

58 1458 133 1499 λον
156 1454 256 1497 ποτὲ
273 1454 350 1509 μὲν
374 1450 559 1509 Μήδους
581 1451 720 1510 ἄρχειν
740 1456 825 1495 τῶν
839 1451 1086 1510 Ἀσσυρίων,
1110 1452 1213 1495 ποτὲ
1234 1452 1279 1494 δὲ
1297 1451 1558 1501 Χαλδαίους.

59 1526 128 1570 καὶ
147 1522 174 1581 ἦ
191 1524 268 1580 μὲν
285 1526 370 1566 τῶν
390 1520 561 1579 Μήδων
582 1521 690 1580 ἀρχὴ
708 1521 790 1578 ἤδη
812 1521 1007 1580 ἀνωτέρω
1037 1519 1135 1578 ἡμῖν
1157 1523 1200 1565 ἐν
1224 1521 1401 1579 κανονίῳ
1423 1519 1561 1563 ἔστω-’-

117 1680 119 1682 γ
155 1635 189 1672 1.
213 1630 349 1680 ἤγαγεν
364 1634 414 1670 G.
519 1629 672 1681 βελεσὺν
692 1633 732 1668 Α.
758 1630 909 1669 Βέλεσιν
933 1632 1094 1679 Scaliger
1116 1643 1151 1678 p.
1172 1630 1230 1668 46.
1331 1631 1366 1667 2.
1392 1623 1500 1666 οὗτοι
1518 1630 1561 1666 B.

154 1679 256 1719 οὕτω
275 1682 324 1716 G.
427 1680 462 1716 5.
486 1680 720 1727 μετήνεγκεν]
746 1678 952 1736 μετήγαγεν
976 1681 1023 1714 G.
1130 1680 1162 1715 6.
1187 1676 1499 1723 σαρδανάπαλλον
1519 1680 1562 1715 Β.

133 1725 462 1773 4Σαρδανάπαλον
487 1728 535 1762 G.
670 1727 706 1763 7.
739 1728 921 1773 Καστωρ]
958 1726 1060 1772 Apud
1082 1726 1274 1767 Eusebium
1293 1727 1333 1768 1,
1359 1726 1415 1761 13.
1438 1737 1477 1782 p.
1501 1726 1560 1761 37.

227 1778 260 1812 8.
288 1769 372 1819 οὖν]
400 1772 497 1810 εἶναι
522 1773 570 1808 G.
676 1770 866 1819 ἇσσυρίων
883 1775 926 1809 Β.
949 1773 1158 1819 Ασσυριόυς
1184 1773 1230 1807 G.
1346 1774 1380 1808 9.
1402 1785 1449 1807 τοι
1473 1772 1563 1807 Sca-

155 1822 257 1868 liger.
283 1821 335 1869 τῷ
354 1823 402 1856 G.
427 1833 493 1856 om.
516 1821 560 1858 B.
657 1819 721 1867 ἔτη
746 1821 919 1867 Scaliger.
945 1821 1057 1867 Vulgo
1083 1819 1167 1856 ἔτει.
1266 1822 1320 1855 10.
1339 1819 1563 1864 παραδεδοόἦ

156 1873 251 1906 σθαι
274 1870 315 1904 Β.
445 1865 738 1914 μνημονεύωμεν
760 1869 804 1903 Β.
931 1870 986 1905 11.
1011 1866 1254 1914 πεποιήμεθα
1277 1867 1321 1901 Β.
1354 1865 1562 1910 πεποιήκα-

154 1929 223 1963 μεν
248 1917 294 1951 G.
375 1928 378 1931 ’
407 1917 463 1951 12.
487 1916 596 1951 νίνου
620 1915 663 1950 A.
765 1913 882 1961 παρὰ]
910 1913 986 1951 ἀπὸ
1012 1916 1061 1952 G.
1166 1913 1280 1959 Vulgo
1303 1912 1563 1958 Zaodocvoenda

155 1967 237 2002 λου.
261 1961 555 2010 σαρδανᾶπαλον
577 1963 622 1998 Β.
729 1961 784 2001 14.
808 1959 897 2023 πρὸ]
923 1961 1018 2010 πρὸς
1038 1963 1083 1998 B.
1191 1962 1246 1997 15.
1269 1963 1491 2008 λογοκρατεῖ
1512 1962 1560 1997 G.

224 2011 420 2056 Ασσυρίων
443 2010 490 2044 G.
608 2005 735 2056 ἄρχειν
757 2011 801 2048 Β.
832 2009 951 2057 αρχὴν
975 2010 1024 2047 G.
1142 2010 1199 2046 16.
1229 2007 1325 2055 μετὰ
1353 2008 1396 2045 δὲ
1421 2006 1490 2046 τὸν
1511 2010 1560 2043 G.

227 2057 342 2105 Vulgo
366 2054 685 2104 Σαρδανάπαλον.

62 2161 142 2199 gem
171 2154 287 2197 autem
314 2150 472 2196 Assyriis
501 2147 684 2197 Belesym,
708 2145 776 2186 sibi
799 2145 966 2186 videficet
988 2148 1165 2185 subditum
1194 2148 1345 2185 dedisse.
1399 2149 1560 2185 Huncin

62 2199 198 2235 modum
226 2198 399 2233 nonnullis
430 2198 482 2233 ita
507 2198 737 2234 sentientibus
763 2198 879 2232 Medis
897 2197 1068 2244 suppositi
1087 2207 1233 2242 regnum
1256 2196 1480 2243 excipiebant
1494 2199 1562 2232 As—

64 2246 151 2293 syrii
169 2245 215 2280 ad
235 2245 378 2280 Darium
399 2257 508 2292 usque
525 2246 707 2281 Medorum
728 2250 766 2280 et
781 2245 997 2290 Assyriorum
1019 2243 1210 2290 principem
1228 2247 1400 2287 octavum,
1424 2243 1480 2279 cui
1497 2256 1562 2279 no-

63 2304 143 2328 men
170 2291 274 2327 etiam
302 2293 501 2338 Astyages,
528 2304 597 2339 quo
630 2293 790 2334 sublato,
816 2298 855 2326 ut
887 2292 1090 2338 quibusdam
1121 2292 1255 2333 visum,
1280 2291 1326 2326 ad
1351 2292 1478 2326 Persas
1507 2302 1565 2325 re-

65 2350 172 2385 gnum
198 2339 379 2374 transtulit
403 2341 531 2385 Cyrus.
580 2339 669 2374 Post
684 2338 959 2385 Sardanapalum
978 2338 1202 2385 Assyriorum
1231 2338 1413 2385 imperium
1435 2338 1564 2373 Ninum

64 2385 260 2421 obtinuisse
279 2385 339 2420 alii
364 2391 543 2429 asserunt,
569 2399 589 2421 e
609 2398 752 2432 quorum
774 2397 915 2420 numero
935 2386 1066 2431 prodiit
1086 2385 1234 2428 Castor,
1268 2385 1328 2432 qui
1351 2384 1493 2420 canonis
1518 2385 1562 2419 ab

64 2445 107 2468 eo
125 2432 214 2467 editi
237 2432 401 2467 nonnullo
427 2433 504 2468 loco
531 2433 567 2467 in
593 2433 679 2467 haec
705 2433 814 2476 verba
841 2433 974 2467 scribit.
1022 2432 1139 2467 Primo
1159 2432 1297 2479 quidem
1315 2431 1438 2467 ordine
1457 2442 1562 2476 reges

65 2479 287 2526 Assyriorum
314 2479 453 2524 generis
480 2484 517 2515 et
539 2480 679 2526 imperii
705 2478 828 2514 seriem
852 2491 874 2514 a
896 2479 982 2515 Belo
1003 2479 1173 2515 ducentes
1196 2479 1408 2521 locavimus,
1442 2489 1563 2523 quam-

48 2538 168 2573 -quam
188 2526 232 2561 de
249 2526 324 2561 eius
342 2526 482 2572 imperii
500 2530 658 2572 tempore
683 2533 780 2562 certa
801 2532 837 2561 et
854 2533 981 2573 aperta
999 2527 1126 2562 notitia
1149 2538 1219 2561 non
1244 2530 1390 2562 constet.
1438 2523 1561 2559 Nomi-

66 2573 122 2609 nis
139 2573 298 2620 equidem
318 2574 453 2619 agimus
475 2573 694 2616 memoriam3
719 2585 740 2608 a
756 2573 850 2608 Nino
870 2585 1007 2620 quoque
1018 2574 1336 2620 ,chronographiae
1357 2570 1563 2618 principium

67 2620 227 2655 duximus
253 2626 289 2655 et
327 2620 364 2654 in
396 2621 524 2655 Ninum
551 2620 784 2667 Sardanapali
821 2630 1052 2656 successorem
1080 2621 1282 2655 desinimus.
1335 2617 1561 2664 Imperiorum

67 2678 172 2713 porro
199 2667 319 2702 divino
335 2667 530 2713 scripturae
555 2671 654 2702 textu
685 2667 934 2702 celebratorum
955 2671 991 2702 et
1013 2668 1116 2702 trium
1137 2668 1282 2702 maxime
1302 2666 1476 2700 nationum
1496 2674 1561 2696 no-·

67 2713 161 2749 mina
192 2717 349 2761 tempore
365 2715 494 2759 Cyrum
510 2718 702 2761 praeeunte
726 2718 763 2750 et
789 2714 1063 2761 Sardanapalum
1087 2718 1232 2761 sequuto
1252 2713 1406 2748 offerunt
1420 2721 1458 2743 se
1478 2720 1562 2755 per-

67 2760 263 2807 pendenda.
302 2761 366 2796 .Ad
394 2762 469 2796 eius
503 2762 592 2796 enim
622 2765 771 2797 aetatem
801 2762 846 2796 de
865 2761 1021 2808 Assyriis
1045 2763 1083 2796 in
1110 2762 1285 2806 scriptura
1308 2756 1495 2804 praecipua
1520 2755 1562 2790 fit

68 2807 217 2850 menti03
242 2808 377 2854 reliqua
398 2808 466 2843 duo
483 2807 628 2854 imperia
645 2808 845 2851 Medorum,
869 2809 970 2852 dico,
995 2813 1032 2844 et
1057 2808 1308 2843 Chaldaeorum
1337 2803 1388 2838 ita
1414 2803 1504 2836 inter
1521 2813 1560 2836 se

69 2854 116 2889 ad
141 2854 289 2890 invicem
315 2855 463 2901 legimus
490 2859 710 2901 comparata,
736 2858 777 2890 ut
796 2855 1037 2902 Sardanapalo
1063 2853 1327 2890 succedentibus
1352 2849 1470 2892 annis,
1494 2859 1563 2890 qua

70 2901 196 2936 Medos
225 2902 380 2948 Assyriis
408 2902 624 2945 dominatos,
655 2914 723 2949 qua
753 2903 949 2938 Chaldaeos
973 2903 1162 2948 imperasse
1193 2896 1453 2945 comperiamus.
1509 2894 1561 2930 Et

69 2948 255 2986 Medorum
281 2949 419 2996 quidem
453 2948 635 2997 imperium
665 2950 710 2987 ab
741 2951 881 2987 Arbace
904 2949 1100 2987 derivatum
1125 2946 1268 2995 proprio
1297 2943 1364 2979 sibi
1391 2941 1561 2979 laterculo
