1754 3236
174 172 243 224 -46
503 215 506 217 .
526 176 529 180 ”
612 173 872 222 GEORGII
901 172 1189 221 SYNCELLI

173 295 251 350 τῆς
266 293 362 350 γῆς,
397 286 519 349 μέχρι
536 285 698 348 ἡμέρας
718 287 893 347 κρίσεως
913 285 1071 342 αὗτῶν,
1107 284 1229 345 μέχρι
1253 282 1416 344 ἡμέρας
1439 277 1689 334 τελειώσεως

173 364 403 418 τελεσμοῦ,
442 360 520 412 ἕως
550 362 812 418 συντελεσθῇ
841 365 971 417 κρῖμα
990 362 1069 401 τοῦ
1094 359 1248 408 αἲῶνος
1267 360 1353 400 τῶν
1375 351 1553 399 αῗῶνων.
1589 350 1689 398 τότε

175 429 534 490 ἀπενεχθήσονται
562 432 621 482 εἷς
646 429 695 475 τὸ
722 427 830 487 χ’άος
854 433 933 473 τοῦ
962 427 1097 488 πυρὸς
1125 429 1193 471 καὶ
1227 428 1286 479 εἷς
1305 426 1382 484 τὴν
1401 423 1593 483 βάσανον
1617 425 1689 468 καὶ

177 506 237 556 εἷς
252 502 302 548 τὸ
325 499 612 560 δεσμωτήριον
634 504 711 558 τῆς
730 500 1002 558 συγκλείσεως
1020 503 1097 543 τοῦ
1118 500 1284 549 αῗῶνος.
1322 499 1392 542 καὶ
1412 496 1460 548 ὃς
1480 494 1531 540 ἂν
1552 512 1688 540 κατα-

151 572 308 634 ’κριθῇ
332 575 401 617 καὶ
424 572 645 632 ἀφανισθῇ
666 570 748 615 ἀπὸ
779 574 856 615 τοῦ
887 574 964 616 νῦν
992 569 1089 628 μετ’
1117 569 1260 614 αὐτῶν
1269 602 1285 625 ,
1318 565 1546 626 δεθήσεται
1562 566 1718 626 μέχριό

159 642 423 695 ’τελειώσεως
440 647 581 702 γενεᾶς
598 642 753 687 αὐτῶν.

280 716 368 761 Καὶ
387 714 495 771 μεθ’
522 713 642 773 ἕτερα
656 727 667 738 ·
687 714 756 757 καὶ
768 715 844 756 νῦν
855 710 1091 769 οἳγίγαντες
1110 709 1151 755 οἳ
1166 709 1436 769 γεννηθέντες
1459 708 1541 754 ἀπὸ
1561 725 1689 753 πνευ-

176 783 325 844 μάτων
343 786 414 829 καὶ
447 784 603 844 σαρκὸς
624 781 844 840 πνεύματα
868 780 1034 840 πονηρὰ
1058 782 1124 825 ἐπὶ
1144 785 1222 838 τῆς
1239 785 1316 839 γῆς
1336 781 1586 826 καλέσουσιν
1609 779 1690 824 αὖ·

176 857 299 911 τοὺς,
339 854 405 900 ὅτι
434 853 462 913 ἥ
487 853 726 913 κατοίκὴσις
746 854 887 899 αὐτῶν
908 852 1024 897 ἔσται
1048 852 1114 896 ἐπὶ
1134 856 1212 910 τῆς
1229 856 1318 910 γῆς.
1357 849 1579 908 πνεύματα
1607 868 1689 895 πο-

176 927 286 987 νηρὰ
305 925 494 982 ἔσονται,
529 926 586 972 τὰ
621 923 841 982 πνεύματα
871 921 1158 980 ἐξεληλυθότα
1180 923 1263 967 ἀπὸ
1294 927 1372 967 τοῦ
1394 920 1595 979 σώματος
1613 926 1691 979 τῆς
1704 931 1749 968 10

144 997 342 1058 Βσαρκός
373 997 536 1053 αὐτῶν,
576 994 683 1041 διότι
713 995 796 1040 ἀπὸ
828 999 915 1040 τῶν
933 992 1176 1052 ἀνθρώπων
1195 994 1405 1052 ἐγίνοντο,
1442 995 1512 1038 καὶ
1543 994 1588 1037 ἐκ
1607 997 1694 1037 τῶν

181 1067 310 1128 ἇγίων
335 1072 422 1117 τῶν
447 1065 726 1128 ἔγρηγόρωνὴ
752 1066 860 1126 ἀρχὴ
881 1069 959 1123 τῆς
979 1067 1151 1117 κτίσεως
1177 1065 1317 1110 αὐτῶν
1341 1067 1410 1110 καὶ
1432 1063 1542 1124 ἀρχὴ
1563 1069 1694 1121 θεμε-

180 1141 287 1186 λίου.
321 1137 539 1196 πνεύματα
571 1137 737 1198 πονηρὰ
766 1129 849 1182 ἔπὶ’
866 1140 944 1194 τῆς
972 1141 1050 1195 γῆς
1070 1136 1234 1181 ἔσονται
1243 1170 1259 1192 ,
1295 1136 1351 1181 τὰ
1370 1133 1590 1193 πνεύματα
1605 1139 1694 1180 τῶν

181 1209 384 1270 γιγάντων
419 1207 651 1267 νεμόμενα,
699 1209 948 1262 ἀδικοῦντα,
995 1207 1274 1267 ἀφανίζοντα,
1322 1208 1584 1265 ἐμπίπτοντα
1623 1206 1695 1250 καὶ

46 1289 92 1327 V.
115 1289 162 1330 21
187 1281 509 1338 συμπαλαίοντα
542 1282 611 1325 καὶ
640 1279 871 1341 ῥιπτοῦντα
901 1279 968 1323 ἐπὶ
985 1284 1062 1337 τῆς
1079 1283 1155 1337 γῆς
1175 1281 1245 1323 καὶ
1264 1276 1452 1338 δρόμους
1469 1282 1688 1333 ποιοῦντα,
1704 1287 1750 1326 15

181 1354 251 1398 καὶ
274 1352 406 1410 μηδὲν
423 1353 649 1406 ἐσθίοντα,
690 1351 786 1396 ἀλλ’
813 1351 1041 1411 ἇσιτοῦντα
1063 1352 1133 1394 καὶ
1172 1348 1380 1410 φάσματα
1399 1354 1603 1395 ποιοῦντα
1622 1350 1694 1392 καὶ

181 1425 378 1480 διψῶντα
397 1424 466 1467 καὶ
486 1420 821 1482 προσκόπτοντα.
849 1422 917 1467 καὶ
930 1419 1287 1479 ἓξαναστήσονται
1308 1421 1364 1466 τὰ
1382 1419 1604 1478 πνεύματα
1626 1420 1694 1464 ἐπὶ

180 1493 282 1546 τοὺς
319 1493 438 1545 υἱοὺς
481 1498 569 1539 τῶν
608 1491 851 1553 ἀνθρώπων
885 1494 954 1538 καὶ
976 1497 1063 1538 τῶν
1095 1497 1336 1551 γυναικῶν,
1379 1491 1445 1537 ὅτι
1474 1493 1519 1545 ἐξ
1551 1491 1694 1536 αὐτῶν

181 1562 483 1622 ἐξεληλύθασι·
521 1566 591 1609 καὶ
626 1564 708 1609 ἀπὸ
737 1562 899 1624 ἡμέρας
931 1568 1079 1624 καιροῦ
1103 1567 1270 1623 σφαγῆς
1292 1564 1363 1607 καὶ
1389 1563 1601 1616 ἀπωλείας
1623 1563 1694 1606 καὶ

180 1633 376 1683 θανάτου
416 1639 501 1680 τῶν
531 1633 733 1695 γιγάντων
752 1637 1007 1696 Ναφηλεὶμ,
1046 1635 1087 1680 οἳ
1106 1636 1272 1694 ἰσχυροὶ
1299 1638 1378 1692 τῆς
1399 1639 1500 1693 γῆς,
1538 1634 1580 1678 οἳ
1611 1641 1750 1690 pce-20

143 1704 302 1765 Ογάλοι
333 1706 582 1762 ὀνομαστοὶ,
619 1707 675 1751 τὰ
695 1705 914 1764 πνεύματα
934 1707 990 1751 τὰ
1013 1705 1320 1765 ἐκπορευόμενα
1342 1706 1425 1750 ἀπὸ
1451 1709 1529 1764 τῆς
1548 1708 1693 1762 ψυχῆς

182 1776 349 1832 αὐτῶν,
389 1774 446 1828 ὡς
477 1778 522 1821 ἐκ
549 1781 627 1835 τῆς
658 1778 815 1836 σαρκὸς
845 1778 1035 1832 ἔσονται,
1074 1777 1331 1837 ἀφανίζοντα
1345 1778 1480 1836 χωρὶς
1503 1778 1692 1836 κρίσεως,

275 1866 313 1903 2.
334 1865 465 1926 κρῖμα]
490 1865 606 1913 Vulgo
626 1865 751 1912 κρίμα.
846 1866 881 1905 5.
914 1863 1121 1912 δεθήσεται
1138 1878 1183 1924 m.
1207 1864 1381 1923 δεήσεται
1404 1866 1455 1924 G:
1557 1867 1594 1903 7.
1625 1863 1693 1902 καὶ

279 1915 357 1970 μεθ
397 1912 520 1959 ersom]
545 1914 626 1957 XV,
644 1916 681 1950 8.
698 1926 733 1960 p.
757 1913 838 1951 178.
893 1916 928 1952 8.
948 1913 1010 1951 ἐπὶ
1029 1916 1097 1961 τῆς
1115 1928 1330 1962 γης-γης.
1355 1926 1556 1959 πνευματοι
1572 1926 1693 1960 πονη-

281 1974 333 2006 ρα
356 1960 439 1997 add.
462 1962 504 1996 A.
601 1963 659 1998 12.
681 1963 748 2009 τῆς
765 1961 919 2004 κτίσεως
942 1963 983 1997 Α.
1006 1963 1169 2009 κτήσεως
1192 1963 1241 2000 G.
1339 1963 1398 1999 13.
1421 1960 1470 1999 τὰ
1491 1960 1693 2008 πνεύματα

281 2009 325 2044 Α.
359 2006 408 2044 τοὶ
432 2009 565 2053 πρῶτοι
597 2009 647 2044 G·
751 2011 807 2047 15.
839 2008 1048 2056 ῥιπτοῦντα
1070 2010 1112 2045 Α.
1147 2009 1330 2057 ῥίπτοντοι
1354 2010 1402 2044 G.
1514 2011 1572 2048 16.
1606 2006 1692 2047 ἀλλ’

283 2053 492 2092 ἀσιτοῦντα
523 2068 722 2104 anonymus.
773 2054 867 2094 ἀλλὰ
895 2059 1075 2095 σιτοῦντα
1106 2059 1154 2093 G.
1173 2106 1182 2118 ,
1255 2057 1320 2095 καὶ
1352 2057 1529 2103 διψῶντα
1551 2058 1595 2094 Α.
1628 2055 1694 2118 noc}

281 2103 432 2198 33:⁰32
455 2151 503 2187 G·
526 2106 588 2141 20.
622 2104 842 2153 Ναφηλεὶμ]
869 2105 986 2154 Vulgo
1011 2108 1221 2153 Ναφιλειμ.
1326 2104 1366 2142 οὶ
1391 2104 1538 2152 ἰσχυροὶ
1560 2107 1603 2143 Α.
1628 2118 1695 2144 και

189 2220 410 2265 nerationoe,
436 2221 481 2257 ad
501 2221 625 2257 iudicii
654 2234 771 2258 eorum
797 2224 1001 2268 terminum,
1025 2225 1071 2261 ad
1104 2223 1407 2264 consummationis
1430 2235 1551 2261 eorum
1574 2223 1695 2268 finem,

189 2280 301 2315 usque
321 2269 400 2304 dum
419 2270 550 2305 saeculi
573 2271 790 2306 saeculorum
813 2271 978 2308 iudicium
1013 2273 1226 2308 absolvatur.
1274 2272 1378 2307 Tunc
1396 2272 1434 2308 in
1459 2271 1553 2318 ignis
1571 2273 1695 2308 confu-

190 2327 266 2351 sum
281 2316 399 2359 chaos,
422 2316 460 2351 in
476 2321 649 2353 tormenta
673 2323 710 2353 et
728 2320 863 2354 aeterni
877 2320 1028 2356 carceris
1044 2320 1183 2356 vincula
1202 2319 1406 2366 rapientur=
1431 2319 1548 2367 quivis
1574 2323 1693 2356 autem

188 2374 268 2398 cum
286 2363 338 2399 eis
360 2364 604 2400 condemnatus
622 2369 659 2401 et
674 2366 855 2412 suppliciis
873 2367 1095 2403 adiudicatus
1127 2368 1174 2403 ad
1194 2373 1463 2404 consummatum
1481 2378 1596 2416 usque
1624 2378 1694 2414 ge-

188 2410 286 2446 neris
308 2422 424 2446 eorum
444 2411 546 2447 finem
562 2413 784 2459 compedibus
803 2414 942 2450 vinctus
959 2416 1199 2451 concludetur.

282 2458 334 2493 Et
345 2458 422 2493 aliis
434 2459 640 2506 quibusdam
656 2460 864 2497 interiectis.
883 2463 1058 2509 Gigantes
1070 2463 1236 2510 deinceps
1249 2475 1270 2498 a
1279 2462 1426 2510 spiritus
1447 2465 1484 2498 et
1494 2461 1611 2498 carnis
1631 2472 1695 2498 co-

188 2503 273 2552 pula
281 2508 458 2552 procreati
469 2506 640 2550 visentur,
658 2508 802 2554 spiritus
811 2521 1143 2558 nequamecorpore
1161 2510 1275 2546 carnis
1287 2522 1372 2545 suae
1391 2510 1631 2552 deflectentes,
1651 2521 1695 2545 eo

188 2551 284 2599 quod
300 2565 345 2588 ex
354 2553 550 2589 hominibus
559 2555 721 2591 natisunt
743 2561 779 2591 et
790 2568 833 2591 ex
842 2558 974 2594 sanctis
981 2558 1163 2605 egregoris
1181 2563 1281 2593 ortus
1296 2569 1415 2593 eorum
1432 2557 1640 2604 principium
1652 2567 1695 2592 ac

187 2598 404 2635 fundamenti
415 2601 591 2638 exordium
601 2602 671 2637 fuit
687 2603 890 2640 deductum:
909 2606 1074 2642 scelerati
1085 2606 1231 2653 spiritus
1248 2609 1349 2640 erunt
1360 2616 1465 2652 super
1474 2609 1616 2646 terram,
1637 2603 1695 2639 in·-

188 2650 246 2683 ter
255 2646 433 2693 Gigantes
449 2649 644 2696 praecipui,
664 2650 744 2685 hinc
761 2652 1032 2698 populabuntur,
1050 2654 1198 2689 caedent
1210 2656 1246 2688 et
1265 2653 1474 2695 vastabunt3
1493 2651 1591 2688 illinc
1604 2651 1694 2686 insi-

187 2693 288 2738 lieut,
298 2694 589 2740 colluctabantur,
606 2697 782 2734 interram
795 2703 1028 2745 prosternent,
1042 2705 1079 2736 et
1089 2700 1285 2736 incursibus
1297 2700 1384 2736 alios
1399 2700 1587 2747 impetent:
1608 2698 1693 2734 abs·-

189 2751 262 2788 que
279 2741 349 2777 ullo
367 2741 447 2778 cibo
464 2743 686 2787 victitabant,
704 2745 890 2782 immittent
907 2751 1046 2794 spectra
1057 2748 1115 2783 siti
1124 2747 1362 2794 molestiisque
1382 2751 1526 2782 cunctos
1545 2757 1694 2793 oppres-

189 2800 283 2826 sura.
315 2789 367 2825 Et
387 2789 424 2825 in
441 2789 533 2826 filios
552 2791 707 2827 virorum
726 2795 762 2827 et
779 2794 972 2838 mulierum,
987 2807 1050 2830 ceu
1070 2808 1115 2831 ex
1130 2795 1260 2831 eisdem
1275 2795 1441 2841 prognati
1456 2793 1625 2830 insilient.
1660 2794 1691 2830 A

189 2836 301 2883 primo
322 2837 454 2881 caedis,
471 2838 732 2882 internecionis,
751 2845 788 2875 et
804 2842 996 2888 Gigantum
1007 2843 1189 2890 Nephilim
1207 2843 1328 2878 mortis
1345 2847 1515 2878 momento
1525 2841 1596 2878 visi
1613 2844 1695 2877 sunt

189 2884 326 2919 robusti
346 2888 489 2929 terrae,
514 2898 679 2934 proceres
699 2887 877 2932 celebres,
915 2890 1025 2925 Genii
1048 2892 1093 2926 ab
1126 2891 1251 2927 animis
1282 2890 1356 2925 suis
1383 2889 1558 2936 digressi,
1592 2887 1693 2936 quasi

193 2941 297 2968 carne
315 2933 507 2981 compacti,
531 2938 660 2971 cuncta
676 2935 810 2982 absque
826 2937 964 2973 delectu
983 2942 1185 2982 vastantes,
1208 2938 1274 2974 hoc
1294 2942 1401 2986 pacto
1416 2940 1547 2974 cuncta
1565 2935 1693 2973 susde-
