1800 3236
559 214 807 261 CHRONO
813 213 1091 260 GRAPHIA.
1526 211 1594 259 97

73 327 220 387 ὥσπερ
250 328 320 372 καὶ
353 327 398 372 ἓν
415 333 505 380 τοῖς
521 330 564 371 Γ
559 333 708 378 ενικοῒς
734 330 811 370 τοῦ
826 323 983 383 Ἑρμοῦ
1004 326 1074 370 καὶ
1097 325 1142 370 ἒν
1159 331 1254 378 ταῖς
1274 327 1507 386 Κυραννίσι
1524 329 1596 384 βί-

76 403 201 456 βλοις
213 398 388 456 εἴρηται.
425 399 622 442 ἐντεῦθεν
635 397 682 441 δὲ
690 394 807 453 οἶμαι
824 398 892 440 καὶ
902 399 1172 451 Πτολεμαῖον
1187 396 1260 441 τὸν
1267 395 1486 442 Κλαύδιον
1497 402 1595 451 τούς

79 471 329 527 προχείρους
358 466 540 519 κανόνας
569 472 647 524 τῆς
679 467 964 524 ἀστρονομίας
993 466 1065 510 διὰ
1094 465 1152 511 κε’
1183 467 1388 525 ἕτηρίδων
1413 470 1596 526 ψηφίζε-

71 544 189 584 σθαι
208 539 433 593 θεσπίσαι,
474 536 531 590 ὥς
550 543 625 582 τοῦ
646 540 941 595 Αἶγυπτιακοῦ
959 538 1152 580 ἐνιαυτοῦ
1172 539 1242 580 καὶ
1260 542 1337 581 τοῦ
1353 535 1593 595 Ἑλληνικοῦ

49 610 152 674 ὅδιὰ
183 607 319 671 ,αυξοί
350 609 471 660 ἔτους
500 608 933 662 ἀποκαθισταμένων,
972 609 1010 651 εἴ
1037 609 1106 650 καὶ
1138 607 1209 651 διὰ
1240 605 1373 668 ,αυος’
1402 610 1506 653 ἐτῶν
1543 610 1593 654 τὸ

78 679 272 725 κανόνιον
301 685 386 724 τῶν
414 677 471 723 κε’
504 678 707 736 ἓτηρίδων
739 680 935 732 ἐξέθετο,
975 677 1045 721 διὰ
1078 677 1126 721 τὸ
1157 678 1218 734 μὴ
1251 678 1488 736 ἄπαρτιζειν
1522 681 1595 725 τὸν

79 748 216 812 ,αυξῶ
249 750 436 808 ἀριθμὸν
458 752 516 802 εἷς
538 749 622 804 κε’,
662 749 771 792 ἀλλὰ
801 750 1018 792 λείπεσθαι
1052 746 1120 792 ιδ’.
1159 748 1235 805 τὴν
1264 749 1406 803 με’ντοι
1424 749 1593 805 μονάδα

78 821 277 879 περιττὴν
305 821 454 874 ἔθετο,
493 821 564 864 διὰ
596 820 644 863 τὸ
673 817 813 877 πλήρη
847 819 899 862 τὰ
931 823 1007 862 τοῦ
1038 816 1080 862 α’
1104 818 1225 869 ξ’τους
1243 821 1454 875 ἐγκεῖσθαι
1474 819 1630 877 muri-c

76 909 198 949 ματα
228 893 296 935 καὶ
314 891 374 948 μὴ
408 890 487 934 ἀπ’
512 891 645 949 ἀρχῆς
666 890 822 943 αὐτοῦ,
862 888 1002 946 ὥσπερ
1022 891 1092 933 καὶ
1114 890 1178 932 ἐπὶ
1199 894 1283 933 τῶν
1303 892 1511 945 μηνιαίων
1531 909 1597 935 κι-

23 973 70 1014 10
81 960 294 1019 νημάτων.
345 963 540 1005 ἐντεῦθεν
569 962 619 1004 δέ
647 963 734 1004 ἔστι
755 962 822 1003 καὶ
847 960 895 1004 τὸ
916 958 1173 1018 ἀσύμφωνον
1193 964 1279 1004 τῶν
1299 959 1501 1006 τοιούτων
1524 963 1595 1005 ἐκ·

79 1031 239 1077 δόσεων
266 1030 375 1088 πρός
404 1049 448 1076 τε
469 1032 559 1082 ,τὰς
592 1032 715 1082 θείας
744 1028 864 1086 ημῶν
894 1030 1063 1089 γραφὰς
1090 1032 1160 1074 καὶ
1183 1030 1290 1089 πρὸς
1316 1030 1479 1088 ἄλληλα
1504 1033 1595 1075 ἔπι-

77 1107 256 1161 γνῶναι,
294 1102 358 1146 ὅτι
392 1100 499 1159 αὕτη
525 1102 602 1158 μὲν
632 1099 658 1158 ἦ
679 1102 937 1159 παλαιοτέρα
960 1101 1205 1157 νομιζομένη
1226 1103 1472 1158 Αἰγυπτίων
1491 1119 1593 1160 συγ-

77 1173 223 1232 γραφὴ
239 1171 478 1232 Ἡφαίστου
495 1173 573 1229 μὲν
596 1172 767 1230 ἄπειρον
786 1171 935 1230 εἰσάγει
954 1170 1124 1229 χρόνον,
1163 1176 1248 1215 τῶν
1275 1174 1321 1215 δὲ
1338 1176 1498 1216 λοιπῶν
1519 1170 1593 1216 κθ’

79 1238 336 1288 δυναστειῶν
363 1243 434 1300 ἔτη
468 1241 692 1301 τρισμύρια
720 1241 849 1303 Ιςφκὲ
863 1276 877 1297 ,
916 1244 1051 1286 καίτοι
1072 1247 1147 1286 τοῦ
1165 1239 1402 1299 ιῙΙφαίστου
1422 1247 1595 1295 πολλοῖς

23 1327 69 1364 15
81 1314 188 1359 ἴτεσι
214 1313 323 1374 μετὰ
356 1314 431 1358 τὸν
462 1314 758 1368 κατακλυσμὸν
790 1315 859 1357 καὶ
883 1313 958 1370 τὴν
976 1314 1252 1371 πυργοποιιάν
1274 1317 1352 1370 τῆς
1368 1311 1592 1371 Αἰγύπτου

75 1383 431 1440 βασιλεύσαντος,
472 1382 530 1436 ὥς
548 1382 814 1440 δειχθήσεται
835 1385 878 1427 ἐν
898 1389 958 1443 τῷ
980 1384 1114 1427 δέοντι
1143 1381 1274 1443 τόπῳ.

178 1453 228 1500 Ὁ
263 1456 310 1499 δὲ
340 1455 446 1514 παρ’
474 1457 726 1512 Αἰγυπτίοις
745 1452 1052 1511 ἐπισημότατος
1073 1457 1274 1498 Mamm
1293 1455 1385 1510 περὶ
1403 1458 1489 1498 τῶν
1508 1452 1629 1498 oui-D

78 1530 165 1570 τῶν
199 1524 237 1569 λ’
272 1528 527 1570 δυναστειῶν
549 1524 720 1584 γράψας
743 1527 788 1568 ἐκ
812 1523 974 1568 τούτων
996 1524 1159 1581 δηλαδὴ
1182 1522 1327 1579 λαβὼν
1353 1524 1430 1575 τὰς
1454 1524 1596 1582 ἀφορ-

77 1596 164 1652 μὰς
192 1596 300 1640 κατὰ
338 1596 446 1640 πολὺ
477 1598 683 1658 διαφωνεῖ
699 1597 792 1653 περὶ
811 1595 911 1645 τούς
921 1593 1102 1651 χρόνους
1122 1594 1227 1652 πρὸς
1251 1599 1407 1647 ταῦτα,
1445 1594 1595 1646 καθὼς

21 1667 169 1716 Ξοὲστι
202 1668 272 1710 καὶ
307 1667 352 1709 ἐκ
385 1670 470 1710 τῶν
497 1666 805 1724 προειρημένων
836 1662 936 1722 ἡμῖν
957 1665 1153 1723 ἀνωτέρω
1169 1669 1328 1729 μαθεῖν
1346 1666 1416 1707 καὶ
1435 1666 1480 1708 ἐκ
1508 1669 1593 1709 τῶν

83 1736 179 1795 ἑξῆς
213 1737 548 1794 λεχθησομὲνων.
595 1741 680 1780 τῶν
707 1735 786 1794 γὰρ
817 1736 861 1779 ἐν
879 1742 969 1786 τοῖς
987 1737 1098 1794 τρισὶ
1119 1733 1264 1790 τόμοις
1283 1733 1360 1793 ριγ’
1382 1739 1528 1793 γενεῶν
1549 1736 1593 1780 ἐν

177 1838 211 1872 1.
236 1837 446 1893 κυραννῆσι
468 1836 511 1871 Β.
610 1837 646 1873 3.
679 1834 856 1882 &spiam
879 1835 909 1870 A
931 1834 988 1870 hic
1006 1840 1044 1870 et
1068 1834 1174 1870 infra.
1199 1846 1202 1847 ⁷
1292 1832 1328 1871 4.
1355 1829 1588 1893 Ἑλληνικοῦ]

175 1883 333 1930 ἡλιακου
357 1895 560 1928 anonymus.
665 1886 705 1921 5.·
735 1886 772 1920 εἰ
797 1883 887 1929 καὶ]
922 1883 960 1920 εἰ
987 1894 1053 1917 om.
1082 1882 1132 1917 G.
1235 1883 1269 1919 8.
1305 1879 1353 1917 τοὶ
1385 1883 1456 1919 τοῦ
1474 1883 1516 1917 B.
1541 1896 1590 1919 τοι

174 1943 242 1969 om.
276 1932 325 1967 G.
443 1933 499 1968 13.
534 1926 599 1967 καθ’
622 1942 690 1966 om.
717 1931 766 1966 G.
798 1929 829 1968 λ’
852 1930 933 1966 add.
952 1941 997 1965 m.
1121 1930 1177 1966 17.
1214 1930 1408 1970 Μανεθῶς
1443 1930 1491 1964 G.

174 1981 234 2018 21.
256 1977 377 2025 τρισσὶ
402 1978 446 2013 Β.
541 1976 627 2023 ριγ’]
655 1978 942 2021 „Generationes
964 1977 1048 2012 illae
1070 1978 1147 2013 113.
1167 1981 1204 2011 et
1230 1976 1311 2011 anui
1341 1976 1393 2012 illi
1409 1978 1515 2014 3555.
1543 1977 1589 2012 ad

172 2033 279 2061 vetus
296 2025 482 2061 chronicon
503 2026 700 2072 pertinent,
726 2037 794 2060 non
817 2025 864 2060 ad
892 2025 1159 2067 Manethonem3
1183 2036 1261 2059 nam
1289 2024 1400 2060 distat
1424 2023 1487 2059 ille
1512 2028 1588 2059 toto

174 2073 286 2110 caelo.
333 2073 402 2109 Hic
422 2072 533 2119 igitur
553 2073 654 2108 deest
675 2072 846 2121 aliquid.”
877 2074 1095 2118 Anonymus.

81 2154 230 2202 primum
250 2155 417 2191 minutum
429 2181 440 2198 ‚
475 2159 582 2202 prout
601 2155 639 2189 in
654 2154 826 2190 Mercurii
842 2153 990 2190 Genicis
1007 2156 1044 2188 et
1060 2152 1097 2188 in
1119 2151 1380 2200 Cyrannidibus
1396 2151 1498 2189 libris
1516 2163 1591 2188 am-

84 2202 175 2249 plius
212 2203 423 2238 continetur.
470 2203 564 2238 Hinc
602 2214 708 2249 porro
745 2201 931 2237 Claudium
959 2201 1195 2236 Ptolemaeum
1223 2201 1378 2236 arbitror
1406 2200 1590 2246 expeditas

82 2250 314 2286 astronomiae
341 2249 483 2295 regulas
507 2261 673 2285 annorum
694 2250 763 2291 25,
796 2249 935 2284 summis
963 2260 1007 2284 ac
1035 2247 1210 2294 capitibus
1234 2248 1463 2284 numerandas
1486 2246 1590 2282 insti—
1605 2274 1615 2283 t

82 2297 209 2341 tuisse,
233 2298 485 2344 Aegyptiorum
504 2297 671 2332 videlicet
688 2309 731 2331 ac
748 2297 964 2331 Graecorum
991 2295 1126 2342 pariter
1145 2295 1280 2341 magnis
1299 2296 1400 2331 annis
1418 2307 1483 2342 per
1503 2305 1588 2328 con-

74 2350 263 2381 suetorum
284 2345 446 2379 solarium
466 2356 631 2380 annorum
656 2342 742 2380 1461
774 2343 1019 2390 repetitionem
1039 2342 1289 2385 restituendis3
1314 2354 1378 2389 per
1395 2341 1487 2377 mille
1502 2352 1587 2377 vero

84 2396 122 2426 et
141 2391 210 2428 476
230 2403 395 2434 annorum
416 2392 542 2426 seriem
567 2390 736 2426 eteridum
752 2390 879 2437 viginti
896 2390 1050 2437 quinque
1067 2389 1271 2424 laterculum
1292 2389 1468 2437 exposuit,
1493 2387 1586 2435 quod

85 2437 175 2475 1461
200 2450 362 2473 numerus
381 2439 426 2473 ad
443 2440 491 2474 25
511 2439 556 2473 ob
580 2438 623 2474 14
649 2437 848 2480 defectum,
873 2449 943 2472 non
972 2437 1188 2483 attingerem
1212 2441 1250 2472 et
1278 2436 1497 2472 adiectitiam
1523 2435 1587 2470 de-

83 2496 173 2520 mum
196 2486 376 2520 monadem
395 2485 591 2531 apposnit,
616 2484 709 2531 quod
738 2484 858 2530 plures
884 2496 975 2519 anno
1005 2484 1115 2531 primo
1144 2488 1257 2519 motus
1281 2482 1409 2525 insint,
1433 2494 1503 2518 non
1527 2487 1587 2517 ta-

83 2544 161 2567 men
177 2533 223 2568 ab
242 2532 318 2567 eius
335 2533 501 2574 exordio,
524 2538 564 2566 ut
582 2532 617 2566 in
639 2532 827 2566 menstruis
848 2532 998 2567 motibus
1024 2532 1113 2567 solet
1137 2530 1291 2567 evenire.
1336 2530 1428 2566 Hinc
1458 2529 1586 2565 iterum

82 2590 175 2660 guae
193 2579 238 2615 ad
256 2585 395 2614 sanctas
415 2584 554 2614 nostras
575 2579 770 2624 scripturas
796 2579 1002 2626 illarumque
1023 2577 1248 2614 traditionem
1267 2576 1313 2613 ad
1333 2589 1415 2613 sese
1435 2577 1586 2612 invicem

108 2626 300 2662 issonantia
326 2627 512 2661 manifeste
535 2625 765 2671 dignoscitur.
814 2626 916 2668 Quae
943 2626 1113 2672 siquidem
1134 2624 1388 2672 Aegyptiorum
1416 2622 1588 2659 vetustis-

84 2672 170 2708 sima
190 2678 270 2708 sunt
286 2673 551 2715 commentaria,
576 2672 725 2707 Vulcani
743 2672 1023 2720 reliquarumque
1042 2672 1194 2718 triginta
1212 2672 1450 2717 dynastiamm
1480 2668 1582 2704 nimis

82 2719 283 2755 immensum
293 2720 460 2756 inducunt
469 2721 619 2767 spatium
638 2731 803 2755 annorum
817 2720 984 2755 videlicet
998 2719 1175 2766 myriadas
1192 2723 1264 2753 tres
1282 2723 1321 2753 et
1336 2719 1441 2759 6525,
1462 2718 1582 2762 quamss

83 2765 161 2809 vis,
186 2773 227 2802 ut
245 2773 441 2814 opportuno
472 2769 549 2802 loco
579 2767 884 2807 demonstrandum
907 2771 1090 2808 occurret,
1113 2765 1247 2802 diluvio
1273 2765 1455 2811 turrisque
1483 2762 1587 2810 opifi-

83 2813 140 2848 cio
163 2813 337 2849 Vulcanus
355 2814 457 2862 longe
474 2814 648 2861 posterior
666 2814 821 2860 Aegypti
844 2826 990 2861 regnum
1012 2813 1215 2849 obtinuerit.

179 2861 367 2896 Manethon
400 2870 515 2897 autem
540 2861 775 2896 nobilissimus
802 2865 895 2908 apud
926 2861 1124 2908 Aegyptios
1153 2860 1331 2906 scriptor,
1365 2856 1411 2892 de
1440 2855 1588 2901 triginta

84 2918 202 2942 eorum
232 2907 405 2954 dynastiis
435 2915 673 2951 tractaturus,
705 2919 749 2942 ex
773 2907 828 2942 his
854 2909 1038 2944 occasione
1063 2912 1220 2954 sumpta,
1254 2906 1298 2940 ab
1326 2904 1378 2940 eis
1406 2903 1587 2949 plurimum

82 2953 182 2990 iuxta
202 2954 363 3002 superius
381 2957 535 2992 adducta
554 2968 597 2991 ac
618 2955 786 3003 deinceps
802 2967 939 3004 quoque
956 2955 1128 2999 dicenda,
1153 2952 1342 2989 dissentire
1364 2951 1586 2996 comperitur.

179 3014 317 3061 (ἶσοι-ς.
342 3015 530 3061 syncellus.
556 3015 584 3050 1.
1276 3005 1306 3044 7
