1800 3236
193 223 291 270 100
542 204 544 206 ’
654 222 906 270 GEORGII
936 219 1222 268 sYNCELm

188 339 290 400 θείᾳ
322 335 450 390 δόξαν
471 334 616 396 ὀρθῶς
644 332 880 392 ἐπιβάλλων
899 331 1172 390 καταμάθοι,
1210 334 1337 376 τοῦτο
1358 325 1441 389 πρό
1465 346 1508 388 γε
1532 324 1703 373 πάντων

190 411 310 461 εῗόιὸς
333 409 529 466 ἀκριβῶς,
554 406 617 451 ὅτι
633 405 883 465 Ἀφρικανὸς
901 406 977 460 μὲν
998 404 1148 447 εἴκοσιν
1169 402 1240 460 ἔτη
1254 399 1593 460 προστίθησινὲν
1616 406 1706 450 τοῖς

51 488 93 523 Ρ.
118 485 165 523 54
190 481 272 525 ἀπὸ
290 479 424 533 Ἀδὰμ
455 479 531 528 ἕως
551 482 627 521 τοῦ
648 479 946 531 κατακλυσμοῦ
965 472 1152 532 χρόνοις,
1191 474 1259 516 καὶ
1283 472 1376 515 ἀντὶ
1397 469 1544 532 Ιβσμβ’
1567 467 1705 531 Ιβσξβ

189 551 260 607 ἔτη
283 548 478 605 βούλεται
501 546 617 600 εἶναι,
643 546 743 604 ὅπερ
764 546 812 590 οὐ
833 548 951 589 δοκεῖ
965 549 1104 595 καλῶς
1122 544 1238 599 ἔχειν.
1271 542 1475 597 Εὐσέβιος
1493 541 1538 584 δὲ
1559 536 1706 601 Ιβσμρν

187 620 314 679 ὑγιῶς
333 619 455 664 ἔθετο
477 619 545 661 καὶ
568 615 800 675 ὁμοφώνως
822 620 873 674 τῇ
896 619 1052 674 γραφῇ.
1090 616 1133 658 ἓν
1158 614 1203 657 δὲ
1225 621 1313 664 τοῖς
1339 612 1423 656 ἀπὸ
1462 615 1538 656 τοῦ
1570 614 1734 654 κατα-5

194 694 382 746 κλυσμοῦ
394 686 622 747 ἀμφότεροι
637 685 869 744 διήμαρτον
889 687 966 737 ἕως
977 690 1052 729 τοῦ
1066 683 1261 742 Ἀβραὰμ
1277 685 1345 728 καὶ
1357 681 1581 732 Μωῢσέως
1599 681 1709 724 ἔτεσι

194 760 258 821 ρλ’
275 765 350 817 τοῦ
369 759 563 817 δευτέρου
574 761 740 801 Καϊνᾶν
753 758 847 800 υἱοῦ
863 756 1082 815 Ἀρφαξάδ
1101 757 1169 798 καὶ
1190 759 1307 817 γενεᾷ
1322 757 1415 814 μιᾷ,
1437 757 1490 812 τῇ
1503 750 1567 810 ιγ’,
1591 751 1709 809 παρὰ

194 835 253 892 τῷ
274 832 378 890 θείῳ
400 830 663 886 εὖαγγελιστῇ
675 830 833 889 Λουκᾷ
855 827 937 871 ἀπὸ
952 827 1085 882 Ἀὸὰλιι
1107 826 1282 884 κειμένῃ.
1304 824 1400 869 ἀλλ’
1427 821 1448 868 ὅ
1466 824 1543 880 μὲν
1559 822 1708 881 Ἀφρι-

195 902 320 952 κανὸς
347 903 389 944 ἐν
424 908 511 950 τοῖς
542 899 624 942 ἀπὸ
649 899 785 954 Ἀδὰμ
827 902 1119 956 προστεθεΐσιν
1151 896 1266 956 αὐτῷ
1298 897 1367 939 καὶ
1387 895 1452 938 ἓπὶ
1481 893 1555 937 τὸν
1575 910 1709 936 κατα-

197 971 382 1027 κλυσμὸν
411 970 541 1014 ἔτεσιν
570 967 606 1012 κ’
635 967 938 1027 προαφήρπαζε
968 973 1126 1021 ταῦτα,
1167 969 1234 1010 καὶ
1266 968 1309 1010 ἓν
1329 972 1419 1016 τοῖς
1442 968 1518 1008 τοῦ
1540 966 1708 1007 Καΐνᾶν

175 1045 266 1094 ,καὶ
296 1047 379 1085 τῶν
407 1041 624 1097 μετέπειτα
652 1037 703 1097 ρι’
737 1037 846 1094 μόνα
866 1041 1057 1083 λείπεται.
1098 1038 1162 1081 διὸ
1185 1039 1254 1080 καὶ
1274 1034 1557 1094 ἕως-Ἀβραὰμ
1591 1031 1710 1093 πρώ-

156 1120 274 1157 Βτου
294 1112 412 1162 ἔτους
444 1108 549 1172 ‘yoss'
583 1109 652 1166 ἔτη
688 1111 979 1166 ἔστοιχείωσεν.
1020 1107 1040 1152 ὃ
1073 1109 1118 1152 δὲ
1145 1108 1349 1164 Εὐσέβιος
1389 1103 1628 1164 ὁλοκλήρως
1655 1103 1711 1148 τὰ

55 1193 100 1227 V.
125 1190 171 1230 43
197 1182 259 1244 ρλ’
280 1180 459 1241 ὖφελὼν,
496 1179 631 1242 ‘ypati'
659 1181 735 1231 ἕως
754 1179 923 1240 πρώτου
946 1180 1065 1231 ἔτους
1080 1178 1277 1238 Ἀβραὰμ
1304 1178 1488 1231 ἐξέδωκε.

234 1305 352 1362 Περὶ
389 1307 480 1349 τῶν
510 1302 619 1362 μετοέ
650 1301 730 1348 τὸν
767 1301 1081 1361 κατακλυσμὸν
1111 1299 1342 1360 Αἰγύπτου
1381 1299 1672 1354 δυναστειῶν,

738 1371 798 1426 ὥς
828 1371 852 1418 ὁ
879 1370 1168 1432 Ἀφρικανός.

235 1458 276 1505 α’
311 1459 440 1505 Effert)
471 1461 618 1511 νέκυας
649 1460 750 1512 τοὺς
778 1457 984 1516 ἡμιθέους
1005 1459 1150 1520 πρώτη
1169 1459 1363 1516 βασιλεία
1386 1463 1712 1518 καταριθμεῖται

337 1531 544 1586 βασιλέων
575 1531 707 1584 ὀκτώ,
749 1525 807 1573 ὧν
836 1536 1003 1589 πρῶτος
1038 1530 1196 1588 ΖΙἸήνης
1223 1532 1414 1587 Θεινίτης
1445 1525 1712 1586 ἕβασίλευσευ

162 1611 192 1646 C
339 1601 409 1658 ἔτι]
437 1599 524 1657 ξβ’·
563 1600 609 1652 ὃς
628 1599 709 1645 ὑπὸ
734 1600 1029 1659 ἶπποποτάμου
1057 1603 1297 1661 διαρπαγεὶς
1319 1599 1546 1660 διεφθάρη.

1722 969 1767 1004 10

1722 1362 1768 1399 15

297 1744 330 1778 1.
353 1754 410 1783 τις
424 1739 646 1787 καταμάθοι
666 1753 712 1776 m.
817 1737 852 1775 4.
880 1737 944 1784 ἔτη
969 1751 1032 1774 om.
1061 1740 1108 1774 G.
1205 1739 1243 1776 5.
1273 1735 1410 1785 ’ὗγειῶς
1434 1738 1480 1773 Β.
1581 1737 1616 1773 6.
1641 1734 1715 1772 τοῦ
1762 1756 1764 1758 v

291 1787 471 1836 Ἀβραὰμ]
498 1791 567 1825 τοῦ
590 1802 655 1824 om.
675 1790 717 1824 B.
815 1789 851 1823 7.
876 1787 1014 1823 καϊνάν
1037 1787 1089 1830 Β,
1116 1790 1152 1821 et
1168 1786 1272 1821 iufra.
1374 1789 1430 1821 10.
1455 1783 1714 1830 προαφήρπα-

296 1838 356 1880 ζεν
379 1836 419 1870 Β.
444 1835 744 1884 προαφὴρπαξευ
766 1836 810 1871 Α.
835 1835 1112 1881 προαφύρπαξε
1139 1836 1187 1870 G.
1285 1834 1342 1868 12.
1369 1831 1433 1877 ἔτη
1455 1844 1509 1867 om
1528 1834 1576 1867 G.
1614 1833 1655 1866 ln
1682 1831 1713 1865 B

298 1889 353 1918 est
382 1882 466 1920 ἔτει.
585 1887 640 1920 13.
677 1882 819 1931 ,γρπδἾ
870 1882 979 1931 γρπβ’
1007 1884 1054 1920 G.
1191 1880 1247 1918 14.
1290 1880 1545 1925 δυναστειῶν]
1597 1880 1715 1915 δυνα-

299 1932 421 1973 στείας
442 1932 483 1966 Β.
581 1933 636 1968 17.
666 1931 839 1976 Θεινίτης
856 1931 1018 1977 Scaliger
1042 1943 1078 1978 p.
1095 1930 1178 1966 351.
1208 1929 1401 1976 Θεεινίτης
1424 1928 1474 1962 G.
1564 1929 1619 1964 18.
1647 1930 1715 1962 Ιπ-

239 1999 241 2001 -
298 1978 524 2025 ποποτάμου
544 1991 587 2015 m.
614 1977 838 2025 Ιπποτάμου
858 1978 906 2013 G.

206 2094 356 2142 pretium
376 2094 481 2139 duxi,
506 2107 572 2142 quo
594 2095 720 2132 deinde
737 2096 884 2132 veritati
904 2095 1155 2142 scripturarum
1178 2094 1387 2129 conformem
1406 2091 1614 2129 sententiam
1635 2091 1714 2139 qui-

207 2143 263 2178 vis
282 2142 546 2189 deprehendere
564 2144 685 2189 possit.
732 2145 826 2180 Prae
851 2143 997 2190 reliquis
1022 2149 1137 2177 autem
1153 2142 1237 2177 mihi
1263 2146 1401 2175 constat
1420 2141 1622 2176 Africanum
1649 2152 1713 2174 an-

208 2189 262 2224 nis
290 2190 333 2225 ab
354 2190 484 2225 Adamo
507 2191 550 2226 ad
568 2191 734 2232 diluvium
759 2203 870 2238 usque
894 2191 1083 2226 numeratis
1110 2189 1197 2224 alios
1216 2188 1344 2233 viginti
1369 2188 1523 2223 adiicere
1552 2192 1588 2222 et
1618 2187 1714 2224 2242

208 2236 287 2271 vice
302 2238 398 2285 2262
429 2249 579 2284 ponere,
606 2240 698 2284 quod
727 2252 748 2274 a
772 2243 872 2279 recta
895 2238 1030 2274 ratione
1058 2238 1197 2283 penitus
1217 2236 1362 2271 alienum
1386 2235 1536 2271 videtur.
1598 2234 1715 2269 Euse—

208 2283 258 2318 bii
279 2295 362 2318 vero
386 2283 582 2331 scripturae
601 2286 824 2321 assentientis
849 2290 886 2321 et'
901 2284 995 2322 2242
1013 2284 1197 2320 scribentis
1223 2283 1340 2329 opinio
1371 2295 1457 2318 sana
1491 2287 1555 2317 est.
1607 2282 1716 2316 Certe

212 2331 434 2365 recensendis
450 2343 471 2367 a
488 2331 619 2367 diluvio
642 2334 687 2367 ad
712 2334 945 2368 Abrahamum
975 2337 1011 2367 et
1030 2332 1154 2366 Mosen
1183 2331 1282 2365 annis
1309 2334 1456 2376 uterque
1481 2329 1716 2365 hallucinatus

214 2381 269 2411 est
288 2389 452 2413 annorum
473 2380 541 2415 130
567 2391 706 2422 errore,
738 2381 864 2415 omisso
895 2380 1053 2415 nimirum
1079 2379 1215 2413 cainan
1245 2376 1350 2412 huius
1383 2377 1532 2412 nominis
1559 2376 1715 2412 secundo

212 2423 285 2458 filio
307 2425 521 2471 Arphaxad‚
545 2426 583 2460 id
606 2430 660 2461 est
679 2439 747 2462 una
775 2427 1019 2472 generatione,
1046 2426 1167 2461 ordine
1187 2426 1230 2460 ab
1251 2425 1382 2460 Adamo
1404 2425 1447 2460 13
1467 2424 1560 2470 apud
1579 2434 1716 2459 sacrum

214 2472 388 2518 evangelii
405 2473 608 2519 scriptorem
624 2474 753 2508 Lucam
771 2475 898 2520 posita.
940 2475 991 2509 Et
1009 2474 1195 2509 Atricanus
1216 2472 1353 2519 quidem
1371 2471 1501 2506 additis
1519 2473 1563 2507 ab
1583 2471 1715 2506 Adamo

214 2523 298 2553 ante
331 2519 499 2554 diluvium
526 2520 626 2555 annis
647 2522 715 2563 20,
743 2522 985 2557 subducendos
1014 2521 1180 2567 deinceps
1205 2520 1366 2561 censuit3
1401 2519 1492 2554 unde
1517 2524 1553 2554 et
1581 2517 1717 2553 cainan

213 2570 500 2612 posterorumque
523 2567 566 2601 ab
587 2579 628 2602 eo
660 2569 847 2604 numeratis
866 2570 963 2604 annis
992 2568 1056 2603 soli
1077 2571 1145 2605 110
1177 2568 1300 2602 deesse
1329 2565 1612 2612 comperiuntur-3
1647 2576 1717 2611 qua

213 2612 258 2647 de
275 2623 381 2648 causa
405 2613 449 2648 ad
478 2613 623 2660 primum
649 2616 822 2650 Abraham
857 2628 965 2651 annos
993 2615 1095 2650 etiam
1121 2616 1216 2652 3202
1246 2614 1374 2660 posuit.
1431 2613 1604 2648 Eusebius
1629 2623 1716 2647 vero

213 2659 403 2695 subtractis
422 2662 512 2704 130,
537 2661 628 2697 solos
648 2663 743 2700 3182
767 2662 956 2699 arbitratus
977 2668 1033 2698 est
1055 2662 1099 2698 ad
1133 2663 1277 2698 eandem
1296 2661 1441 2708 primam
1461 2661 1636 2696 Abraham
1655 2670 1716 2695 ae-

210 2709 319 2757 tatem
337 2707 530 2744 effluxisse.
938 2719 941 2722 ⁴

298 2789 356 2830 De
375 2791 546 2847 Aegypti
574 2799 669 2848 post
699 2793 899 2834 diluvium
923 2793 1121 2847 dynastiis
1151 2793 1203 2833 ad
1233 2798 1408 2833 mentem
1431 2790 1627 2831 Africani.

261 2855 295 2905 1'.
319 2869 477 2906 Sublatis
494 2871 562 2907 diis
579 2872 738 2907 manibus
763 2871 925 2911 semideis
952 2873 1098 2919 primum
1125 2884 1273 2919 regnum
1301 2882 1422 2918 regum
1450 2874 1528 2906 octo
1557 2875 1716 2916 tempore

327 2918 506 2962 excurrit,
531 2931 675 2966 quorum
704 2919 836 2966 primus
869 2920 993 2955 Menas
1012 2920 1220 2956 Theeinites
1251 2920 1350 2956 annis
1381 2920 1428 2955 62
1454 2918 1642 2965 imperavit
1679 2921 1717 2951 et

327 2965 371 2999 ab
390 2965 649 3014 Hippopotamo
666 2971 789 3014 raptus
806 2967 883 3003 luce
905 2967 1063 3014 privatus
1081 2974 1146 3002 est.
