1800 3236
556 200 1096 264 'CHRONoGR-APmA.
1485 211 1590 263 343

114 324 372 385 Ἰώσῆππου
399 324 450 370 ἐκ
478 327 558 382 τῆς
592 324 823 370 Φοινίκων
850 325 1097 383 μαρτυρίας
1125 323 1228 382 περὶ
1256 327 1335 382 τῆς
1369 327 1550 384 Τυρίων
1588 336 1620 370 Β

315 395 544 454 βασιλείας
571 394 649 440 καὶ
676 397 761 439 τοῦ
789 392 841 439 ἐν
864 391 1197 453 Ἱεροσολύμοις
1225 397 1356 440 ναοῦ.

178 481 298 526 ’Ἐστι
327 482 469 525 τοίνυν
495 481 614 539 παρὰ
646 482 820 541 Τυρίοις
850 481 935 525 ἀπὸ
956 479 1218 539 παμπόλλων
1238 482 1344 526 ἐτῶν
1361 479 1591 541 γράμματα

77 553 262 614 δημοσίᾳ
272 552 486 611 γραφέντα
497 553 566 596 καὶ
579 551 876 611 πεφυλαγμένα
885 553 980 596 λίαν
991 554 1208 609 ἐπιμελῶς,
1231 554 1275 597 ἓν
1286 551 1349 605 οἷς
1367 553 1592 611 γέγραπται

47 622 146 667 5ὅτι
168 620 190 666 ὅ
213 623 257 666 ἐν
270 619 576 681 Ἱεροσολύμοις
597 620 857 683 ᾠκοδομήθη
878 622 981 674 ναός
996 621 1077 667 ὑπὸ
1097 627 1350 679 Σολομῶνος
1366 627 1443 667 τοῦ
1463 627 1591 679 βασι-

76 693 180 744 λέως
189 692 297 737 ἴτεσι
314 697 480 736 θᾶττον
499 690 592 751 ρμγ’
602 694 670 736 καὶ
690 695 818 749 μησὶν
837 692 946 736 ὄκτῶ
968 698 1045 737 τοῦ
1064 694 1201 737 κτίσαι
1217 696 1402 752 Τυρίους
1412 697 1591 753 Καρχη-

76 761 197 808 δόνα.
228 761 440 822 ἀνεγράφη
461 764 506 806 δὲ
528 763 624 822 παρ’
637 765 792 806 ἐκείνου
813 763 889 806 οὔκ
906 761 1112 820 ἀλόγωςῆ
1134 769 1210 808 τοῦ
1224 769 1329 808 ναοῦ
1351 765 1586 822 κατασκευὴ
1611 776 1655 813 V.
1680 775 1748 814 146

74 837 152 878 τοῦ
164 833 261 892 παρ’
285 831 399 890 ἡμῖν.
438 835 634 891 Σίρωμος
653 833 732 891 γὰρ
756 831 778 877 ὅ
797 837 881 877 τῶν
895 835 1063 892 Τυρίων
1079 835 1278 889 βασιλεὺς
1301 836 1422 893 φίλος
1438 830 1490 891 ἦν
1510 840 1587 879 τοῦ

73 904 282 959 βασιλέως
311 902 433 960 ἡμῶν
453 908 707 959 Σολομῶνος
715 927 729 957 ,
767 903 973 960 πατρικὴν
1002 906 1144 962 φιλίαν
1164 904 1272 964 πρὸς
1292 905 1420 949 αὐτὸν
1441 907 1624 951 ‹hade-c

18 976 64 1011 10
77 972 265 1030 ξάμενος.
303 968 428 1025 οὗτος
458 969 535 1018 οὖν
565 971 1000 1032 συμφιλοτιμούμενος
1031 976 1089 1026 εἷς
1120 974 1197 1032 τὴν
1223 979 1302 1020 τοῦ
1324 975 1585 1020 κατασκευά-

73 1060 239 1100 σματος
256 1048 317 1104 τῷ
342 1047 564 1099 Σολομῶνι
582 1042 863 1102 λαμπρότητα
889 1045 1069 1103 χρυσίου
1089 1046 1168 1101 μὲν
1197 1045 1324 1089 εἷ’κοσι
1343 1047 1412 1090 καὶ
1434 1044 1583 1091 ἑκατὸν

55 1113 199 1172 ,ἔδωκε
214 1112 430 1158 τάλαντα·
464 1114 601 1170 τεμὼν
625 1115 671 1158 δὲ
692 1116 917 1171 καλλίστην
934 1113 1039 1172 ὕλην
1060 1116 1105 1159 ἐκ
1125 1120 1203 1160 τοῦ
1225 1115 1365 1173 ὄρους,
1402 1115 1424 1160 ὃ
1441 1121 1581 1160 καλεῖ-

71 1202 142 1229 ται
165 1186 384 1241 Λίβανος,
412 1186 470 1236 εἷς
487 1184 561 1229 τὸν
578 1183 743 1243 ,ὄροφον
763 1184 1011 1230 ἀπέστειλεν.
1050 1184 1370 1248 ἀντεδωρήσατο
1392 1187 1439 1230 δὲ
1462 1187 1578 1247 αὐτῷ

73 1253 96 1299 ὃ
120 1255 324 1311 Σολομὼν
343 1254 486 1306 ἄλλοις
512 1273 557 1299 τε
578 1259 750 1307 πολλοῖς
768 1257 837 1299 καὶ
858 1255 978 1299 διττὰ
997 1258 1066 1299 καὶ
1088 1255 1232 1314 χώραν
1250 1261 1327 1313 τῆς
1349 1259 1580 1309 Γαλιλαίας

16 1328 61 1364 15
74 1327 117 1369 ἐν
137 1330 191 1384 τῇ
213 1323 404 1385 Χαβόλῳ
424 1326 634 1384 λεγομένῃ.
671 1324 857 1383 μάλιστα
878 1326 923 1369 δ’
945 1327 1178 1378 αὖτοὺς-εἶς
1197 1329 1340 1385 φιλίαν
1359 1325 1385 1383 ἦ
1405 1332 1483 1384 τῆς
1502 1345 1578 1372 σο-

70 1398 171 1455 φίας
192 1394 420 1454 συνήγαγεν
442 1397 660 1452 ἕπιθυμία.
684 1394 969 1454 προβλήματα
991 1397 1070 1455 γὰρ
1091 1395 1289 1453 ἀλλήλοις
1307 1397 1578 1441 ἀντέστελλον

69 1465 181 1510 λύειν
212 1465 465 1521 κελεύοντες,
503 1469 572 1510 καὶ
601 1469 799 1524 κρείττων
830 1468 873 1509 ἒν
893 1465 1059 1518 τούτοις
1081 1463 1174 1524 ἦνὸ
1199 1467 1404 1522 Σολομῶν
1427 1469 1495 1511 καὶ
1521 1468 1576 1511 τὰ

67 1536 179 1581 ἄλλα
198 1535 450 1595 σοφώτερος.
475 1535 677 1590 σώζονται
699 1538 744 1580 δὲ
761 1537 880 1594 μέχρι
900 1538 1022 1594 δεῦρο
1042 1537 1158 1594 παρὰ
1177 1545 1264 1588 τοῖς
1277 1538 1447 1595 Τυρίοις
1465 1542 1564 1581 πολ-
1579 1549 1612 1583 D

72 1609 140 1650 λαὶ
173 1612 259 1651 τῶν
290 1608 541 1660 ἐπιστολῶν,
579 1606 630 1657 ἃς
659 1608 802 1650 ε’κιΐνοι
835 1598 941 1665 πρὸς
971 1606 1178 1663 ἀλλήλους
1207 1606 1402 1666 ἔγραφον.
1440 1606 1505 1651 ὅτι
1527 1610 1574 1652 δὲ

11 1677 120 1722 20οὗ
151 1675 276 1735 λόγος
308 1677 420 1720 ἐστὶν
450 1674 526 1719 ὑπ’
552 1678 654 1733 ἐμοῦ
675 1678 936 1734 συγκείμενος
959 1675 980 1720 ὅ
1003 1679 1096 1736 περὶ
1117 1682 1202 1721 τῶν
1225 1677 1340 1737 παρὰ
1364 1684 1451 1728 τοῖς
1482 1682 1570 1720 Τυ-

166 1769 200 1803 1.
221 1761 447 1811 Ἰωσήππου]
474 1764 592 1811 Antiq.
617 1765 726 1808 vm,
749 1766 784 1803 2.
808 1778 839 1801 c.
868 1765 994 1811 Apion.
1014 1765 1043 1803 Ι.
1068 1767 1126 1802 17.
1151 1766 1209 1802 18.
1250 1765 1352 1802 conf.
1378 1765 1571 1801 Eusebium

162 1813 194 1856 1,
220 1815 277 1849 17.
305 1824 339 1858 p.
360 1814 417 1849 79.
499 1811 698 1860 Ιώσηππος
717 1814 765 1848 G.
857 1813 893 1848 5.
919 1810 939 1848 ὃ
965 1824 1030 1850 om.
1050 1813 1099 1849 G.
1194 1814 1219 1850 5
1242 1818 1279 1847 et
1297 1816 1332 1851 9.
1357 1812 1573 1857 σολόμωνος

163 1860 238 1896 ΑΒ.
270 1860 520 1905 Σολομῶντος
538 1862 586 1896 G.
721 1863 756 1897 7.
780 1857 937 1902 ἐκείνοις
957 1872 1003 1896 m.
1024 1873 1028 1876 ⁴
1130 1861 1186 1897 11.
1214 1860 1331 1898 εἴκοσι
1347 1872 1412 1896 om.
1430 1860 1473 1895 Β.

165 1910 221 1944 15.
249 1907 456 1954 Ζαβουλών
478 1919 523 1942 m.
641 1909 773 1952 φιλίαν
793 1903 816 1952 ἡ
838 1908 917 1953 τῆς]
944 1906 1013 1954 τήν
1035 1908 1166 1954 φιλίαν
1188 1903 1212 1953 ἡ
1239 1909 1288 1943 G.
1392 1910 1449 1946 16.
1473 1904 1568 1950 ἐπή-

161 1967 274 2039 Ξαέεν
297 1956 347 1990 G.
462 1956 520 1991 17.
544 1955 721 2000 κρείττων
746 1967 790 1990 m.
814 1957 968 2000 κρείττω
989 1956 1034 1991 Β.
1059 1957 1228 2001 κρεῖττον
1250 1956 1298 1991 G.
1417 1956 1477 1992 20.
1504 1953 1571 2001 οὗ]

67 2075 266 2130 Iosephus
297 2089 349 2116 ex
378 2073 626 2115 Phoenicum
654 2074 923 2114 relationibus
961 2073 1012 2115 de
1041 2075 1262 2130 Tyriorum
1289 2088 1415 2128 regno
1447 2081 1488 2116 et
1517 2074 1568 2114 de

524 2132 904 2186 Hierosolymorum
932 2134 1102 2187 templo.

161 2201 320 2236 Litterae
335 2200 485 2247 publicis
505 2200 723 2235 monimentis
739 2199 963 2245 consignatae
988 2200 1032 2236 ab
1052 2200 1155 2235 annis
1179 2199 1338 2248 plurimis
1362 2200 1399 2235 in
1424 2200 1567 2235 hodier-

68 2260 148 2283 num
171 2261 282 2294 usque
307 2249 397 2283 diem
422 2247 576 2283 fideliter
597 2247 687 2293 apud
708 2247 840 2293 Tyrios
858 2253 1104 2290 asservantur,
1126 2247 1164 2282 in
1182 2247 1307 2294 quibus
1327 2248 1477 2294 legitur,
1502 2258 1565 2282 an-

68 2296 124 2330 nis
157 2295 224 2331 143
252 2300 289 2330 et
315 2295 490 2330 mensibus
516 2300 617 2336 octo,
641 2294 841 2340 priusquam
859 2306 880 2330 a
897 2294 1018 2341 Tyriis
1037 2295 1218 2340 Carthago
1240 2300 1520 2337 construeretur,
1544 2306 1567 2329 a

66 2342 251 2377 Salomone
278 2353 363 2387 rege
390 2341 641 2388 Hierosolymis
674 2342 839 2387 templum
870 2341 983 2376 fuisse
1014 2346 1262 2377 constructum.
1317 2342 1445 2377 Nostri
1480 2352 1566 2376 vero

66 2390 189 2435 templi
216 2395 408 2435 apparatus
434 2393 471 2423 et
499 2394 642 2423 ornatus
670 2389 859 2422 scitissime
894 2389 938 2423 ab
971 2399 1013 2423 eo
1042 2389 1264 2425 describitur.
1319 2389 1453 2424 Iromus
1477 2389 1566 2423 enim

67 2436 260 2482 Tyriorum
281 2447 342 2470 rex
362 2447 490 2470 summa
512 2434 771 2470 necessitudine
790 2435 965 2470 Salomoni
982 2436 1057 2481 regi
1078 2442 1198 2471 nostro
1212 2462 1222 2479 ,
1248 2440 1394 2482 paterno
1419 2436 1564 2470 foedere

67 2484 112 2519 ad
131 2494 210 2518 eum
227 2488 380 2524 servato,
406 2483 588 2517 devinctus
606 2487 695 2524 erat,
718 2483 921 2528 mutuisque
937 2483 1200 2518 benevolentiae
1216 2484 1327 2529 signis
1341 2484 1384 2519 ab
1400 2495 1442 2517 eo
1459 2494 1564 2517 exce-

92 2536 173 2573 tus,
198 2530 243 2564 ad
262 2529 526 2576 praeparandae
543 2529 665 2574 templi
687 2530 854 2563 materiae
873 2529 1024 2571 cultum,
1050 2530 1226 2565 Salomoni
1249 2530 1326 2565 auri
1349 2530 1487 2576 quidem
1507 2533 1564 2563 ta·-

67 2542 163 2612 l'enta
181 2579 251 2613 120
269 2576 432 2618 donavit,
457 2580 493 2610 et
520 2587 565 2610 ex
583 2580 719 2618 moute,
745 2576 802 2610 cui
823 2587 944 2611 nomen
961 2576 1136 2619 Libanus,
1161 2577 1206 2612 ad
1223 2577 1308 2612 tecti
1327 2576 1563 2621 contignatio-

66 2634 145 2659 nem
172 2623 437 2665 exstruendam,
467 2623 665 2657 immensam
692 2623 884 2658 excisorum
907 2623 1080 2669 lignorum
1107 2624 1232 2668 silvam,
1256 2624 1467 2664 transmisit3
1502 2633 1563 2656 ae-

67 2671 163 2717 quali
184 2683 269 2706 vero
295 2681 471 2705 munerum
489 2669 601 2714 pretio
621 2669 856 2715 compensavit
873 2682 952 2705 eum
970 2671 1150 2714 Salomon,
1174 2676 1247 2706 tum
1267 2672 1345 2706 aliis
1371 2669 1561 2716 plerisque,

67 2722 140 2752 tum
165 2718 268 2753 etiam
290 2728 455 2751 concessa
481 2716 666 2751 Galilaeae
691 2717 836 2762 regione
859 2717 1036 2760 Zabulon,
1061 2718 1272 2753 Chabalonis
1294 2715 1561 2763 appellationem

68 2764 208 2799 sortita.
257 2765 453 2809 Utrumque
483 2763 617 2798 demum
644 2775 751 2809 supra
778 2764 912 2799 modum
940 2765 1135 2810 sapientiae
1161 2765 1316 2800 studium
1344 2763 1390 2798 ad
1414 2762 1563 2797 invicem

68 2811 298 2854 constrinxit3
321 2811 436 2846 missis
451 2810 585 2856 quippe
598 2815 718 2845 mutuo
735 2811 850 2846 dubiis
876 2812 1160 2858 quaestionibus,
1184 2812 1343 2857 superior
1362 2820 1563 2855 usquequa·

67 2869 139 2904 que
167 2870 210 2893 ac
236 2859 384 2893 scientia
411 2863 591 2903 praestare
611 2857 771 2893 Salomon
799 2860 897 2893 visus
924 2862 1000 2901 est3
1024 2864 1063 2894 et
1080 2859 1125 2894 ad
1152 2860 1240 2893 haec
1267 2868 1377 2902 usque
1403 2860 1564 2909 tempora

68 2904 188 2950 plures
207 2917 250 2939 ex
271 2905 429 2952 epistolis
455 2905 501 2939 ad
521 2916 599 2939 sese
618 2904 765 2940 invicem
784 2905 897 2940 missis
921 2906 1013 2952 apud
1031 2906 1162 2951 Tyrios
1182 2909 1419 2939 asservantur.
1467 2904 1563 2937 Sane

22 2995 28 3004 ‘
68 2951 217 2988 sermoni
236 2952 281 2988 de
307 2952 500 2999 Tyriorum
536 2951 666 2988 litteris
692 2965 715 2990 a
746 2965 801 2989 me
826 2952 862 2989 in
889 2953 1036 2990 medium
1057 2953 1196 2999 prolato
1226 2955 1349 2986 testem
1377 2949 1562 2996 adiungam
