1800 3236
175 194 276 241 122
379 247 381 249 ,
508 164 511 173 Χ
642 193 896 240 GEoRGn
925 168 1214 238 SYNCELLI

174 309 275 361 τοὺς
297 307 406 353 κατὰ
435 306 627 368 Χριστὸν
644 302 1020 367 φιλοσοφήσαντας
1051 305 1096 356 ἐξ
1117 298 1327 359 Ἑλλήνων
1357 296 1589 358 Κλήμεντα
1615 299 1691 346 τὸν

177 378 440 439 Στρωματὲα
462 380 532 423 καὶ
547 377 772 431 Τατιανόν,
797 374 854 428 ὥς
869 375 997 426 αὐτὸς
1009 374 1214 429 Εὐσέβιος
1235 373 1278 416 ἐν
1300 375 1361 432 τῷ
1382 373 1591 432 προοιμίῳ
1613 376 1690 417 τοῦ

137 459 171 496 D
184 449 359 503 κανόνος
380 444 465 495 ὧδέ
482 467 572 501 πως
589 447 764 508 γράφων
781 451 1096 504 συμμαρτυρεῖ·
1132 442 1324 487 Μωῢσὲα
1340 443 1457 500 γένος
1473 440 1687 501 Ἓβραΐον,

181 525 413 581 προφητῶν
434 518 629 564 ἁπάντων
650 522 833 577 πρῶτον,
850 516 958 574 ἀμφὶ
976 519 1053 559 τοῦ
1073 518 1265 572 σωτῆρος
1276 512 1412 571 ἡμῶν,
1428 513 1534 571 λέγω
1553 514 1600 559 δὲ
1612 517 1690 557 τοῦ

182 596 392 652 Χριστοῦ,
419 591 532 649 ἀμφί
547 607 590 634 τε
603 593 679 646 τῆς
698 592 782 633 τῶν
802 588 941 630 ἐθνῶν
961 585 1023 647 δι’
1039 585 1171 629 αὐτοῦ
1190 585 1453 642 θεογνωσίας
1468 583 1722 642 χρησμοῦςό

184 665 256 708 καὶ
275 661 394 721 λόγια
413 666 513 706 θεῖα
530 664 676 719 γραφῇ
697 654 1052 717 παραδεδωκότα,
1079 662 1169 707 τοΐς
1178 653 1352 714 χρόνοις
1373 653 1561 712 ἀκμάσαι
1581 654 1691 712 κατὰ

173 733 340 791 Ἴναχον
358 730 568 791 εἰρήκασιν
586 729 736 789 ἄνδρες
755 730 798 773 ἐν
817 725 1030 772 παιδεύσει
1047 724 1263 786 γνώριμοι,
1279 723 1475 784 Κλήμης,
1486 725 1692 784 Ἀφρικα-

183 806 269 860 νὸς,
296 802 517 856 Τατιανός,
536 805 613 846 τοῦ
626 800 737 845 καθ’
758 797 872 857 ἡμᾶς
889 796 1015 856 λόγου
1036 802 1123 842 τῶν
1140 815 1184 842 τε
1204 798 1251 841 ἐκ
1268 802 1496 856 περιτομῆς
1510 795 1693 854 Ἰώσηπ-

47 885 91 924 Ρ.
115 887 162 925 66
184 893 263 927 πος
280 875 348 918 καὶ
365 874 548 924 Ἰοῦστος
567 873 682 923 ἰδίως
701 870 877 921 ἕκαστος
894 869 972 926 τὴν
991 867 1204 921 ἀπόδειξιν
1223 869 1269 913 ἐκ
1289 871 1474 920 παλαιᾶς
1493 865 1692 924 ὗποσχών

182 946 383 1004 ἱστορίας.
419 943 584 1000 Ἴναχος
606 943 653 986 δὲ
686 945 770 986 τῶν
784 939 972 985 Ἰλιακῶν
1003 939 1136 984 ἔτεσιν
1166 938 1432 991 ἑπτακοσίοις
1458 935 1690 998 πρεσβεύει.
1706 947 1752 983 10

177 1016 426 1073 Ἑλληνικῶν
447 1014 492 1058 δὲ
512 1010 772 1073 φιλοσόφων,
786 1010 911 1063 ὅστις
931 1012 1033 1056 ποτὲ
1055 1005 1107 1069 ἦν
1130 1012 1284 1062 ε’κεῖνος
1307 1009 1414 1070 ἀνὴρ
1437 1007 1459 1054 ὃ
1480 1009 1560 1067 τὴν
1580 1007 1691 1054 καθ’

182 1086 303 1146 ἡμῶν
322 1084 526 1142 συσκευὴν
549 1082 904 1143 προβεβλημένος,
939 1083 983 1127 ἓν
1002 1087 1055 1141 τῇ
1080 1079 1118 1125 δ’
1137 1086 1216 1139 τῆς
1233 1084 1292 1133 εἷς
1313 1079 1456 1139 μάτην
1476 1080 1593 1141 αὐτῷ
1613 1097 1695 1124 πο·-

148 1207 156 1210 ,
182 1159 385 1216 νηθείσης
421 1154 527 1200 καθ’
561 1152 682 1212 ἡμῶν
707 1151 956 1205 ῦποθέσεως
986 1153 1069 1212 πρὸ
1099 1157 1186 1197 τῶν
1232 1150 1504 1212 Σεμιράμεως
1526 1148 1696 1210 χρόνων

182 1226 463 1274 τὸνῘῑθωῦσεά
487 1226 681 1284 γενέσθαι
703 1226 831 1284 φησί·
867 1222 1078 1282 βασιλεύει
1099 1225 1144 1268 δὲ
1155 1223 1391 1282 Ἀσσυρίων
1409 1221 1437 1281 ἡ
1463 1224 1701 1282 Σεμίραμις.

181 1297 372 1358 πρόσθεν
409 1297 515 1342 ἔτεσι
557 1294 592 1341 ν’
622 1295 728 1355 πρὸς
766 1302 856 1347 τοΐς
890 1293 942 1354 ρ’.
993 1293 1100 1340 ὥστε
1137 1292 1240 1339 εἶναι
1275 1294 1386 1340 κατὰ
1417 1298 1573 1345 τοῦτον
1606 1297 1694 1337 τῶν
1707 1301 1754 1339 15

161 1366 163 1368 ’
185 1374 389 1429 Τρωΐκῶν
428 1367 623 1413 Μωῦσέα
654 1364 939 1426 πρεσβύτερον
967 1363 1003 1410 ν’
1036 1367 1106 1410 καὶ
1139 1363 1186 1410 ω’
1219 1365 1364 1414 ἴτεσιν.
1416 1364 1495 1423 {yet
1522 1364 1569 1408 δὲ
1602 1364 1698 1423 περὶ

182 1445 340 1486 πολλοῦ
370 1438 444 1483 τὸν
473 1439 618 1496 ἀληθῆ
649 1436 774 1496 λόγον
806 1434 1043 1494 τιμώμενος
1071 1438 1140 1480 καὶ
1171 1436 1221 1481 τὸ
1251 1436 1421 1496 ἀκριβὲς
1452 1434 1695 1492 ἀνιχνεῦσαι

183 1511 254 1556 διὰ
282 1512 471 1568 σπουδῆς
498 1509 773 1569 προύθέμην·
810 1507 933 1554 ἔνθεν
962 1500 1168 1568 ὁρμηθεὶς
1193 1508 1237 1552 ἐν
1255 1508 1333 1565 μὲν
1364 1511 1418 1567 τῇ
1436 1506 1519 1566 πρὸ
1539 1503 1700 1563 ταύτης

275 1624 311 1659 2.
336 1618 389 1665 ὥς
406 1618 523 1665 αὐτὸς
535 1622 577 1657 Β.
603 1617 656 1664 ὥς
676 1617 802 1664 αὕτως
825 1621 869 1657 Α.
895 1615 1079 1663 (ὅσαύτως
1105 1621 1154 1656 G.
1250 1621 1305 1670 τῷ
1324 1619 1528 1668 προοιμίῳ]
1550 1620 1593 1655 Ρ.
1611 1618 1695 1656 221.

275 1672 331 1706 ed.
356 1671 443 1706 Mai.
537 1671 573 1707 3.
599 1665 689 1716 ὦδε]
712 1666 806 1706 οὗδέ
825 1670 873 1704 G.
951 1667 1051 1707 κατὰ
1068 1667 1177 1716 γένος
1195 1670 1367 1718 Εβραῒον
1387 1680 1431 1705 m.
1475 1702 1490 1712 ,,
1506 1668 1698 1716 ςΕβραῖον

275 1718 438 1764 Scaliger
469 1730 505 1766 p.
535 1718 594 1754 87.
636 1718 842 1763 Legebatur
863 1717 1056 1766 Εβραίων.
1160 1715 1195 1753 4.
1227 1718 1300 1754 τοῦ
1327 1711 1496 1763 σωτῆρᾶξ
1522 1714 1698 1760 Scaliger.

274 1764 367 1807 τούς
386 1765 457 1811 πρὸ
479 1765 517 1810 ἐξ
538 1766 587 1800 G.
682 1768 716 1803 6.
748 1767 843 1802 θεῖα
863 1766 907 1800 Α.
937 1767 1030 1803 θεία
1055 1764 1099 1801 Β.
1122 1765 1216 1813 θείᾳ
1234 1765 1283 1800 G.
1379 1761 1696 1810 παραδεδωκότα]

273 1811 594 1859 παραδεδωκότας
611 1813 660 1848 G.
758 1815 814 1849 10.
847 1817 985 1859 Ιναχον
1010 1815 1057 1852 G.
1165 1813 1326 1849 1λιακιὸν
1354 1824 1400 1847 m.
1436 1811 1618 1847 Ηλιακῶν
1645 1810 1695 1845 G.

323 1859 490 1898 ἕτεσινΒ.
517 1859 716 1908 ἕστησενΑ.
742 1858 901 1908 ἔστησαν
922 1863 970 1897 G.
989 1843 1024 1883 χ
1049 1858 1263 1909 πρεσβεύει]
1288 1860 1494 1907 Legebatur
1513 1854 1698 1907 πρεσβεύ-

279 1921 348 1949 ειν.
444 1912 503 1948 11.
527 1906 669 1951 ἐκεῖνος
687 1920 753 1943 om.
773 1909 823 1943 G.
921 1911 979 1946 12.
1005 1906 1134 1947 αὐτῶν
1156 1909 1256 1955 (nam
1267 1907 1319 1942 sic
1337 1907 1432 1952 AB.)
1457 1918 1521 1943 om.
1542 1907 1592 1941 G.
1624 1906 1699 1941 Re-

279 1955 359 2004 cepi
378 1956 553 2003 Scaligeri
573 1956 826 1994 correctionem
845 1951 963 2006 αὗτῷ.
1059 1957 1116 1994 14.
1151 1953 1307 2003 μωῦσέοι
1326 1955 1368 1992 Β.
1393 1954 1539 1990 Μωσέα
1564 1954 1614 1988 G.

280 2002 323 2041 δὲ
350 2003 415 2040 καὶ
441 2004 490 2041 G.
594 2006 654 2042 15.
684 2005 849 2049 τοῦτον]
881 2003 1031 2041 τούτων
1056 2005 1099 2040 Β.
1206 2005 1265 2041 17.
1299 2000 1530 2049 τιμούμενος
1555 2001 1606 2036 G.

852 2078 856 2082 ⁴
908 2073 949 2091 ⁴0

187 2109 310 2135 versos
329 2097 457 2133 habeat
475 2098 536 2145 qui
554 2110 597 2134 ex
615 2098 767 2134 Graecis
788 2097 833 2134 ad
851 2098 1078 2134 christianam
1093 2096 1348 2144 philosophiam
1364 2095 1593 2139 transierunt,
1618 2094 1700 2131 Cle-

188 2149 336 2182 mentem
352 2145 431 2180 dico
450 2145 649 2182 Stromaton
671 2146 888 2183 inventorem
908 2151 946 2181 et
962 2146 1164 2181 Tatianum.
1212 2145 1361 2180 Accedit
1385 2144 1609 2181 nihilominus
1623 2143 1701 2179 Eu·-

190 2192 308 2228 sebius
327 2193 445 2235 testis,
468 2198 505 2228 et
520 2193 556 2229 in
575 2194 729 2229 Canonis
747 2194 967 2240 praefatione
981 2194 1018 2228 in
1037 2194 1128 2228 hunc
1145 2193 1220 2228 fere
1237 2193 1376 2228 modum
1393 2191 1533 2227 scribit.
1574 2192 1701 2227 Mosen

189 2240 388 2276 Hebraeum
408 2252 557 2286 genere,
582 2242 831 2288 prophetarum
850 2241 998 2276 omnium
1017 2241 1297 2287 antesignanum,
1323 2252 1399 2275 cum
1419 2239 1594 2286 quoad-es,
1610 2249 1701 2285 quae

125 2310 127 2314 .
190 2299 277 2330 nos,
300 2287 338 2321 id
358 2291 434 2329 est,
459 2287 634 2323 Christum
655 2294 945 2335 praecesserunt,
969 2294 1041 2324 tum
1062 2288 1177 2335 quoad
1197 2288 1291 2330 alia,
1316 2299 1407 2334 quae
1433 2287 1478 2322 de
1497 2286 1555 2323 dei
1575 2285 1701 2320 notitia

192 2346 258 2382 per
280 2346 355 2369 eum
373 2340 517 2381 accepta
534 2343 615 2371 sunt
633 2338 793 2380 oracula,
818 2336 877 2371 vel
894 2337 998 2371 etiam
1015 2336 1129 2382 quoad
1157 2335 1278 2371 divina
1295 2335 1406 2371 verba
1424 2333 1570 2382 scriptis
1587 2333 1702 2368 tradi-

170 2416 172 2419 .
191 2387 252 2424 ta,
277 2386 434 2428 tempore
458 2382 579 2417 Inachi
598 2383 777 2427 floruisse,
799 2383 867 2419 viri
887 2383 1084 2419 eruditione
1099 2383 1282 2430 conspicui
1303 2382 1476 2424 Clemens,
1500 2381 1701 2422 Africanus,

193 2428 392 2471 Tatianus,
418 2428 480 2475 qui
508 2430 652 2465 eandem
681 2431 856 2467 nobiscum
887 2431 1095 2478 profitentur
1122 2430 1226 2466 fidem
1244 2457 1254 2474 ‚
1282 2434 1321 2464 et
1339 2442 1383 2465 ex
1401 2428 1542 2464 Iudaeis
1561 2439 1702 2475 quoque

193 2475 363 2522 Iosephus
383 2479 418 2510 et
433 2477 571 2520 Iustus,
598 2478 712 2513 allatis
730 2490 752 2513 a
768 2478 914 2524 singulis
941 2479 1137 2525 quibusque
1154 2477 1317 2524 privatim
1337 2489 1382 2512 ex
1407 2481 1531 2511 vetere
1554 2475 1702 2510 historia

193 2523 567 2566 demonstrationibus,
592 2525 864 2561 affirmaverunt.
911 2526 1077 2562 Inachum
1092 2538 1177 2561 vero
1196 2527 1302 2561 rebus
1322 2524 1366 2559 ad
1387 2524 1488 2558 Ilium
1506 2522 1619 2569 gestis
1638 2522 1714 2557 ειη-Γ

194 2570 250 2609 nis
280 2570 512 2616 septingentis
548 2575 632 2606 natu
670 2572 835 2608 maiorem
869 2573 977 2607 fuisse
1011 2577 1219 2609 statuerunt.
1268 2571 1566 2607 Graecanicorum
1597 2581 1702 2616 porro

194 2617 481 2700 philosophorum
500 2617 658 2664 quisquis
676 2619 743 2654 fuit
764 2620 835 2662 ille,
861 2621 921 2665 qui
935 2620 1064 2655 nostris
1089 2620 1314 2667 opinionibus
1332 2617 1533 2654 evertendis
1549 2617 1703 2659 studuit,

209 2666 285 2700 ibro
303 2666 486 2702 adversum
507 2677 570 2700 nos
591 2667 708 2711 operis
732 2667 922 2712 conscripti
947 2673 1091 2713 quarto,
1115 2669 1218 2714 longe
1237 2671 1319 2702 ante
1338 2665 1585 2702 Semiramidos
1604 2669 1704 2699 aeta-

195 2717 266 2748 tem
289 2713 413 2750 Mosen
430 2718 613 2748 asseverat
630 2713 780 2756 vixisse3
804 2714 903 2748 annis
923 2715 1011 2749 enim
1028 2721 1164 2750 centum
1186 2720 1223 2750 et
1240 2713 1497 2760 quinquaginta
1517 2712 1616 2759 prius
1635 2711 1703 2747 As-

195 2759 302 2806 syriis
325 2758 526 2795 Semiramis
541 2759 776 2806 imperaverat
789 2786 800 2802 ‚
822 2761 910 2795 adeo
930 2767 969 2796 ut
993 2762 1136 2797 Troicis
1155 2762 1371 2808 temporibus
1402 2760 1501 2796 annis
1529 2759 1704 2805 quinqua-

194 2807 295 2853 ginta
313 2818 421 2852 supra
437 2806 680 2852 octingentos,
705 2819 746 2842 eo
771 2807 909 2854 quidem
931 2808 1068 2852 iudice,
1094 2810 1222 2845 Mosen
1241 2813 1421 2855 oporteret
1444 2819 1522 2842 esse
1546 2806 1703 2853 superio-

195 2866 280 2890 rem.
327 2854 408 2900 Ego
426 2865 523 2897 sane,
548 2854 605 2889 cui
621 2854 773 2890 veritate
791 2855 877 2889 nihil
895 2860 950 2889 est
969 2856 1159 2902 antiquius3
1185 2862 1316 2903 quanto
1338 2854 1439 2902 potui
1458 2854 1588 2897 studio,
1611 2852 1704 2909 quod

194 2901 233 2937 in
253 2913 295 2936 ea
314 2900 484 2936 sincerius
501 2905 556 2937 est
576 2906 613 2938 et
637 2901 793 2937 sanctius
819 2913 955 2948 semper
982 2903 1200 2950 investigare
1225 2902 1417 2950 proposui;
1439 2901 1594 2947 dataque
1622 2901 1706 2938 mdo

196 2953 302 2997 porta
319 2960 398 2989 cum
417 2959 472 2986 me
492 2948 540 2989 ad
555 2948 753 2988 huiusmodi
769 2960 856 2998 opus
881 2949 1096 2987 condendum
1115 2962 1363 3000 praepararem
1387 2954 1497 2999 atque
1511 2949 1595 2986 hinc
1620 2947 1706 2985 inde
