<?xml version="1.0" encoding="UTF-8"?>
<!DOCTYPE html PUBLIC "-//W3C//DTD XHTML 1.0 Transitional//EN"
    "http://www.w3.org/TR/xhtml1/DTD/xhtml1-transitional.dtd">
<html xmlns="http://www.w3.org/1999/xhtml" xml:lang="en" lang="en">
 <head>
  <title>
</title>
<meta http-equiv="Content-Type" content="text/html;charset=utf-8" />
  <meta name='ocr-system' content='tesseract 3.04.00' />
  <meta name='ocr-capabilities' content='ocr_page ocr_carea ocr_par ocr_line ocrx_word'/>
</head>
<body>
  <div class='ocr_page' id='page_1' title='image "./corpusscriptorum20niebuoft_0068.png"; bbox 0 0 1754 3236; ppageno 0'>
   <div class='ocr_carea' id='block_1_1' title="bbox 180 199 1208 251">
    <p class='ocr_par' dir='ltr' id='par_1_1' title="bbox 180 199 1208 251">
     <span class='ocr_line' id='line_1_1' title="bbox 180 199 1208 251; baseline -0.008 0"><span class='ocrx_word' id='word_1_1' title='bbox 180 200 247 251; x_wconf 84' lang='lat'><strong><em>54</em></strong></span> <span class='ocrx_word' id='word_1_2' title='bbox 645 202 896 251; x_wconf 86' lang='lat' dir='ltr'>GEORGII</span> <span class='ocrx_word' id='word_1_3' title='bbox 923 199 1208 249; x_wconf 89' lang='lat' dir='ltr'>SYNCELLI</span> 
     </span>
    </p>
   </div>
   <div class='ocr_carea' id='block_1_2' title="bbox 131 307 1754 1788">
    <p class='ocr_par' dir='ltr' id='par_1_2' title="bbox 186 307 1687 374">
     <span class='ocr_line' id='line_1_2' title="bbox 186 307 1687 374; baseline -0.009 -11"><span class='ocrx_word' id='word_1_4' title='bbox 186 320 252 363; x_wconf 75' lang='grc' dir='ltr'><strong><em>ἐπὶ</em></strong></span> <span class='ocrx_word' id='word_1_5' title='bbox 272 317 346 363; x_wconf 83' lang='grc' dir='ltr'><strong><em>τὸν</em></strong></span> <span class='ocrx_word' id='word_1_6' title='bbox 357 316 530 362; x_wconf 76' lang='grc' dir='ltr'><strong><em>δέκατον</em></strong></span> <span class='ocrx_word' id='word_1_7' title='bbox 548 312 767 374; x_wconf 84' lang='grc' dir='ltr'><strong><em>λεγόμενον</em></strong></span> <span class='ocrx_word' id='word_1_8' title='bbox 785 313 892 374; x_wconf 76' lang='grc' dir='ltr'><strong><em>παρ’</em></strong></span> <span class='ocrx_word' id='word_1_9' title='bbox 911 313 1055 365; x_wconf 75' lang='grc' dir='ltr'><strong><em>αὐτοῖς</em></strong></span> <span class='ocrx_word' id='word_1_10' title='bbox 1074 311 1321 370; x_wconf 80' lang='grc' dir='ltr'><strong><em>Ξίσουθρον</em></strong></span> <span class='ocrx_word' id='word_1_11' title='bbox 1342 307 1500 363; x_wconf 68' lang='grc' dir='ltr'><strong><em>οὕτως·</em></strong></span> <span class='ocrx_word' id='word_1_12' title='bbox 1531 307 1687 374; x_wconf 79' lang='grc' dir='ltr'><strong><em>Ἀρδά-</em></strong></span> 
     </span>
    </p>

    <p class='ocr_par' dir='ltr' id='par_1_3' title="bbox 131 382 1751 1151">
     <span class='ocr_line' id='line_1_3' title="bbox 131 382 1689 444; baseline -0.003 -11"><span class='ocrx_word' id='word_1_13' title='bbox 131 417 134 420; x_wconf 60' lang='lat'><strong>&gt;</strong></span> <span class='ocrx_word' id='word_1_14' title='bbox 150 405 266 441; x_wconf 87' lang='grc' dir='ltr'><strong><em>Βτου</em></strong></span> <span class='ocrx_word' id='word_1_15' title='bbox 298 389 344 433; x_wconf 74' lang='grc' dir='ltr'><strong><em>δὲ</em></strong></span> <span class='ocrx_word' id='word_1_16' title='bbox 364 384 686 444; x_wconf 77' lang='grc' dir='ltr'><strong><em>τελευτήσαντος</em></strong></span> <span class='ocrx_word' id='word_1_17' title='bbox 703 386 776 431; x_wconf 80' lang='grc' dir='ltr'><strong><em>τὸν</em></strong></span> <span class='ocrx_word' id='word_1_18' title='bbox 797 385 889 430; x_wconf 78' lang='grc' dir='ltr'><strong><em>υἱὸν</em></strong></span> <span class='ocrx_word' id='word_1_19' title='bbox 911 384 1041 429; x_wconf 77' lang='grc' dir='ltr'><strong><em>αὐτοῦ</em></strong></span> <span class='ocrx_word' id='word_1_20' title='bbox 1064 382 1312 442; x_wconf 82' lang='grc' dir='ltr'><strong><em>Ξίσουθρον</em></strong></span> <span class='ocrx_word' id='word_1_21' title='bbox 1340 385 1589 439; x_wconf 82' lang='grc' dir='ltr'><strong><em>βασιλεῦσαι</em></strong></span> <span class='ocrx_word' id='word_1_22' title='bbox 1609 382 1689 428; x_wconf 72' lang='grc' dir='ltr'><strong><em>σά-ι·</em></strong></span> 
     </span>
     <span class='ocr_line' id='line_1_4' title="bbox 188 453 1686 518; baseline -0.003 -14"><span class='ocrx_word' id='word_1_23' title='bbox 188 477 289 518; x_wconf 88' lang='grc' dir='ltr'><strong><em>ρους</em></strong></span> <span class='ocrx_word' id='word_1_24' title='bbox 328 458 628 504; x_wconf 77' lang='grc' dir='ltr'><strong><em>ὀκτωκαίδεκα·</em></strong></span> <span class='ocrx_word' id='word_1_25' title='bbox 676 458 742 500; x_wconf 74' lang='grc' dir='ltr'><strong><em>ἐπὶ</em></strong></span> <span class='ocrx_word' id='word_1_26' title='bbox 781 453 934 501; x_wconf 80' lang='grc' dir='ltr'><strong><em>τούτου</em></strong></span> <span class='ocrx_word' id='word_1_27' title='bbox 976 455 1104 513; x_wconf 85' lang='grc' dir='ltr'><strong><em>μέγαν</em></strong></span> <span class='ocrx_word' id='word_1_28' title='bbox 1142 453 1438 510; x_wconf 86' lang='grc' dir='ltr'><strong><em>κατακλυσμὸν</em></strong></span> <span class='ocrx_word' id='word_1_29' title='bbox 1476 454 1686 512; x_wconf 84' lang='grc' dir='ltr'><strong><em>γενέσθαι.</em></strong></span> 
     </span>
     <span class='ocr_line' id='line_1_5' title="bbox 186 522 1688 588; baseline -0.002 -15"><span class='ocrx_word' id='word_1_30' title='bbox 186 527 504 588; x_wconf 65' lang='grc' dir='ltr'><em>ἀναγεγράφθω</em></span> <span class='ocrx_word' id='word_1_31' title='bbox 535 529 585 573; x_wconf 73' lang='grc' dir='ltr'><strong><em>δὲ</em></strong></span> <span class='ocrx_word' id='word_1_32' title='bbox 609 527 682 572; x_wconf 80' lang='grc' dir='ltr'><strong><em>τὸν</em></strong></span> <span class='ocrx_word' id='word_1_33' title='bbox 712 524 835 585; x_wconf 82' lang='grc' dir='ltr'><strong><em>λόγον</em></strong></span> <span class='ocrx_word' id='word_1_34' title='bbox 865 524 999 577; x_wconf 73' lang='grc' dir='ltr'><strong><em>οὕτως</em></strong></span> <span class='ocrx_word' id='word_1_35' title='bbox 1014 539 1023 551; x_wconf 87' lang='grc'>·</span> <span class='ocrx_word' id='word_1_36' title='bbox 1061 524 1135 570; x_wconf 80' lang='grc' dir='ltr'><strong><em>τὸν</em></strong></span> <span class='ocrx_word' id='word_1_37' title='bbox 1155 522 1324 584; x_wconf 82' lang='grc' dir='ltr'><strong><em>Κρόνον</em></strong></span> <span class='ocrx_word' id='word_1_38' title='bbox 1348 524 1593 585; x_wconf 77' lang='grc' dir='ltr'><strong><em>αὖτῷκατά</em></strong></span> <span class='ocrx_word' id='word_1_39' title='bbox 1613 525 1688 570; x_wconf 81' lang='grc' dir='ltr'><strong><em>τὸν</em></strong></span> 
     </span>
     <span class='ocr_line' id='line_1_6' title="bbox 184 594 1718 657; baseline -0.004 -13"><span class='ocrx_word' id='word_1_40' title='bbox 184 599 317 644; x_wconf 69' lang='grc' dir='ltr'><strong><em>ὕπνον</em></strong></span> <span class='ocrx_word' id='word_1_41' title='bbox 346 597 570 643; x_wconf 73' lang='grc' dir='ltr'><strong><em>’ἐπιστάντα</em></strong></span> <span class='ocrx_word' id='word_1_42' title='bbox 602 595 733 657; x_wconf 80' lang='grc' dir='ltr'><strong><em>φάναι</em></strong></span> <span class='ocrx_word' id='word_1_43' title='bbox 764 597 895 654; x_wconf 85' lang='grc' dir='ltr'><strong><em>μηνὸς</em></strong></span> <span class='ocrx_word' id='word_1_44' title='bbox 916 596 1099 641; x_wconf 83' lang='grc' dir='ltr'><em>Δαισίου</em></span> <span class='ocrx_word' id='word_1_45' title='bbox 1130 595 1298 655; x_wconf 83' lang='grc' dir='ltr'><strong><em>πέμπτῃ</em></strong></span> <span class='ocrx_word' id='word_1_46' title='bbox 1326 597 1396 639; x_wconf 81' lang='grc' dir='ltr'><strong><em>καὶ</em></strong></span> <span class='ocrx_word' id='word_1_47' title='bbox 1417 594 1571 655; x_wconf 85' lang='grc' dir='ltr'><strong><em>δεκάτῃ</em></strong></span> <span class='ocrx_word' id='word_1_48' title='bbox 1586 596 1718 648; x_wconf 73' lang='grc' dir='ltr'><strong><em>τούς-5</em></strong></span> 
     </span>
     <span class='ocr_line' id='line_1_7' title="bbox 187 662 1691 730; baseline -0.003 -16"><span class='ocrx_word' id='word_1_49' title='bbox 187 667 439 728; x_wconf 73' lang='grc' dir='ltr'><strong><em>ἀνθρώπους</em></strong></span> <span class='ocrx_word' id='word_1_50' title='bbox 456 667 538 713; x_wconf 72' lang='grc' dir='ltr'><strong><em>ὑπὸ</em></strong></span> <span class='ocrx_word' id='word_1_51' title='bbox 561 671 855 730; x_wconf 77' lang='grc' dir='ltr'><strong><em>κατακλυσμοῦ</em></strong></span> <span class='ocrx_word' id='word_1_52' title='bbox 879 665 1272 726; x_wconf 73' lang='grc' dir='ltr'><strong><em>διαφθαρήσεσθαι.</em></strong></span> <span class='ocrx_word' id='word_1_53' title='bbox 1312 670 1501 711; x_wconf 73' lang='grc' dir='ltr'><strong><em>κελεῦσαι</em></strong></span> <span class='ocrx_word' id='word_1_54' title='bbox 1523 662 1597 711; x_wconf 73' lang='grc' dir='ltr'><strong><em>οὗν</em></strong></span> <span class='ocrx_word' id='word_1_55' title='bbox 1621 666 1691 711; x_wconf 76' lang='grc' dir='ltr'><strong><em>διὰ</em></strong></span> 
     </span>
     <span class='ocr_line' id='line_1_8' title="bbox 187 736 1692 800; baseline -0.001 -16"><span class='ocrx_word' id='word_1_56' title='bbox 187 738 444 800; x_wconf 72' lang='grc' dir='ltr'><strong><em>γραμμάτων</em></strong></span> <span class='ocrx_word' id='word_1_57' title='bbox 468 738 633 784; x_wconf 87' lang='grc' dir='ltr'><strong><em>πάντων</em></strong></span> <span class='ocrx_word' id='word_1_58' title='bbox 656 738 788 798; x_wconf 80' lang='grc' dir='ltr'><strong><em>ἀρχὰς</em></strong></span> <span class='ocrx_word' id='word_1_59' title='bbox 806 740 874 783; x_wconf 82' lang='grc' dir='ltr'><strong><em>καὶ</em></strong></span> <span class='ocrx_word' id='word_1_60' title='bbox 892 738 1001 795; x_wconf 83' lang='grc' dir='ltr'><strong><em>μέσα</em></strong></span> <span class='ocrx_word' id='word_1_61' title='bbox 1022 739 1091 782; x_wconf 85' lang='grc' dir='ltr'><strong><em>καὶ</em></strong></span> <span class='ocrx_word' id='word_1_62' title='bbox 1111 737 1306 789; x_wconf 76' lang='grc' dir='ltr'><strong><em>τελευτὰς</em></strong></span> <span class='ocrx_word' id='word_1_63' title='bbox 1323 736 1533 796; x_wconf 76' lang='grc' dir='ltr'><strong><em>ὀρύξαντα</em></strong></span> <span class='ocrx_word' id='word_1_64' title='bbox 1552 743 1692 782; x_wconf 90' lang='grc' dir='ltr'><strong><em>θεΐναι</em></strong></span> 
     </span>
     <span class='ocr_line' id='line_1_9' title="bbox 189 806 1693 869; baseline -0.001 -15"><span class='ocrx_word' id='word_1_65' title='bbox 189 813 232 854; x_wconf 72' lang='grc' dir='ltr'><strong><em>ἐν</em></strong></span> <span class='ocrx_word' id='word_1_66' title='bbox 265 808 379 854; x_wconf 86' lang='grc' dir='ltr'><strong><em>πόλει</em></strong></span> <span class='ocrx_word' id='word_1_67' title='bbox 409 808 529 867; x_wconf 76' lang='grc' dir='ltr'><strong><em>ἡλίου</em></strong></span> <span class='ocrx_word' id='word_1_68' title='bbox 547 808 797 869; x_wconf 76' lang='grc' dir='ltr'><strong><em>Σισπάροις,</em></strong></span> <span class='ocrx_word' id='word_1_69' title='bbox 832 811 901 853; x_wconf 85' lang='grc' dir='ltr'><strong><em>καὶ</em></strong></span> <span class='ocrx_word' id='word_1_70' title='bbox 927 806 1304 867; x_wconf 76' lang='grc' dir='ltr'><strong><em>ναυπηγησάμενον</em></strong></span> <span class='ocrx_word' id='word_1_71' title='bbox 1328 806 1491 867; x_wconf 78' lang='grc' dir='ltr'><strong><em>σκάφος</em></strong></span> <span class='ocrx_word' id='word_1_72' title='bbox 1511 810 1693 866; x_wconf 73' lang='grc' dir='ltr'><strong><em>ἐμβῆναι</em></strong></span> 
     </span>
     <span class='ocr_line' id='line_1_10' title="bbox 187 878 1693 939; baseline -0.001 -15"><span class='ocrx_word' id='word_1_73' title='bbox 187 881 293 938; x_wconf 84' lang='grc' dir='ltr'><strong><em>μετὰ</em></strong></span> <span class='ocrx_word' id='word_1_74' title='bbox 314 885 396 925; x_wconf 84' lang='grc' dir='ltr'><strong><em>τῶν</em></strong></span> <span class='ocrx_word' id='word_1_75' title='bbox 417 885 620 939; x_wconf 72' lang='grc' dir='ltr'><strong><em>συγγενῶν</em></strong></span> <span class='ocrx_word' id='word_1_76' title='bbox 645 882 713 924; x_wconf 87' lang='grc' dir='ltr'><strong><em>καὶ</em></strong></span> <span class='ocrx_word' id='word_1_77' title='bbox 738 880 973 938; x_wconf 75' lang='grc' dir='ltr'><strong><em>ἀναγκαίων</em></strong></span> <span class='ocrx_word' id='word_1_78' title='bbox 999 882 1132 939; x_wconf 85' lang='grc' dir='ltr'><strong><em>φίλων</em></strong></span> <span class='ocrx_word' id='word_1_79' title='bbox 1148 894 1159 904; x_wconf 90' lang='grc'>·</span> <span class='ocrx_word' id='word_1_80' title='bbox 1188 880 1396 924; x_wconf 71' lang='grc' dir='ltr'><strong><em>ἐνθέσθαι</em></strong></span> <span class='ocrx_word' id='word_1_81' title='bbox 1418 880 1464 923; x_wconf 76' lang='grc' dir='ltr'><strong><em>δὲ</em></strong></span> <span class='ocrx_word' id='word_1_82' title='bbox 1482 878 1693 939; x_wconf 80' lang='grc' dir='ltr'><strong><em>βρώματα</em></strong></span> 
     </span>
     <span class='ocr_line' id='line_1_11' title="bbox 189 947 1751 1010; baseline -0.002 -15"><span class='ocrx_word' id='word_1_83' title='bbox 189 953 259 995; x_wconf 81' lang='grc' dir='ltr'><strong><em>καὶ</em></strong></span> <span class='ocrx_word' id='word_1_84' title='bbox 298 949 494 1007; x_wconf 76' lang='grc' dir='ltr'><strong><em>πόματα,</em></strong></span> <span class='ocrx_word' id='word_1_85' title='bbox 533 953 726 1008; x_wconf 76' lang='grc' dir='ltr'><strong><em>ἐμβαλεῖν</em></strong></span> <span class='ocrx_word' id='word_1_86' title='bbox 761 951 806 995; x_wconf 79' lang='grc' dir='ltr'><strong><em>δὲ</em></strong></span> <span class='ocrx_word' id='word_1_87' title='bbox 844 953 912 995; x_wconf 85' lang='grc' dir='ltr'><strong><em>καὶ</em></strong></span> <span class='ocrx_word' id='word_1_88' title='bbox 943 953 1029 1005; x_wconf 82' lang='grc' dir='ltr'><strong><em>ζῶα</em></strong></span> <span class='ocrx_word' id='word_1_89' title='bbox 1057 950 1195 1007; x_wconf 77' lang='grc' dir='ltr'><strong><em>πτηνὰ</em></strong></span> <span class='ocrx_word' id='word_1_90' title='bbox 1227 952 1297 995; x_wconf 87' lang='grc' dir='ltr'><strong><em>καὶ</em></strong></span> <span class='ocrx_word' id='word_1_91' title='bbox 1322 947 1582 1010; x_wconf 80' lang='grc' dir='ltr'><strong><em>τετράποδα,</em></strong></span> <span class='ocrx_word' id='word_1_92' title='bbox 1622 952 1693 995; x_wconf 82' lang='grc' dir='ltr'><strong><em>καὶ</em></strong></span> <span class='ocrx_word' id='word_1_93' title='bbox 1705 957 1751 992; x_wconf 86' lang='grc'><strong><em>10</em></strong></span> 
     </span>
     <span class='ocr_line' id='line_1_12' title="bbox 188 1019 1692 1081; baseline -0.001 -16"><span class='ocrx_word' id='word_1_94' title='bbox 188 1020 326 1065; x_wconf 87' lang='grc' dir='ltr'><strong><em>πάντα</em></strong></span> <span class='ocrx_word' id='word_1_95' title='bbox 356 1021 695 1081; x_wconf 76' lang='grc' dir='ltr'><strong><em>εὖτρεπισάμενον</em></strong></span> <span class='ocrx_word' id='word_1_96' title='bbox 726 1025 865 1066; x_wconf 58' lang='grc' dir='ltr'><strong><em>πλεῖν</em></strong></span> <span class='ocrx_word' id='word_1_97' title='bbox 904 1019 1173 1080; x_wconf 75' lang='grc' dir='ltr'><strong><em>ἐρωτώμενον</em></strong></span> <span class='ocrx_word' id='word_1_98' title='bbox 1203 1022 1249 1066; x_wconf 77' lang='grc' dir='ltr'><strong><em>δὲ</em></strong></span> <span class='ocrx_word' id='word_1_99' title='bbox 1279 1025 1361 1066; x_wconf 81' lang='grc' dir='ltr'><strong><em>ποῦ</em></strong></span> <span class='ocrx_word' id='word_1_100' title='bbox 1388 1025 1507 1081; x_wconf 64' lang='grc' dir='ltr'><strong><em>πλεῖς</em></strong></span> <span class='ocrx_word' id='word_1_101' title='bbox 1544 1019 1692 1081; x_wconf 82' lang='grc' dir='ltr'><strong><em>φάναι,</em></strong></span> 
     </span>
     <span class='ocr_line' id='line_1_13' title="bbox 189 1090 1691 1151; baseline 0.001 -16"><span class='ocrx_word' id='word_1_102' title='bbox 189 1092 296 1151; x_wconf 85' lang='grc' dir='ltr'><strong><em>πρὸς</em></strong></span> <span class='ocrx_word' id='word_1_103' title='bbox 314 1092 413 1144; x_wconf 77' lang='grc' dir='ltr'><strong><em>τοὺς</em></strong></span> <span class='ocrx_word' id='word_1_104' title='bbox 435 1091 586 1144; x_wconf 81' lang='grc' dir='ltr'><strong><em>θεούς·</em></strong></span> <span class='ocrx_word' id='word_1_105' title='bbox 625 1091 845 1149; x_wconf 70' lang='grc' dir='ltr'><strong><em>εὐξάμενον</em></strong></span> <span class='ocrx_word' id='word_1_106' title='bbox 866 1090 1112 1151; x_wconf 82' lang='grc' dir='ltr'><strong><em>ἀνθρώποις</em></strong></span> <span class='ocrx_word' id='word_1_107' title='bbox 1135 1092 1281 1150; x_wconf 81' lang='grc' dir='ltr'><strong><em>ἀγαθὰ</em></strong></span> <span class='ocrx_word' id='word_1_108' title='bbox 1302 1092 1510 1150; x_wconf 83' lang='grc' dir='ltr'><strong><em>γενέσθαι.</em></strong></span> <span class='ocrx_word' id='word_1_109' title='bbox 1548 1092 1624 1137; x_wconf 81' lang='grc' dir='ltr'><strong><em>τὸν</em></strong></span> <span class='ocrx_word' id='word_1_110' title='bbox 1645 1092 1691 1136; x_wconf 73' lang='grc' dir='ltr'><strong><em>δ’</em></strong></span> 
     </span>
    </p>

    <p class='ocr_par' dir='ltr' id='par_1_4' title="bbox 154 1158 1753 1431">
     <span class='ocr_line' id='line_1_14' title="bbox 154 1158 1694 1223; baseline 0.001 -17"><span class='ocrx_word' id='word_1_111' title='bbox 154 1163 244 1207; x_wconf 78' lang='grc' dir='ltr'><strong><em>0οὖ</em></strong></span> <span class='ocrx_word' id='word_1_112' title='bbox 282 1158 607 1223; x_wconf 74' lang='grc' dir='ltr'><strong><em>παρακούσαντα</em></strong></span> <span class='ocrx_word' id='word_1_113' title='bbox 637 1162 963 1222; x_wconf 74' lang='grc' dir='ltr'><strong><em>ναυπηγήσαντα</em></strong></span> <span class='ocrx_word' id='word_1_114' title='bbox 995 1162 1160 1222; x_wconf 83' lang='grc' dir='ltr'><strong><em>σκάφος</em></strong></span> <span class='ocrx_word' id='word_1_115' title='bbox 1189 1163 1237 1208; x_wconf 83' lang='grc' dir='ltr'><strong><em>τὸ</em></strong></span> <span class='ocrx_word' id='word_1_116' title='bbox 1257 1164 1334 1220; x_wconf 73' lang='grc' dir='ltr'><strong><em>μὲν</em></strong></span> <span class='ocrx_word' id='word_1_117' title='bbox 1352 1167 1488 1220; x_wconf 80' lang='grc' dir='ltr'><strong><em>μῆκος</em></strong></span> <span class='ocrx_word' id='word_1_118' title='bbox 1509 1164 1694 1208; x_wconf 76' lang='grc' dir='ltr'><strong><em>σταδίων</em></strong></span> 
     </span>
     <span class='ocr_line' id='line_1_15' title="bbox 189 1232 1695 1291; baseline 0.001 -15"><span class='ocrx_word' id='word_1_119' title='bbox 189 1234 330 1287; x_wconf 80' lang='grc' dir='ltr'><strong><em>πέντε,</em></strong></span> <span class='ocrx_word' id='word_1_120' title='bbox 367 1233 416 1277; x_wconf 86' lang='grc' dir='ltr'><strong><em>τὸ</em></strong></span> <span class='ocrx_word' id='word_1_121' title='bbox 449 1235 494 1278; x_wconf 79' lang='grc' dir='ltr'><strong><em>δὲ</em></strong></span> <span class='ocrx_word' id='word_1_122' title='bbox 523 1232 690 1291; x_wconf 60' lang='grc' dir='ltr'><strong><em>πλάτος</em></strong></span> <span class='ocrx_word' id='word_1_123' title='bbox 710 1237 893 1279; x_wconf 79' lang='grc' dir='ltr'><strong><em>σταδίων</em></strong></span> <span class='ocrx_word' id='word_1_124' title='bbox 925 1232 1026 1278; x_wconf 74' lang='grc' dir='ltr'><strong><em>δύο·</em></strong></span> <span class='ocrx_word' id='word_1_125' title='bbox 1064 1234 1119 1278; x_wconf 82' lang='grc' dir='ltr'><strong><em>τὰ</em></strong></span> <span class='ocrx_word' id='word_1_126' title='bbox 1153 1235 1199 1279; x_wconf 80' lang='grc' dir='ltr'><strong><em>δὲ</em></strong></span> <span class='ocrx_word' id='word_1_127' title='bbox 1233 1234 1524 1291; x_wconf 78' lang='grc' dir='ltr'><strong><em>συνταχθέντα</em></strong></span> <span class='ocrx_word' id='word_1_128' title='bbox 1557 1233 1695 1279; x_wconf 87' lang='grc' dir='ltr'><strong><em>πάντα</em></strong></span> 
     </span>
     <span class='ocr_line' id='line_1_16' title="bbox 189 1304 1753 1366; baseline 0 -18"><span class='ocrx_word' id='word_1_129' title='bbox 189 1304 454 1360; x_wconf 80' lang='grc' dir='ltr'><strong><em>συνθέσθαι,</em></strong></span> <span class='ocrx_word' id='word_1_130' title='bbox 493 1307 560 1350; x_wconf 82' lang='grc' dir='ltr'><strong><em>καὶ</em></strong></span> <span class='ocrx_word' id='word_1_131' title='bbox 587 1313 760 1364; x_wconf 78' lang='grc' dir='ltr'><strong><em>γυναῖκα</em></strong></span> <span class='ocrx_word' id='word_1_132' title='bbox 790 1307 858 1351; x_wconf 85' lang='grc' dir='ltr'><strong><em>καὶ</em></strong></span> <span class='ocrx_word' id='word_1_133' title='bbox 889 1305 1013 1351; x_wconf 82' lang='grc' dir='ltr'><strong><em>τέκνα</em></strong></span> <span class='ocrx_word' id='word_1_134' title='bbox 1046 1306 1114 1350; x_wconf 84' lang='grc' dir='ltr'><strong><em>καὶ</em></strong></span> <span class='ocrx_word' id='word_1_135' title='bbox 1142 1305 1244 1358; x_wconf 76' lang='grc' dir='ltr'><strong><em>τοὺς</em></strong></span> <span class='ocrx_word' id='word_1_136' title='bbox 1270 1305 1520 1363; x_wconf 77' lang='grc' dir='ltr'><strong><em>ἀναγκαίους</em></strong></span> <span class='ocrx_word' id='word_1_137' title='bbox 1543 1307 1696 1366; x_wconf 79' lang='grc' dir='ltr'><strong><em>φίλους</em></strong></span> <span class='ocrx_word' id='word_1_138' title='bbox 1708 1310 1753 1349; x_wconf 88' lang='grc'><strong><em>15</em></strong></span> 
     </span>
     <span class='ocr_line' id='line_1_17' title="bbox 189 1372 427 1431; baseline 0 -12"><span class='ocrx_word' id='word_1_139' title='bbox 189 1372 427 1431; x_wconf 72' lang='grc' dir='ltr'><strong><em>ἐμβιβάσαι.</em></strong></span> 
     </span>
    </p>

    <p class='ocr_par' dir='ltr' id='par_1_5' title="bbox 190 1444 1754 1788">
     <span class='ocr_line' id='line_1_18' title="bbox 295 1444 1697 1504; baseline 0.003 -16"><span class='ocrx_word' id='word_1_140' title='bbox 295 1445 526 1501; x_wconf 73' lang='grc' dir='ltr'><strong><em>Γενομένου</em></strong></span> <span class='ocrx_word' id='word_1_141' title='bbox 565 1446 611 1491; x_wconf 77' lang='grc' dir='ltr'><strong><em>δὲ</em></strong></span> <span class='ocrx_word' id='word_1_142' title='bbox 640 1450 716 1491; x_wconf 80' lang='grc' dir='ltr'><strong><em>τοῦ</em></strong></span> <span class='ocrx_word' id='word_1_143' title='bbox 747 1451 1044 1504; x_wconf 81' lang='grc' dir='ltr'><strong><em>κατακλυσμοῦ</em></strong></span> <span class='ocrx_word' id='word_1_144' title='bbox 1075 1448 1144 1492; x_wconf 82' lang='grc' dir='ltr'><strong><em>καὶ</em></strong></span> <span class='ocrx_word' id='word_1_145' title='bbox 1182 1446 1342 1498; x_wconf 80' lang='grc' dir='ltr'><strong><em>εὖθέως</em></strong></span> <span class='ocrx_word' id='word_1_146' title='bbox 1374 1444 1579 1504; x_wconf 78' lang='grc' dir='ltr'><strong><em>λήξαντος</em></strong></span> <span class='ocrx_word' id='word_1_147' title='bbox 1611 1451 1697 1492; x_wconf 81' lang='grc' dir='ltr'><strong><em>τῶν</em></strong></span> 
     </span>
     <span class='ocr_line' id='line_1_19' title="bbox 192 1515 1696 1578; baseline 0.002 -19"><span class='ocrx_word' id='word_1_148' title='bbox 192 1515 345 1572; x_wconf 77' lang='grc' dir='ltr'><strong><em>ὀρνέων</em></strong></span> <span class='ocrx_word' id='word_1_149' title='bbox 380 1515 472 1568; x_wconf 75' lang='grc' dir='ltr'><strong><em>τινὰ</em></strong></span> <span class='ocrx_word' id='word_1_150' title='bbox 501 1517 574 1560; x_wconf 87' lang='grc' dir='ltr'><strong><em>τὸν</em></strong></span> <span class='ocrx_word' id='word_1_151' title='bbox 594 1516 843 1578; x_wconf 81' lang='grc' dir='ltr'><strong><em>Ξίσουθρον</em></strong></span> <span class='ocrx_word' id='word_1_152' title='bbox 878 1518 1056 1578; x_wconf 77' lang='grc' dir='ltr'><strong><em>ἀφιέναι.</em></strong></span> <span class='ocrx_word' id='word_1_153' title='bbox 1092 1518 1148 1566; x_wconf 64' lang='grc' dir='ltr'><strong><em>,τά</em></strong></span> <span class='ocrx_word' id='word_1_154' title='bbox 1186 1519 1232 1562; x_wconf 80' lang='grc' dir='ltr'><strong><em>δὲ</em></strong></span> <span class='ocrx_word' id='word_1_155' title='bbox 1253 1517 1302 1562; x_wconf 80' lang='grc' dir='ltr'><strong><em>οὗ</em></strong></span> <span class='ocrx_word' id='word_1_156' title='bbox 1332 1518 1496 1578; x_wconf 76' lang='grc' dir='ltr'><strong><em>τροφὴν</em></strong></span> <span class='ocrx_word' id='word_1_157' title='bbox 1520 1515 1696 1577; x_wconf 82' lang='grc' dir='ltr'><strong><em>εὖρόντα</em></strong></span> 
     </span>
     <span class='ocr_line' id='line_1_20' title="bbox 193 1583 1698 1640; baseline 0.001 -10"><span class='ocrx_word' id='word_1_158' title='bbox 193 1584 288 1630; x_wconf 74' lang='grc' dir='ltr'><strong><em>οὕτε</em></strong></span> <span class='ocrx_word' id='word_1_159' title='bbox 318 1583 447 1630; x_wconf 88' lang='grc' dir='ltr'><strong><em>τόπον</em></strong></span> <span class='ocrx_word' id='word_1_160' title='bbox 470 1585 573 1631; x_wconf 82' lang='grc' dir='ltr'><strong><em>ὅπου</em></strong></span> <span class='ocrx_word' id='word_1_161' title='bbox 596 1589 772 1634; x_wconf 86' lang='grc' dir='ltr'><strong><em>καθίσαι</em></strong></span> <span class='ocrx_word' id='word_1_162' title='bbox 794 1587 920 1634; x_wconf 89' lang='grc' dir='ltr'><strong><em>πάλιν</em></strong></span> <span class='ocrx_word' id='word_1_163' title='bbox 944 1591 1083 1633; x_wconf 73' lang='grc' dir='ltr'><strong><em>ἐλθεῖν</em></strong></span> <span class='ocrx_word' id='word_1_164' title='bbox 1105 1590 1163 1640; x_wconf 77' lang='grc' dir='ltr'><strong><em>εἷς</em></strong></span> <span class='ocrx_word' id='word_1_165' title='bbox 1180 1588 1229 1634; x_wconf 80' lang='grc' dir='ltr'><strong><em>τὸ</em></strong></span> <span class='ocrx_word' id='word_1_166' title='bbox 1254 1593 1414 1634; x_wconf 79' lang='grc' dir='ltr'><strong><em>πλοῖον.</em></strong></span> <span class='ocrx_word' id='word_1_167' title='bbox 1452 1589 1526 1633; x_wconf 85' lang='grc' dir='ltr'><strong><em>τὸν</em></strong></span> <span class='ocrx_word' id='word_1_168' title='bbox 1549 1589 1595 1633; x_wconf 82' lang='grc' dir='ltr'><strong><em>δὲ</em></strong></span> <span class='ocrx_word' id='word_1_169' title='bbox 1616 1587 1698 1638; x_wconf 82' lang='grc' dir='ltr'><strong><em>Ξί-</em></strong></span> 
     </span>
     <span class='ocr_line' id='line_1_21' title="bbox 190 1654 1754 1720; baseline 0 -19"><span class='ocrx_word' id='word_1_170' title='bbox 190 1661 381 1715; x_wconf 86' lang='grc' dir='ltr'><strong><em>σουθρον</em></strong></span> <span class='ocrx_word' id='word_1_171' title='bbox 406 1654 529 1702; x_wconf 87' lang='grc' dir='ltr'><strong><em>πάλιν</em></strong></span> <span class='ocrx_word' id='word_1_172' title='bbox 554 1657 662 1714; x_wconf 85' lang='grc' dir='ltr'><strong><em>μετά</em></strong></span> <span class='ocrx_word' id='word_1_173' title='bbox 691 1677 807 1712; x_wconf 84' lang='grc' dir='ltr'><strong><em>τινας</em></strong></span> <span class='ocrx_word' id='word_1_174' title='bbox 835 1658 994 1720; x_wconf 74' lang='grc' dir='ltr'><strong><em>ἥμέρας</em></strong></span> <span class='ocrx_word' id='word_1_175' title='bbox 1024 1659 1190 1718; x_wconf 81' lang='grc' dir='ltr'><strong><em>ἀφιέναι</em></strong></span> <span class='ocrx_word' id='word_1_176' title='bbox 1224 1659 1278 1704; x_wconf 83' lang='grc' dir='ltr'><strong><em>τὰ</em></strong></span> <span class='ocrx_word' id='word_1_177' title='bbox 1300 1658 1446 1719; x_wconf 65' lang='grc' dir='ltr'><strong><em>ὄρνεα·</em></strong></span> <span class='ocrx_word' id='word_1_178' title='bbox 1485 1664 1622 1705; x_wconf 82' lang='grc' dir='ltr'><strong><em>ταῦτα</em></strong></span> <span class='ocrx_word' id='word_1_179' title='bbox 1652 1660 1754 1703; x_wconf 73' lang='grc' dir='ltr'><strong><em>δὲΞο</em></strong></span> 
     </span>
     <span class='ocr_line' id='line_1_22' title="bbox 193 1724 1698 1788; baseline 0.003 -17"><span class='ocrx_word' id='word_1_180' title='bbox 193 1724 316 1771; x_wconf 83' lang='grc' dir='ltr'><strong><em>πάλιν</em></strong></span> <span class='ocrx_word' id='word_1_181' title='bbox 346 1729 403 1779; x_wconf 79' lang='grc' dir='ltr'><strong><em>εἷς</em></strong></span> <span class='ocrx_word' id='word_1_182' title='bbox 430 1728 506 1786; x_wconf 77' lang='grc' dir='ltr'><strong><em>τὴν</em></strong></span> <span class='ocrx_word' id='word_1_183' title='bbox 535 1733 639 1773; x_wconf 80' lang='grc' dir='ltr'><strong><em>ναῦν</em></strong></span> <span class='ocrx_word' id='word_1_184' title='bbox 660 1731 799 1775; x_wconf 74' lang='grc' dir='ltr'><strong><em>ἐλθεῖν</em></strong></span> <span class='ocrx_word' id='word_1_185' title='bbox 818 1731 918 1783; x_wconf 78' lang='grc' dir='ltr'><strong><em>τοὺς</em></strong></span> <span class='ocrx_word' id='word_1_186' title='bbox 946 1729 1082 1783; x_wconf 88' lang='grc' dir='ltr'><strong><em>πόδας</em></strong></span> <span class='ocrx_word' id='word_1_187' title='bbox 1100 1730 1425 1788; x_wconf 85' lang='grc' dir='ltr'><strong><em>πεπηλωμένους</em></strong></span> <span class='ocrx_word' id='word_1_188' title='bbox 1448 1729 1610 1788; x_wconf 51' lang='grc' dir='ltr'><strong><em>ἔχοντα.</em></strong></span> <span class='ocrx_word' id='word_1_189' title='bbox 1648 1730 1698 1776; x_wconf 82' lang='grc' dir='ltr'><strong><em>τὸ</em></strong></span> 
     </span>
    </p>
   </div>
   <div class='ocr_carea' id='block_1_3' title="bbox 287 1848 1698 2141">
    <p class='ocr_par' dir='ltr' id='par_1_6' title="bbox 288 1848 1604 1902">
     <span class='ocr_line' id='line_1_23' title="bbox 288 1848 1604 1902; baseline 0.002 -15"><span class='ocrx_word' id='word_1_190' title='bbox 288 1852 322 1887; x_wconf 87' lang='grc'><strong><em>1.</em></strong></span> <span class='ocrx_word' id='word_1_191' title='bbox 360 1848 501 1896; x_wconf 70' lang='grc' dir='ltr'><strong><em>οὕτως]</em></strong></span> <span class='ocrx_word' id='word_1_192' title='bbox 536 1851 628 1887; x_wconf 84' lang='lat' dir='ltr'><strong>Vide</strong></span> <span class='ocrx_word' id='word_1_193' title='bbox 644 1852 835 1890; x_wconf 84' lang='lat' dir='ltr'><strong>Eusebium</strong></span> <span class='ocrx_word' id='word_1_194' title='bbox 855 1854 894 1898; x_wconf 87' lang='lat'><strong><em>1,</em></strong></span> <span class='ocrx_word' id='word_1_195' title='bbox 917 1855 953 1892; x_wconf 83' lang='lat'><strong>3.</strong></span> <span class='ocrx_word' id='word_1_196' title='bbox 978 1866 1014 1902; x_wconf 88' lang='lat' dir='ltr'><strong><em>p.</em></strong></span> <span class='ocrx_word' id='word_1_197' title='bbox 1045 1853 1102 1892; x_wconf 89' lang='grc'><strong><em>14.</em></strong></span> <span class='ocrx_word' id='word_1_198' title='bbox 1203 1856 1239 1892; x_wconf 89' lang='grc'><strong><em>3.</em></strong></span> <span class='ocrx_word' id='word_1_199' title='bbox 1275 1852 1355 1901; x_wconf 77' lang='grc' dir='ltr'><strong><em>ἐπὶ]</em></strong></span> <span class='ocrx_word' id='word_1_200' title='bbox 1381 1854 1447 1892; x_wconf 78' lang='grc' dir='ltr'><strong><em>καὶ</em></strong></span> <span class='ocrx_word' id='word_1_201' title='bbox 1471 1853 1533 1893; x_wconf 74' lang='grc' dir='ltr'><strong><em>ἐπὶ</em></strong></span> <span class='ocrx_word' id='word_1_202' title='bbox 1559 1865 1604 1890; x_wconf 82' lang='grc' dir='ltr'><strong><em>ιιι.</em></strong></span> 
     </span>
    </p>

    <p class='ocr_par' dir='ltr' id='par_1_7' title="bbox 287 1895 1698 2141">
     <span class='ocr_line' id='line_1_24' title="bbox 287 1895 1698 1950; baseline 0.003 -15"><span class='ocrx_word' id='word_1_203' title='bbox 287 1895 324 1935; x_wconf 82' lang='grc'><strong><em>4.</em></strong></span> <span class='ocrx_word' id='word_1_204' title='bbox 349 1895 639 1946; x_wconf 71' lang='grc' dir='ltr'><strong><em>ἀναγεγράφθαι</em></strong></span> <span class='ocrx_word' id='word_1_205' title='bbox 662 1902 702 1936; x_wconf 89' lang='grc' dir='ltr'><strong><em>Α.</em></strong></span> <span class='ocrx_word' id='word_1_206' title='bbox 739 1899 1031 1950; x_wconf 75' lang='grc' dir='ltr'><strong><em>ἀναγράφεσθαι</em></strong></span> <span class='ocrx_word' id='word_1_207' title='bbox 1057 1903 1105 1938; x_wconf 85' lang='lat' dir='ltr'><strong>G.</strong></span> <span class='ocrx_word' id='word_1_208' title='bbox 1191 1904 1225 1941; x_wconf 88' lang='grc'><strong><em>5.</em></strong></span> <span class='ocrx_word' id='word_1_209' title='bbox 1251 1903 1405 1939; x_wconf 85' lang='grc' dir='ltr'><strong><em>δαισίου</em></strong></span> <span class='ocrx_word' id='word_1_210' title='bbox 1425 1903 1469 1939; x_wconf 87' lang='lat' dir='ltr'><strong><em>A.</em></strong></span> <span class='ocrx_word' id='word_1_211' title='bbox 1493 1903 1637 1938; x_wconf 88' lang='grc' dir='ltr'><strong><em>Δαισία</em></strong></span> <span class='ocrx_word' id='word_1_212' title='bbox 1648 1903 1698 1939; x_wconf 85' lang='lat' dir='ltr'><strong>G.</strong></span> 
     </span>
     <span class='ocr_line' id='line_1_25' title="bbox 288 1947 1698 1998; baseline 0.004 -17"><span class='ocrx_word' id='word_1_213' title='bbox 288 1947 428 1982; x_wconf 87' lang='grc' dir='ltr'><strong><em>Λεσίου</em></strong></span> <span class='ocrx_word' id='word_1_214' title='bbox 460 1958 504 1982; x_wconf 84' lang='lat' dir='ltr'><strong><em>in.</em></strong></span> <span class='ocrx_word' id='word_1_215' title='bbox 535 1947 638 1982; x_wconf 76' lang='lat' dir='ltr'><strong>Cous.</strong></span> <span class='ocrx_word' id='word_1_216' title='bbox 674 1959 709 1995; x_wconf 82' lang='lat' dir='ltr'><strong><em>p.</em></strong></span> <span class='ocrx_word' id='word_1_217' title='bbox 738 1951 785 1987; x_wconf 83' lang='lat'><strong><em>38</em></strong></span> <span class='ocrx_word' id='word_1_218' title='bbox 806 1951 840 1985; x_wconf 88' lang='lat' dir='ltr'><strong><em>d.</em></strong></span> <span class='ocrx_word' id='word_1_219' title='bbox 969 1953 1003 1989; x_wconf 91' lang='lat'><strong>6.</strong></span> <span class='ocrx_word' id='word_1_220' title='bbox 1047 1947 1388 1997; x_wconf 77' lang='grc' dir='ltr'><strong><em>διαφθαρήσεσθαι</em></strong></span> <span class='ocrx_word' id='word_1_221' title='bbox 1419 1951 1464 1986; x_wconf 84' lang='grc' dir='ltr'><strong><em>Α.</em></strong></span> <span class='ocrx_word' id='word_1_222' title='bbox 1500 1948 1698 1998; x_wconf 77' lang='grc' dir='ltr'><strong><em>φθαρήσε-</em></strong></span> 
     </span>
     <span class='ocr_line' id='line_1_26' title="bbox 291 1993 1698 2044; baseline 0.004 -16"><span class='ocrx_word' id='word_1_223' title='bbox 291 1995 387 2030; x_wconf 81' lang='grc' dir='ltr'><strong><em>σθαι</em></strong></span> <span class='ocrx_word' id='word_1_224' title='bbox 409 1994 457 2030; x_wconf 80' lang='lat' dir='ltr'><strong><em>Gr.</em></strong></span> <span class='ocrx_word' id='word_1_225' title='bbox 528 1993 562 2030; x_wconf 90' lang='lat'><strong>7.</strong></span> <span class='ocrx_word' id='word_1_226' title='bbox 586 1994 758 2039; x_wconf 76' lang='grc' dir='ltr'><strong><em>τελευτὰς</em></strong></span> <span class='ocrx_word' id='word_1_227' title='bbox 775 1994 964 2044; x_wconf 79' lang='grc' dir='ltr'><strong><em>ὀρύξαντα</em></strong></span> <span class='ocrx_word' id='word_1_228' title='bbox 979 1999 1022 2035; x_wconf 84' lang='lat' dir='ltr'><strong>A.</strong></span> <span class='ocrx_word' id='word_1_229' title='bbox 1047 1997 1195 2042; x_wconf 74' lang='grc' dir='ltr'><strong><em>τελετὰς</em></strong></span> <span class='ocrx_word' id='word_1_230' title='bbox 1217 1997 1398 2043; x_wconf 83' lang='grc' dir='ltr'><strong><em>ὀρέξαντα</em></strong></span> <span class='ocrx_word' id='word_1_231' title='bbox 1421 1998 1470 2033; x_wconf 81' lang='lat' dir='ltr'><strong>G.</strong></span> <span class='ocrx_word' id='word_1_232' title='bbox 1569 2000 1603 2035; x_wconf 89' lang='grc'><strong><em>8.</em></strong></span> <span class='ocrx_word' id='word_1_233' title='bbox 1628 2000 1698 2034; x_wconf 90' lang='grc' dir='ltr'><strong><em>Σι-</em></strong></span> 
     </span>
     <span class='ocr_line' id='line_1_27' title="bbox 288 2038 1697 2093; baseline 0.004 -18"><span class='ocrx_word' id='word_1_234' title='bbox 288 2038 473 2085; x_wconf 79' lang='grc' dir='ltr'><strong><em>σπάροις]</em></strong></span> <span class='ocrx_word' id='word_1_235' title='bbox 506 2041 723 2087; x_wconf 78' lang='grc' dir='ltr'><strong><em>Σιππάροις</em></strong></span> <span class='ocrx_word' id='word_1_236' title='bbox 745 2045 908 2092; x_wconf 85' lang='lat' dir='ltr'>Scaliger</span> <span class='ocrx_word' id='word_1_237' title='bbox 932 2058 966 2093; x_wconf 91' lang='lat' dir='ltr'><strong><em>p.</em></strong></span> <span class='ocrx_word' id='word_1_238' title='bbox 997 2048 1032 2083; x_wconf 88' lang='lat'><strong><em>8.</em></strong></span> <span class='ocrx_word' id='word_1_239' title='bbox 1084 2047 1225 2092; x_wconf 81' lang='lat' dir='ltr'><em>Siparis</em></span> <span class='ocrx_word' id='word_1_240' title='bbox 1248 2046 1436 2082; x_wconf 85' lang='lat' dir='ltr'><strong>Eusebius.</strong></span> <span class='ocrx_word' id='word_1_241' title='bbox 1485 2046 1621 2083; x_wconf 82' lang='lat' dir='ltr'><strong>Eadem</strong></span> <span class='ocrx_word' id='word_1_242' title='bbox 1642 2045 1697 2081; x_wconf 90' lang='lat' dir='ltr'><strong><em>di-</em></strong></span> 
     </span>
     <span class='ocr_line' id='line_1_28' title="bbox 287 2088 1460 2141; baseline 0.006 -18"><span class='ocrx_word' id='word_1_243' title='bbox 287 2088 436 2125; x_wconf 83' lang='lat' dir='ltr'><strong>versitas</strong></span> <span class='ocrx_word' id='word_1_244' title='bbox 459 2100 494 2136; x_wconf 85' lang='lat' dir='ltr'><strong><em>p.</em></strong></span> <span class='ocrx_word' id='word_1_245' title='bbox 513 2090 558 2128; x_wconf 88' lang='grc'><strong><em>31</em></strong></span> <span class='ocrx_word' id='word_1_246' title='bbox 576 2101 598 2126; x_wconf 83' lang='lat' dir='ltr'>a</span> <span class='ocrx_word' id='word_1_247' title='bbox 622 2098 658 2127; x_wconf 85' lang='lat' dir='ltr'><strong><em>et</em></strong></span> <span class='ocrx_word' id='word_1_248' title='bbox 675 2091 710 2127; x_wconf 91' lang='lat' dir='ltr'><strong>b.</strong></span> <span class='ocrx_word' id='word_1_249' title='bbox 798 2094 855 2130; x_wconf 87' lang='lat'><strong>11.</strong></span> <span class='ocrx_word' id='word_1_250' title='bbox 880 2095 986 2132; x_wconf 86' lang='grc' dir='ltr'><strong><em>πλεῖν</em></strong></span> <span class='ocrx_word' id='word_1_251' title='bbox 1005 2092 1176 2140; x_wconf 84' lang='lat' dir='ltr'><strong>Scaliger.</strong></span> <span class='ocrx_word' id='word_1_252' title='bbox 1212 2093 1331 2140; x_wconf 84' lang='lat' dir='ltr'><strong>Vulgo</strong></span> <span class='ocrx_word' id='word_1_253' title='bbox 1349 2091 1460 2141; x_wconf 83' lang='grc' dir='ltr'><strong><em>πλήν.</em></strong></span> 
     </span>
    </p>
   </div>
   <div class='ocr_carea' id='block_1_4' title="bbox 194 2191 1704 3000">
    <p class='ocr_par' dir='ltr' id='par_1_8' title="bbox 194 2191 1702 2800">
     <span class='ocr_line' id='line_1_29' title="bbox 195 2191 1698 2247; baseline 0.005 -21"><span class='ocrx_word' id='word_1_254' title='bbox 195 2191 312 2247; x_wconf 67' lang='lat' dir='ltr'><strong>tlirum</strong></span> <span class='ocrx_word' id='word_1_255' title='bbox 329 2193 495 2229; x_wconf 80' lang='lat' dir='ltr'><strong>sermonis</strong></span> <span class='ocrx_word' id='word_1_256' title='bbox 515 2193 630 2231; x_wconf 87' lang='lat' dir='ltr'><strong>stilum</strong></span> <span class='ocrx_word' id='word_1_257' title='bbox 648 2200 869 2242; x_wconf 84' lang='lat' dir='ltr'><strong>convertens,</strong></span> <span class='ocrx_word' id='word_1_258' title='bbox 889 2199 956 2235; x_wconf 89' lang='lat' dir='ltr'><strong><em>hoc</em></strong></span> <span class='ocrx_word' id='word_1_259' title='bbox 973 2202 1078 2246; x_wconf 81' lang='lat' dir='ltr'><strong>pacto</strong></span> <span class='ocrx_word' id='word_1_260' title='bbox 1097 2202 1230 2235; x_wconf 85' lang='lat' dir='ltr'><strong>narrat.</strong></span> <span class='ocrx_word' id='word_1_261' title='bbox 1265 2199 1399 2236; x_wconf 84' lang='lat' dir='ltr'><strong>Ardate</strong></span> <span class='ocrx_word' id='word_1_262' title='bbox 1416 2198 1583 2235; x_wconf 79' lang='lat' dir='ltr'><strong>defuncto</strong></span> <span class='ocrx_word' id='word_1_263' title='bbox 1603 2198 1698 2234; x_wconf 84' lang='lat' dir='ltr'><strong>filius</strong></span> 
     </span>
     <span class='ocr_line' id='line_1_30' title="bbox 196 2240 1699 2294; baseline 0.004 -20"><span class='ocrx_word' id='word_1_264' title='bbox 196 2250 271 2274; x_wconf 87' lang='lat' dir='ltr'><strong>eius</strong></span> <span class='ocrx_word' id='word_1_265' title='bbox 297 2240 396 2275; x_wconf 81' lang='lat' dir='ltr'><strong>Satis</strong></span> <span class='ocrx_word' id='word_1_266' title='bbox 425 2241 615 2278; x_wconf 80' lang='lat' dir='ltr'><strong>octodecim</strong></span> <span class='ocrx_word' id='word_1_267' title='bbox 653 2255 793 2290; x_wconf 86' lang='lat' dir='ltr'><strong>regnum</strong></span> <span class='ocrx_word' id='word_1_268' title='bbox 829 2247 963 2291; x_wconf 82' lang='lat' dir='ltr'><strong>tenuit3</strong></span> <span class='ocrx_word' id='word_1_269' title='bbox 1004 2258 1116 2293; x_wconf 86' lang='lat' dir='ltr'><strong>eoque</strong></span> <span class='ocrx_word' id='word_1_270' title='bbox 1143 2251 1317 2294; x_wconf 82' lang='lat' dir='ltr'>regnante</span> <span class='ocrx_word' id='word_1_271' title='bbox 1347 2246 1495 2292; x_wconf 84' lang='lat' dir='ltr'><strong>contigit</strong></span> <span class='ocrx_word' id='word_1_272' title='bbox 1520 2246 1699 2281; x_wconf 87' lang='lat' dir='ltr'><strong>diluvium.</strong></span> 
     </span>
     <span class='ocr_line' id='line_1_31' title="bbox 195 2285 1700 2340; baseline 0.004 -18"><span class='ocrx_word' id='word_1_273' title='bbox 195 2285 275 2322; x_wconf 86' lang='lat' dir='ltr'><strong><em>Hoc</em></strong></span> <span class='ocrx_word' id='word_1_274' title='bbox 293 2291 406 2322; x_wconf 83' lang='lat' dir='ltr'><strong>autem</strong></span> <span class='ocrx_word' id='word_1_275' title='bbox 422 2288 544 2323; x_wconf 83' lang='lat' dir='ltr'>ordine</span> <span class='ocrx_word' id='word_1_276' title='bbox 563 2290 725 2327; x_wconf 85' lang='lat' dir='ltr'><strong>refertur.</strong></span> <span class='ocrx_word' id='word_1_277' title='bbox 773 2293 948 2328; x_wconf 82' lang='lat' dir='ltr'><strong>Saturnus</strong></span> <span class='ocrx_word' id='word_1_278' title='bbox 966 2293 999 2329; x_wconf 90' lang='lat' dir='ltr'><strong><em>ei</em></strong></span> <span class='ocrx_word' id='word_1_279' title='bbox 1030 2305 1094 2340; x_wconf 87' lang='lat' dir='ltr'><strong><em>per</em></strong></span> <span class='ocrx_word' id='word_1_280' title='bbox 1122 2306 1279 2330; x_wconf 85' lang='lat' dir='ltr'><strong>somnum</strong></span> <span class='ocrx_word' id='word_1_281' title='bbox 1302 2295 1400 2331; x_wconf 83' lang='lat' dir='ltr'><strong>visus</strong></span> <span class='ocrx_word' id='word_1_282' title='bbox 1427 2293 1556 2330; x_wconf 83' lang='lat' dir='ltr'>mensis</span> <span class='ocrx_word' id='word_1_283' title='bbox 1574 2293 1700 2328; x_wconf 85' lang='lat' dir='ltr'><strong>Daesii</strong></span> 
     </span>
     <span class='ocr_line' id='line_1_32' title="bbox 194 2332 1699 2388; baseline 0.005 -21"><span class='ocrx_word' id='word_1_284' title='bbox 194 2332 328 2368; x_wconf 87' lang='lat' dir='ltr'><strong>decimo</strong></span> <span class='ocrx_word' id='word_1_285' title='bbox 350 2334 468 2381; x_wconf 89' lang='lat' dir='ltr'><strong>quinto</strong></span> <span class='ocrx_word' id='word_1_286' title='bbox 478 2336 631 2372; x_wconf 84' lang='lat' dir='ltr'><strong>homines</strong></span> <span class='ocrx_word' id='word_1_287' title='bbox 649 2338 777 2375; x_wconf 86' lang='lat' dir='ltr'><strong>diluvio</strong></span> <span class='ocrx_word' id='word_1_288' title='bbox 797 2341 974 2387; x_wconf 84' lang='lat' dir='ltr'><strong>praedixit</strong></span> <span class='ocrx_word' id='word_1_289' title='bbox 993 2340 1281 2388; x_wconf 83' lang='lat' dir='ltr'><strong>exstinguendos.</strong></span> <span class='ocrx_word' id='word_1_290' title='bbox 1329 2343 1459 2378; x_wconf 86' lang='lat' dir='ltr'><strong>Rerum</strong></span> <span class='ocrx_word' id='word_1_291' title='bbox 1475 2341 1596 2387; x_wconf 77' lang='lat' dir='ltr'><strong>itaque</strong></span> <span class='ocrx_word' id='word_1_292' title='bbox 1614 2352 1699 2375; x_wconf 85' lang='lat' dir='ltr'><strong>cun-</strong></span> 
     </span>
     <span class='ocr_line' id='line_1_33' title="bbox 197 2381 1701 2437; baseline 0.005 -23"><span class='ocrx_word' id='word_1_293' title='bbox 197 2383 332 2435; x_wconf 63' lang='lat' dir='ltr'><strong>ctarum</strong></span> <span class='ocrx_word' id='word_1_294' title='bbox 348 2381 519 2437; x_wconf 74' lang='lat' dir='ltr'><strong>principia</strong></span> <span class='ocrx_word' id='word_1_295' title='bbox 536 2384 649 2420; x_wconf 86' lang='lat' dir='ltr'><strong>inedia</strong></span> <span class='ocrx_word' id='word_1_296' title='bbox 669 2391 704 2421; x_wconf 87' lang='lat' dir='ltr'><strong><em>et</em></strong></span> <span class='ocrx_word' id='word_1_297' title='bbox 723 2391 875 2423; x_wconf 82' lang='lat' dir='ltr'><strong>extrema</strong></span> <span class='ocrx_word' id='word_1_298' title='bbox 896 2388 1025 2424; x_wconf 85' lang='lat' dir='ltr'><strong>litteris</strong></span> <span class='ocrx_word' id='word_1_299' title='bbox 1048 2390 1268 2435; x_wconf 79' lang='lat' dir='ltr'><strong>consignata,</strong></span> <span class='ocrx_word' id='word_1_300' title='bbox 1294 2393 1332 2426; x_wconf 90' lang='lat' dir='ltr'><strong><em>et</em></strong></span> <span class='ocrx_word' id='word_1_301' title='bbox 1355 2389 1390 2425; x_wconf 93' lang='lat' dir='ltr'><strong><em>in</em></strong></span> <span class='ocrx_word' id='word_1_302' title='bbox 1408 2394 1540 2425; x_wconf 82' lang='lat' dir='ltr'><strong>terram</strong></span> <span class='ocrx_word' id='word_1_303' title='bbox 1559 2388 1701 2424; x_wconf 81' lang='lat' dir='ltr'><strong>defossa</strong></span> 
     </span>
     <span class='ocr_line' id='line_1_34' title="bbox 198 2428 1701 2484; baseline 0.011 -24"><span class='ocrx_word' id='word_1_304' title='bbox 198 2437 236 2461; x_wconf 83' lang='lat' dir='ltr'><strong><em>in</em></strong></span> <span class='ocrx_word' id='word_1_305' title='bbox 254 2428 336 2482; x_wconf 70' lang='lat' dir='ltr'><strong>solis</strong></span> <span class='ocrx_word' id='word_1_306' title='bbox 355 2429 441 2464; x_wconf 90' lang='lat' dir='ltr'><strong>urbe</strong></span> <span class='ocrx_word' id='word_1_307' title='bbox 459 2430 612 2476; x_wconf 84' lang='lat' dir='ltr'><strong>Sisparis</strong></span> <span class='ocrx_word' id='word_1_308' title='bbox 640 2434 783 2480; x_wconf 88' lang='lat' dir='ltr'><strong>reponi,</strong></span> <span class='ocrx_word' id='word_1_309' title='bbox 814 2439 883 2470; x_wconf 89' lang='lat' dir='ltr'><strong><em>tum</em></strong></span> <span class='ocrx_word' id='word_1_310' title='bbox 908 2435 1086 2481; x_wconf 82' lang='lat' dir='ltr'><strong>navigium</strong></span> <span class='ocrx_word' id='word_1_311' title='bbox 1115 2437 1290 2484; x_wconf 85' lang='lat' dir='ltr'><strong>compingi</strong></span> <span class='ocrx_word' id='word_1_312' title='bbox 1325 2437 1444 2480; x_wconf 84' lang='lat' dir='ltr'><strong>iubet,</strong></span> <span class='ocrx_word' id='word_1_313' title='bbox 1486 2447 1598 2482; x_wconf 77' lang='lat' dir='ltr'><strong>eoque</strong></span> <span class='ocrx_word' id='word_1_314' title='bbox 1623 2446 1701 2470; x_wconf 81' lang='lat' dir='ltr'><strong><em>cum</em></strong></span> 
     </span>
     <span class='ocr_line' id='line_1_35' title="bbox 198 2478 1701 2528; baseline 0.005 -20"><span class='ocrx_word' id='word_1_315' title='bbox 198 2484 320 2528; x_wconf 60' lang='lat' dir='ltr'><strong>{mucis</strong></span> <span class='ocrx_word' id='word_1_316' title='bbox 347 2480 384 2510; x_wconf 89' lang='lat' dir='ltr'><strong><em>et</em></strong></span> <span class='ocrx_word' id='word_1_317' title='bbox 408 2478 674 2523; x_wconf 83' lang='lat' dir='ltr'><strong>consanguineis</strong></span> <span class='ocrx_word' id='word_1_318' title='bbox 706 2492 894 2518; x_wconf 85' lang='lat' dir='ltr'><strong>conscenso</strong></span> <span class='ocrx_word' id='word_1_319' title='bbox 909 2508 920 2526; x_wconf 90' lang='lat'>‚</span> <span class='ocrx_word' id='word_1_320' title='bbox 955 2483 1027 2519; x_wconf 86' lang='lat' dir='ltr'><strong>alto</strong></span> <span class='ocrx_word' id='word_1_321' title='bbox 1051 2483 1139 2519; x_wconf 84' lang='lat' dir='ltr'><strong>inari</strong></span> <span class='ocrx_word' id='word_1_322' title='bbox 1169 2496 1248 2520; x_wconf 75' lang='lat' dir='ltr'><strong>sese</strong></span> <span class='ocrx_word' id='word_1_323' title='bbox 1273 2485 1430 2520; x_wconf 87' lang='lat' dir='ltr'><strong>credere.</strong></span> <span class='ocrx_word' id='word_1_324' title='bbox 1481 2482 1701 2528; x_wconf 90' lang='lat' dir='ltr'><strong>Obsequitur</strong></span> 
     </span>
     <span class='ocr_line' id='line_1_36' title="bbox 198 2520 1700 2578; baseline 0.008 -24"><span class='ocrx_word' id='word_1_325' title='bbox 198 2520 269 2563; x_wconf 75' lang='lat' dir='ltr'><strong>ille,</strong></span> <span class='ocrx_word' id='word_1_326' title='bbox 295 2527 516 2578; x_wconf 72' lang='lat' dir='ltr'><strong>commeatum</strong></span> <span class='ocrx_word' id='word_1_327' title='bbox 533 2537 662 2561; x_wconf 89' lang='lat' dir='ltr'><strong>omnem</strong></span> <span class='ocrx_word' id='word_1_328' title='bbox 680 2533 795 2573; x_wconf 85' lang='lat' dir='ltr'><strong>parat,</strong></span> <span class='ocrx_word' id='word_1_329' title='bbox 821 2529 918 2565; x_wconf 85' lang='lat' dir='ltr'><strong>cibos</strong></span> <span class='ocrx_word' id='word_1_330' title='bbox 938 2534 975 2566; x_wconf 89' lang='lat' dir='ltr'><strong><em>et</em></strong></span> <span class='ocrx_word' id='word_1_331' title='bbox 992 2531 1179 2578; x_wconf 81' lang='lat' dir='ltr'><strong>poculenta</strong></span> <span class='ocrx_word' id='word_1_332' title='bbox 1203 2532 1375 2578; x_wconf 83' lang='lat' dir='ltr'><strong>congerit,</strong></span> <span class='ocrx_word' id='word_1_333' title='bbox 1402 2530 1592 2566; x_wconf 77' lang='lat' dir='ltr'><strong>animantia</strong></span> <span class='ocrx_word' id='word_1_334' title='bbox 1611 2541 1700 2575; x_wconf 90' lang='lat' dir='ltr'><strong>quo-</strong></span> 
     </span>
     <span class='ocr_line' id='line_1_37' title="bbox 198 2569 1701 2625; baseline 0.006 -24"><span class='ocrx_word' id='word_1_335' title='bbox 198 2578 268 2613; x_wconf 86' lang='lat' dir='ltr'><strong><em>que</em></strong></span> <span class='ocrx_word' id='word_1_336' title='bbox 292 2569 450 2624; x_wconf 56' lang='lat' dir='ltr'><strong>volutilia</strong></span> <span class='ocrx_word' id='word_1_337' title='bbox 467 2575 502 2606; x_wconf 89' lang='lat' dir='ltr'><strong><em>et</em></strong></span> <span class='ocrx_word' id='word_1_338' title='bbox 522 2572 747 2621; x_wconf 78' lang='lat' dir='ltr'><strong>quadrupeda</strong></span> <span class='ocrx_word' id='word_1_339' title='bbox 775 2578 963 2620; x_wconf 81' lang='lat' dir='ltr'><strong>convehit3</strong></span> <span class='ocrx_word' id='word_1_340' title='bbox 1000 2589 1080 2613; x_wconf 87' lang='lat' dir='ltr'><strong><em>mox</em></strong></span> <span class='ocrx_word' id='word_1_341' title='bbox 1107 2578 1244 2615; x_wconf 83' lang='lat' dir='ltr'><strong>cunctis</strong></span> <span class='ocrx_word' id='word_1_342' title='bbox 1269 2580 1321 2615; x_wconf 86' lang='lat' dir='ltr'><strong><em>ita</em></strong></span> <span class='ocrx_word' id='word_1_343' title='bbox 1347 2577 1529 2625; x_wconf 78' lang='lat' dir='ltr'><strong>dispositis</strong></span> <span class='ocrx_word' id='word_1_344' title='bbox 1554 2581 1701 2621; x_wconf 81' lang='lat' dir='ltr'><strong>rogatus</strong></span> 
     </span>
     <span class='ocr_line' id='line_1_38' title="bbox 198 2618 1702 2672; baseline 0.006 -23"><span class='ocrx_word' id='word_1_345' title='bbox 198 2619 461 2671; x_wconf 46' lang='lat' dir='ltr'><strong>quo-navigat?</strong></span> <span class='ocrx_word' id='word_1_346' title='bbox 485 2618 530 2653; x_wconf 83' lang='lat' dir='ltr'><strong><em>ad</em></strong></span> <span class='ocrx_word' id='word_1_347' title='bbox 557 2619 662 2664; x_wconf 89' lang='lat' dir='ltr'><strong>deos,</strong></span> <span class='ocrx_word' id='word_1_348' title='bbox 686 2621 819 2668; x_wconf 88' lang='lat' dir='ltr'><strong>inquit,</strong></span> <span class='ocrx_word' id='word_1_349' title='bbox 845 2628 950 2671; x_wconf 82' lang='lat' dir='ltr'><strong>atque</strong></span> <span class='ocrx_word' id='word_1_350' title='bbox 975 2624 1026 2660; x_wconf 85' lang='lat' dir='ltr'><strong><em>ita</em></strong></span> <span class='ocrx_word' id='word_1_351' title='bbox 1044 2637 1217 2672; x_wconf 84' lang='lat' dir='ltr'><strong>prospera</strong></span> <span class='ocrx_word' id='word_1_352' title='bbox 1234 2625 1430 2662; x_wconf 89' lang='lat' dir='ltr'><strong>hominibus</strong></span> <span class='ocrx_word' id='word_1_353' title='bbox 1449 2629 1614 2672; x_wconf 77' lang='lat' dir='ltr'><strong><em>precatus</em></strong></span> <span class='ocrx_word' id='word_1_354' title='bbox 1634 2627 1702 2659; x_wconf 86' lang='lat' dir='ltr'><strong>est.</strong></span> 
     </span>
     <span class='ocr_line' id='line_1_39' title="bbox 197 2659 1702 2720; baseline 0.007 -24"><span class='ocrx_word' id='word_1_355' title='bbox 197 2659 477 2719; x_wconf 45' lang='lat' dir='ltr'><strong>Divinis-itaque</strong></span> <span class='ocrx_word' id='word_1_356' title='bbox 499 2666 637 2701; x_wconf 83' lang='lat' dir='ltr'><strong>monitis</strong></span> <span class='ocrx_word' id='word_1_357' title='bbox 655 2669 870 2715; x_wconf 88' lang='lat' dir='ltr'><strong>obsequutus</strong></span> <span class='ocrx_word' id='word_1_358' title='bbox 887 2672 1078 2708; x_wconf 82' lang='lat' dir='ltr'><strong>fabrefecit</strong></span> <span class='ocrx_word' id='word_1_359' title='bbox 1107 2673 1287 2720; x_wconf 84' lang='lat' dir='ltr'><strong>navigium</strong></span> <span class='ocrx_word' id='word_1_360' title='bbox 1313 2671 1542 2719; x_wconf 83' lang='lat' dir='ltr'><strong>longitudinis</strong></span> <span class='ocrx_word' id='word_1_361' title='bbox 1566 2670 1702 2707; x_wconf 84' lang='lat' dir='ltr'><strong>stadio-</strong></span> 
     </span>
     <span class='ocr_line' id='line_1_40' title="bbox 197 2712 1700 2768; baseline 0.007 -25"><span class='ocrx_word' id='word_1_362' title='bbox 197 2719 273 2763; x_wconf 62' lang='lat' dir='ltr'><strong><em>rum</em></strong></span> <span class='ocrx_word' id='word_1_363' title='bbox 293 2721 458 2757; x_wconf 89' lang='lat' dir='ltr'><strong>quinque,</strong></span> <span class='ocrx_word' id='word_1_364' title='bbox 475 2712 670 2748; x_wconf 81' lang='lat' dir='ltr'><strong>latitudinis</strong></span> <span class='ocrx_word' id='word_1_365' title='bbox 687 2715 852 2753; x_wconf 85' lang='lat' dir='ltr'><strong>duorum:</strong></span> <span class='ocrx_word' id='word_1_366' title='bbox 876 2722 1005 2755; x_wconf 80' lang='lat' dir='ltr'><strong>cuncta</strong></span> <span class='ocrx_word' id='word_1_367' title='bbox 1020 2731 1108 2757; x_wconf 83' lang='lat' dir='ltr'><strong>vero</strong></span> <span class='ocrx_word' id='word_1_368' title='bbox 1126 2723 1330 2768; x_wconf 84' lang='lat' dir='ltr'><strong>comparata</strong></span> <span class='ocrx_word' id='word_1_369' title='bbox 1347 2719 1523 2767; x_wconf 83' lang='lat' dir='ltr'><strong>imposuit,</strong></span> <span class='ocrx_word' id='word_1_370' title='bbox 1544 2729 1700 2761; x_wconf 84' lang='lat' dir='ltr'><strong>uxorem,</strong></span> 
     </span>
     <span class='ocr_line' id='line_1_41' title="bbox 197 2753 694 2800; baseline 0.012 -9"><span class='ocrx_word' id='word_1_371' title='bbox 197 2753 327 2792; x_wconf 84' lang='lat' dir='ltr'><strong>liberos</strong></span> <span class='ocrx_word' id='word_1_372' title='bbox 338 2783 348 2800; x_wconf 94' lang='lat'>‚</span> <span class='ocrx_word' id='word_1_373' title='bbox 374 2758 501 2795; x_wconf 82' lang='lat' dir='ltr'><strong>amicos</strong></span> <span class='ocrx_word' id='word_1_374' title='bbox 519 2759 694 2797; x_wconf 85' lang='lat' dir='ltr'><strong>adiunxit.</strong></span> 
     </span>
    </p>

    <p class='ocr_par' dir='ltr' id='par_1_9' title="bbox 197 2803 1704 3000">
     <span class='ocr_line' id='line_1_42' title="bbox 235 2803 1702 2860; baseline 0.008 -22"><span class='ocrx_word' id='word_1_375' title='bbox 235 2849 244 2859; x_wconf 45' lang='grc' dir='ltr'>Ι</span> <span class='ocrx_word' id='word_1_376' title='bbox 290 2803 482 2851; x_wconf 80' lang='lat' dir='ltr'><strong>Ingruente</strong></span> <span class='ocrx_word' id='word_1_377' title='bbox 512 2807 653 2844; x_wconf 78' lang='lat' dir='ltr'><strong>tandem</strong></span> <span class='ocrx_word' id='word_1_378' title='bbox 689 2809 821 2846; x_wconf 83' lang='lat' dir='ltr'><strong>diluvio</strong></span> <span class='ocrx_word' id='word_1_379' title='bbox 854 2815 890 2848; x_wconf 85' lang='lat' dir='ltr'><strong><em>et</em></strong></span> <span class='ocrx_word' id='word_1_380' title='bbox 919 2814 1101 2850; x_wconf 83' lang='lat' dir='ltr'><strong>confestim</strong></span> <span class='ocrx_word' id='word_1_381' title='bbox 1132 2818 1317 2858; x_wconf 77' lang='lat' dir='ltr'><strong>cessante,</strong></span> <span class='ocrx_word' id='word_1_382' title='bbox 1352 2813 1531 2850; x_wconf 83' lang='lat' dir='ltr'><strong><em>volucrum</em></strong></span> <span class='ocrx_word' id='word_1_383' title='bbox 1566 2812 1702 2860; x_wconf 82' lang='lat' dir='ltr'><strong>aliquas</strong></span> 
     </span>
     <span class='ocr_line' id='line_1_43' title="bbox 197 2848 1703 2908; baseline 0.007 -24"><span class='ocrx_word' id='word_1_384' title='bbox 197 2848 389 2907; x_wconf 75' lang='lat' dir='ltr'><strong>Xisuthrus</strong></span> <span class='ocrx_word' id='word_1_385' title='bbox 420 2853 557 2897; x_wconf 80' lang='lat' dir='ltr'><strong>emisit,</strong></span> <span class='ocrx_word' id='word_1_386' title='bbox 581 2866 672 2902; x_wconf 82' lang='lat' dir='ltr'><strong>quae</strong></span> <span class='ocrx_word' id='word_1_387' title='bbox 698 2868 766 2892; x_wconf 89' lang='lat' dir='ltr'><strong><em>non</em></strong></span> <span class='ocrx_word' id='word_1_388' title='bbox 791 2858 931 2895; x_wconf 90' lang='lat' dir='ltr'><strong>invento</strong></span> <span class='ocrx_word' id='word_1_389' title='bbox 950 2862 1030 2897; x_wconf 85' lang='lat' dir='ltr'><strong>cibo</strong></span> <span class='ocrx_word' id='word_1_390' title='bbox 1043 2887 1054 2904; x_wconf 89' lang='lat'>‚</span> <span class='ocrx_word' id='word_1_391' title='bbox 1078 2873 1144 2896; x_wconf 88' lang='lat' dir='ltr'><strong><em>nec</em></strong></span> <span class='ocrx_word' id='word_1_392' title='bbox 1162 2862 1240 2897; x_wconf 89' lang='lat' dir='ltr'><strong>loco</strong></span> <span class='ocrx_word' id='word_1_393' title='bbox 1259 2874 1328 2908; x_wconf 90' lang='lat' dir='ltr'><strong><em>quo</em></strong></span> <span class='ocrx_word' id='word_1_394' title='bbox 1347 2861 1598 2903; x_wconf 83' lang='lat' dir='ltr'><strong>consisterent,</strong></span> <span class='ocrx_word' id='word_1_395' title='bbox 1621 2871 1703 2895; x_wconf 85' lang='lat' dir='ltr'><strong>rur-</strong></span> 
     </span>
     <span class='ocr_line' id='line_1_44' title="bbox 197 2905 1704 2957; baseline 0.007 -25"><span class='ocrx_word' id='word_1_396' title='bbox 197 2908 272 2933; x_wconf 82' lang='lat' dir='ltr'><strong><em>sum</em></strong></span> <span class='ocrx_word' id='word_1_397' title='bbox 292 2910 469 2957; x_wconf 33' lang='lat' dir='ltr'><strong>invni-iveni</strong></span> <span class='ocrx_word' id='word_1_398' title='bbox 480 2906 568 2937; x_wconf 62' lang='lat' dir='ltr'><strong>*sunt</strong></span> <span class='ocrx_word' id='word_1_399' title='bbox 579 2913 756 2940; x_wconf 80' lang='lat' dir='ltr'><strong>reversae.</strong></span> <span class='ocrx_word' id='word_1_400' title='bbox 778 2905 904 2953; x_wconf 80' lang='lat' dir='ltr'><strong>spatio</strong></span> <span class='ocrx_word' id='word_1_401' title='bbox 923 2907 1059 2944; x_wconf 86' lang='lat' dir='ltr'><strong>dierum</strong></span> <span class='ocrx_word' id='word_1_402' title='bbox 1075 2908 1210 2955; x_wconf 79' lang='lat' dir='ltr'><strong>aliquot</strong></span> <span class='ocrx_word' id='word_1_403' title='bbox 1226 2908 1412 2944; x_wconf 82' lang='lat' dir='ltr'><strong>interiecto</strong></span> <span class='ocrx_word' id='word_1_404' title='bbox 1424 2908 1615 2944; x_wconf 83' lang='lat' dir='ltr'><strong>Xisuthrus</strong></span> <span class='ocrx_word' id='word_1_405' title='bbox 1634 2906 1704 2942; x_wconf 86' lang='lat' dir='ltr'><strong>ite-</strong></span> 
     </span>
     <span class='ocr_line' id='line_1_45' title="bbox 199 2945 1704 3000; baseline 0.007 -21"><span class='ocrx_word' id='word_1_406' title='bbox 199 2955 275 2981; x_wconf 85' lang='lat' dir='ltr'><strong><em>rum</em></strong></span> <span class='ocrx_word' id='word_1_407' title='bbox 304 2945 448 2983; x_wconf 73' lang='lat' dir='ltr'><strong>dimittit</strong></span> <span class='ocrx_word' id='word_1_408' title='bbox 467 2960 571 2992; x_wconf 76' lang='lat' dir='ltr'><strong>aves3</strong></span> <span class='ocrx_word' id='word_1_409' title='bbox 596 2949 678 2986; x_wconf 80' lang='lat' dir='ltr'><strong>illae</strong></span> <span class='ocrx_word' id='word_1_410' title='bbox 706 2963 789 2988; x_wconf 83' lang='lat' dir='ltr'><strong>vero</strong></span> <span class='ocrx_word' id='word_1_411' title='bbox 811 2953 958 3000; x_wconf 82' lang='lat' dir='ltr'><strong>pedibus</strong></span> <span class='ocrx_word' id='word_1_412' title='bbox 975 2955 1047 2991; x_wconf 85' lang='lat' dir='ltr'><strong>luto</strong></span> <span class='ocrx_word' id='word_1_413' title='bbox 1077 2955 1219 2992; x_wconf 79' lang='lat' dir='ltr'><strong>infectis</strong></span> <span class='ocrx_word' id='word_1_414' title='bbox 1247 2956 1452 2999; x_wconf 78' lang='lat' dir='ltr'><strong>redierunt3</strong></span> <span class='ocrx_word' id='word_1_415' title='bbox 1483 2955 1592 2992; x_wconf 87' lang='lat' dir='ltr'><strong>tertio</strong></span> <span class='ocrx_word' id='word_1_416' title='bbox 1617 2965 1704 2990; x_wconf 82' lang='lat' dir='ltr'><strong>vero</strong></span> 
     </span>
    </p>
   </div>
  </div>
 </body>
</html>
