1800 3236
542 187 1070 237 CHRONOGRAPHIA.
1452 185 1558 234 377

51 302 331 364 ἀνοιγομένων
357 306 443 349 τῶν
466 306 631 361 θυρῶν.
668 295 723 358 ἦν
753 300 801 344 δὲ
817 300 888 344 καὶ
912 303 1169 357 Σολομῶνος
1184 296 1331 360 γραφή
1354 317 1419 353 τις
1442 302 1557 360 ε’γκε-

51 375 292 433 κολαμμένη
311 377 367 435 τῇ
382 371 496 432 πύλῃ
512 377 589 417 τοῦ
610 375 717 416 ναοῢ
735 370 895 423 παντὸς
911 369 1156 428 νοσήματος
1173 370 1277 423 ἄκος
1293 372 1556 430 περιέχουσα,

51 440 81 506 ᾗ
108 445 323 504 προσέχων
351 442 376 488 ὃ
406 444 510 495 λαὸς
538 444 609 487 καὶ
633 442 712 494 τὰς
732 443 969 500 θεραπείας
999 441 1267 499 νομιζόμενος
1297 440 1401 498 ἔχειν
1436 461 1561 487 κατε-

53 515 199 575 φρόνει
229 519 308 560 τοῦ·
334 519 443 559 θεοῦ
457 529 467 539 ·
506 514 572 558 διὸ
604 514 674 557 καὶ
698 510 859 570 ταύτην
873 512 1054 568 Ἐζεκίας
1075 510 1350 570 ἔξεκόλαψεν,
1382 513 1455 558 ἵνα
1476 511 1562 558 πά-

22 589 225 643 5σχοντες
242 589 304 646 τῷ
323 589 414 645 θεῷ
433 584 705 643 προσέχωσιν.

122 694 127 698 .
151 655 405 712 Ἐπολέμησε
425 656 472 699 δὲ
487 662 576 706 τοῖς
594 650 851 712 ἀλλοφύλοις
868 651 991 712 μέχρι
1007 650 1162 710 Γάζης.

148 726 382 784 Ἀσσυρίων
408 744 455 770 τε
487 725 646 782 ἀπέστη
665 721 871 782 πρότερον
890 721 1079 781 ὖπήκοος
1102 723 1163 768 ὢν
1184 724 1254 768 καὶ
1273 722 1330 768 τὰ
1348 724 1603 783 διεφθαρ-(ἓ

51 795 157 854 μένα
182 797 296 854 τείχη
319 800 397 853 τῆς
416 794 689 855 Ἰερουσαλὴμ
709 794 987 849 ἀνεκαίνισεν)
1027 792 1221 853 δεύτερον
1237 793 1347 853 αὐτῇ
1378 795 1565 853 περιθεὶς

52 869 268 924 τείχισμα,
311 867 525 925 ἀφανίσας
556 867 603 910 δὲ
633 865 689 909 τὰ
721 865 840 923 πέριξ
871 868 949 921 τῆς
976 861 1138 916 πόλεως
1174 863 1316 908 ὕδατα
1336 864 1407 908 διὰ
1431 866 1566 921 δίψαν

0 939 44 976 10
54 942 142 981 τῶν
173 938 382 992 πολεμίων
410 939 481 982 καὶ
505 934 642 994 μόνην
671 934 947 994 ἀποστρέψας
966 933 1086 979 ἔνδον
1106 938 1185 993 τῆς
1206 931 1369 987 πόλεως
1389 934 1467 992 τὴν
1486 939 1565 980 τοῦ

54 1007 232 1062 Σιλωὰμ,
249 1004 399 1064 πηγήν.
869 1049 874 1052 .

153 1073 582 1136 Ἐπιστρατεῦσαντος
616 1073 661 1119 δ’
696 1073 813 1135 αὐτῷ
835 1078 912 1118 τοῦ
941 1074 1207 1132 Σενναχηρῖμ
1241 1075 1311 1119 καὶ
1341 1074 1421 1127 τὰς
1447 1073 1566 1134 πέριξ

52 1152 323 1206 πορθοῦντος
348 1144 490 1198 πόλεις
516 1143 763 1203 συγγνώμην
784 1142 900 1205 αὖτῷ
919 1149 997 1202 τῆς
1020 1144 1288 1197 ἀποστασίας
1307 1144 1423 1204 ᾔτει,
1463 1146 1564 1198 ὃοῦς

54 1220 123 1262 καὶ
141 1215 360 1276 τριακόσια
378 1215 566 1261 τάλαντα
587 1215 787 1274 ἀργυρίου
795 1217 975 1274 χρυσίου
995 1232 1040 1259 τε
1052 1213 1292 1272 τριάκοντα.
1315 1214 1338 1260 ὅ
1350 1217 1407 1260 ,δὲ
1424 1221 1563 1261 ταῦτα

0 1292 44 1328 15
55 1288 200 1344 λαβὼν
229 1287 305 1333 οὔκ
332 1287 514 1345 ἀπέστη,
553 1286 661 1330 ἀλλὰ
686 1284 905 1343 Ῥαψάκην
923 1285 1161 1343 στρατηγὸν
1184 1286 1318 1331 αὐτοῦ
1337 1286 1416 1331 σὺν
1450 1286 1563 1348 ὄχλῳ

53 1363 182 1415 βαρεῖ·
193 1358 302 1402 κατὰ
321 1362 399 1416 τῆς
412 1356 687 1417 Ἰερουσαλὴμ
701 1357 876 1413 πέμψας
893 1356 1066 1408 ἀπειλὰς
1082 1356 1241 1414 ἔγραψε
1260 1357 1368 1416 πρὸς
1380 1357 1599 1412 Ἐζεκιάνῐ)

56 1431 126 1473 καὶ
149 1430 208 1481 εἷς
224 1428 328 1473 θεὸν
352 1429 642 1487 βλασφημίας.
686 1427 735 1472 τὸ
756 1428 803 1471 δὲ
816 1429 983 1483 βιβλίον
1001 1431 1078 1484 τῆς
1095 1431 1263 1486 γραφῆς
1278 1426 1440 1485 ταύτης
1458 1426 1565 1472 ἕνῶ-

55 1517 152 1543 πιον
184 1500 330 1557 κυρίου
362 1497 565 1550 ἆπλώσας
596 1495 855 1555 ἐθαρρύνετο
883 1497 991 1554 πρὸς
1018 1501 1095 1540 τοῦ
1124 1496 1349 1556 προφήτου
1365 1495 1560 1553 Ἡσαΐου,

54 1569 117 1626 μὴ
147 1573 378 1628 φοβεῖσθαι
404 1570 451 1613 δέ
469 1569 570 1620 τούς
603 1569 786 1623 ἀσεβεῖς,
826 1566 885 1619 ὥς
915 1565 998 1611 ὖπό
1030 1571 1139 1611 θεοῦ
1169 1569 1560 1625 πτοηθησομένους.

0 1637 151 1684 &ordre
177 1639 347 1696 ἄγγελος
374 1640 521 1697 κυρίου
549 1638 700 1689 νυκτὸς
727 1638 942 1697 διέφθειρε
969 1635 1224 1696 παραδόξως
1252 1636 1343 1697 ρπε’
1368 1636 1566 1696 χιλιάδας

151 1774 187 1810 1.
208 1772 452 1818 Σολομῶνος]
477 1771 683 1818 Legebatur
699 1771 887 1818 Σολομῶν
905 1767 967 1815 ὥς.
1088 1770 1377 1819 ἑγκεκολλαμὲνη
1397 1772 1472 1808 ΑΒ.

148 1823 185 1857 2.
208 1821 281 1857 τοῦ
297 1821 395 1857 ναοῦ
416 1824 454 1856 et
487 1816 579 1860 ἄκος
605 1831 671 1854 om.
690 1820 739 1854 G.
847 1820 897 1856 ,5.
923 1817 1174 1866 προσέχουσιν
1199 1819 1242 1855 Β.
1370 1820 1407 1856 7.
1438 1823 1565 1857 Ao'o'v-

150 1869 236 1915 ρίας
258 1869 307 1904 G.
429 1869 466 1904 9.
491 1863 616 1904 ὕδατα
634 1879 701 1902 om.
726 1866 776 1902 G.
897 1867 955 1904 12.
983 1866 1245 1916 Σενναχηρὶμ]
1275 1867 1496 1914 σεναχηρεὶμ
1520 1869 1562 1903 Α.

152 1915 405 1962 σενναχειρεὶμ
427 1915 470 1949 Β.
593 1915 651 1952 15.
682 1911 752 1949 τόν
772 1912 980 1961 στρατηγὸν
1003 1916 1052 1950 G.
1179 1917 1238 1954 17.
1268 1917 1488 1964 συγγραφῆς
1512 1916 1563 1953 G.

221 1964 279 2002 19.
304 1962 347 2000 δὲ
368 1974 433 1999 om.
451 1963 501 2001 Gr.
624 1960 975 2010 πτωηθησομένους
990 1962 1035 1999 Β.

55 2078 110 2114 Ad
128 2078 327 2126 scripturae
344 2090 450 2125 porro
467 2078 603 2114 modum
624 2079 769 2115 tabulae
789 2079 926 2115 cuidam
945 2091 968 2115 a
991 2079 1176 2115 Salomone
1195 2079 1324 2116 caelati
1341 2079 1562 2116 characteres

53 2126 196 2161 inerant
216 2139 259 2162 ac
284 2131 410 2174 portae
437 2125 556 2171 affixi,
583 2128 778 2163 morborum
808 2128 959 2162 omnium
985 2127 1142 2163 remedia
1161 2126 1376 2163 intuentibus
1393 2129 1560 2166 exhiben-

55 2178 136 2217 tes3
158 2173 238 2209 istis
261 2174 491 2221 inspiciendis
520 2185 598 2208 cum
618 2175 768 2222 populus
785 2174 954 2210 attentius
970 2174 1175 2210 adverteret
1189 2179 1228 2210 et
1239 2174 1475 2211 infirmitatum
1495 2187 1560 2210 cu-

55 2232 130 2256 ram
147 2233 187 2256 se
202 2227 494 2268 consequuturum
509 2227 620 2264 ratus,
636 2222 694 2257 dei
710 2222 903 2268 potentiam
918 2226 1180 2268 aspernaretur,
1202 2222 1412 2258 caelaturam
1427 2221 1560 2259 delevit

55 2267 209 2303 Ezecias
230 2272 268 2303 et
282 2268 559 2315 aegritudinibus
576 2269 725 2304 iactatos
742 2269 788 2304 ad
808 2269 865 2304 dei
883 2281 985 2316 opem
1005 2268 1257 2316 implorandam
1275 2270 1429 2307 reduxit.

152 2315 333 2350 Adversus
350 2315 566 2362 alienigenas
582 2316 707 2351 Gazae
723 2316 855 2351 incolas
874 2316 1130 2364 expeditionem
1149 2316 1316 2363 suscepit.

152 2361 208 2396 Ab
217 2362 394 2408 Assyriis,
417 2374 536 2397 eorum
555 2375 703 2399 excussa
723 2363 916 2406 servitute,
941 2363 1093 2406 defecit,
1115 2365 1383 2411 reparatisque,
1406 2362 1465 2398 ubi
1485 2362 1559 2398 dis-

59 2407 154 2442 iecta
178 2413 302 2451 erant,
322 2409 543 2445 Hierusalem
566 2411 766 2453 moenibus,
789 2410 902 2445 altero
922 2422 1019 2446 muro
1047 2411 1169 2446 urbem
1187 2423 1252 2457 per
1268 2422 1393 2458 gyrum
1410 2410 1558 2446 circum-

60 2455 218 2490 vallavit.
266 2455 511 2491 Scaturientes
534 2456 630 2492 circa
651 2457 829 2492 civitatem
856 2457 983 2493 latices
1000 2469 1112 2505 aquae
1130 2459 1312 2505 penuriam
1329 2458 1488 2494 hostibus
1503 2458 1559 2492 in-

60 2501 248 2545 ducturus,
273 2503 347 2538 solo
370 2503 500 2547 Siloam
522 2504 620 2538 fonte
637 2503 671 2538 in
692 2517 768 2539 eam
782 2505 922 2539 invecto
941 2505 1130 2550 obturavit.

154 2551 341 2585 Caeterum
359 2562 380 2584 a
398 2550 644 2585 Sennacherim
664 2551 788 2586 bellum
807 2556 967 2588 movente
985 2564 1029 2587 ac
1047 2553 1182 2588 vicinas
1193 2553 1300 2588 urbes
1312 2552 1558 2599 depopulante,

58 2596 270 2679 ffifmionis
300 2597 436 2632 veniam
465 2598 610 2644 petebat
638 2597 810 2643 Ezecias,
834 2599 928 2635 datis
952 2599 1044 2636 ultro
1066 2599 1206 2647 argenti
1232 2599 1399 2635 trecentis
1418 2603 1455 2634 et
1477 2598 1556 2633 auri

111 2643 202 2679 eutis
218 2644 264 2680 tri
292 2644 376 2679 ‘nta.
522 2677 526 2680 .

62 2712 65 2713 ν
153 2690 220 2726 Bis
248 2657 404 2738 affieptis
441 2691 689 2727 Sennacherim
715 2694 813 2728 arma'
836 2692 894 2729 vel
917 2693 1004 2729 iram
1037 2705 1107 2730 non
1134 2692 1318 2740 deposuit;
1350 2691 1433 2738 quin
1455 2690 1557 2726 immo

61 2738 223 2783 Rapsaoe
236 2739 372 2786 copiosi
392 2738 566 2774 exercitus
585 2739 675 2778 duce
689 2739 726 2775 in
742 2740 960 2776 Hierusalem
976 2741 1080 2776 misso
1092 2766 1103 2783 ,
1126 2741 1227 2776 minis
1250 2739 1434 2781 Ezeciam,
1458 2737 1560 2772 deum

61 2785 285 2830 blasphemiis
296 2787 502 2821 lacessebat.
521 2786 664 2832 Apertis
681 2791 795 2823 autem
804 2792 842 2823 et
857 2788 1023 2835 expansis
1031 2788 1068 2823 in
1079 2787 1207 2823 domini
1219 2791 1406 2832 conspectu
1416 2785 1559 2826 tabulis,

63 2831 196 2866 animos
210 2832 364 2868 addebat
382 2833 510 2868 Esaias
527 2833 710 2880 propheta,
731 2846 820 2870 neve
838 2836 979 2871 timeret
992 2836 1113 2870 hostes
1132 2847 1154 2869 a
1174 2834 1239 2868 deo
1257 2831 1357 2867 brevi
1376 2831 1559 2866 deterren-

63 2877 127 2913 dos
156 2882 194 2913 et
218 2879 474 2925 profligandos,
497 2881 758 2918 exhortabatur.
803 2883 910 2919 Tunc
933 2882 972 2917 in
995 2881 1216 2928 Assyriorum
1230 2878 1356 2914 castris
1387 2878 1558 2913 hominum

63 2930 203 2962 oentum
226 2930 266 2963 et
290 2927 470 2975 octoginta
495 2927 650 2976 quinque
667 2929 796 2974 millia,
818 2934 962 2978 praeter
980 2940 1077 2977 spem
1096 2931 1199 2964 nocte
1213 2938 1307 2970 una,
1330 2926 1476 2972 angelus
1494 2925 1559 2962 do-
