1800 3236
198 184 300 235 128
692 186 944 237 GEORGII
973 187 1263 235 SYNCELLI

197 307 275 361 τῆς
302 300 441 358 Ἀμώς
472 299 550 357 μὲν
588 298 697 345 κατὰ
723 297 1000 358 Ἀφρικανὸν,
1039 297 1149 342 κατὰ
1183 298 1230 342 δὲ
1256 295 1463 355 Εὗσέβιον
1488 297 1710 358 Ἀμῶσιος,

198 373 307 419 κατὰ
330 373 376 418 δὲ
401 371 450 417 τὸ
480 371 617 430 παρὸν
634 377 966 429 χρονογραφεῖον
988 370 1063 433 ικαὶ
1083 368 1205 426 ἕτερα
1234 368 1389 427 ἀκριβῆ
1398 403 1414 426 ,
1454 368 1512 422 ὥς
1538 372 1714 430 δειχθή-

171 463 174 466 ’
198 462 340 500 σεται,
379 442 575 501 δευτέρου
599 445 677 498 τῆς
697 440 828 497 αὐτῆς
849 437 904 497 ιη’
928 440 1177 490 δυναστείας
1195 436 1416 495 Ἀμώσιος.

67 603 181 643 Ρ.69
218 588 222 591 χ
589 583 800 627 ΚΑΤΑ
845 582 1318 626 ΑΦΡΙΚΑΝΟΝ.

407 668 790 728 Ὀκτωκαιδεκάτη
818 669 1060 715 δυναστεία
1087 671 1406 714 Διοσπολιτῶν
1435 665 1486 721 ις’
1717 677 1742 714 5

198 756 230 807 ἆ
233 780 256 807 ν
274 764 441 820 πρῶτος
455 757 614 815 Ἀμώς,
655 757 729 817 ἐφ’
765 750 814 801 οἷ)
838 760 1038 814 Μωϋσῆς
1060 759 1238 814 ἐξῆλθεν
1260 756 1341 801 ἀπ’
1364 754 1589 815 Αῗγύπτου
1601 790 1615 811 ,
1656 755 1715 809 ὥς

198 831 317 891 ἡμεῖς
339 831 638 885 ἆποδείκνυμεν
669 826 740 880 ’ὥς
762 827 805 872 δ’
830 826 1066 887 ἡπαροῦσα
1089 831 1240 888 ψῆφος
1264 827 1496 887 ἀναγκάζει,
1522 829 1589 872 ἐπὶ
1610 826 1713 873 τού-

198 921 275 948 του
300 901 374 946 τὸν
395 899 589 945 Μωϋσέα
617 900 839 956 συμβαίνει
864 899 956 943 νέον
978 898 1037 943 ἔτι
1059 896 1175 944 εἶναι.

164 974 195 1010 Β
314 970 443 1028 Οἶμαι
471 970 548 1014 τὸν
571 970 825 1029 Ἀφρικανὸν
861 969 1022 1028 ἆγνοεΐν
1052 969 1116 1015 ὅτι
1147 971 1215 1014 καὶ
1251 966 1272 1014 ὃ
1307 968 1418 1028 παρ’
1441 969 1557 1031 αὐτῷ
1574 968 1715 1026 Ἀμώς

192 1043 376 1101 ’Άμωσις
406 1043 591 1085 ἐκαλεῖτο
625 1039 647 1085 ὃ
685 1041 814 1092 αὐτὸς
849 1042 920 1085 καὶ
965 1041 1196 1097 Τέθμωσις
1224 1040 1316 1091 υἱὸς
1350 1039 1516 1098 Ἀσὴθ,
1557 1039 1614 1092 ὥς
1636 1043 1773 1098 ‹577-10

201 1112 470 1171 λωθήσεται·
507 1114 576 1156 καὶ
611 1109 632 1156 ὃ
665 1112 765 1169 μετ’
799 1110 928 1155 αὗτὸν
952 1111 1070 1163 ἕκτος
1091 1108 1528 1171 Μισφραγμούθωσις
1559 1110 1717 1166 ὁμοίως

203 1187 273 1230 καὶ
299 1183 484 1241 Ἄμωσις
525 1181 699 1242 εὕρηται
742 1181 975 1241 λεγόμενος.
1023 1182 1133 1226 ἀλλὰ
1175 1182 1284 1226 κατὰ
1322 1182 1401 1239 μὲν
1432 1181 1507 1228 τὸν
1544 1187 1715 1241 πρῶτον

166 1256 403 1317 ,Ἄμωσιη
442 1253 536 1311 ἤτοι
558 1254 697 1310 Ἀμώς
730 1253 837 1313 παρ’
873 1252 1014 1313 αὐτῷ,
1053 1252 1198 1315 ἢπρὸ
1235 1251 1274 1297 δ’
1305 1257 1383 1311 τῆς
1417 1252 1550 1312 ἀρχῆς
1580 1254 1715 1297 αὐτοῦ

200 1328 333 1381 ἐτῶν,
371 1327 567 1381 Μωϋσῆς
598 1325 834 1384 γεγένηται,
873 1322 930 1375 ὥς
954 1322 1188 1381 δεδήλωται
1197 1357 1212 1379 ,
1250 1323 1360 1368 κατὰ
1378 1323 1427 1367 τὸ
1453 1322 1596 1385 ,γψλβ
1622 1324 1716 1376 ἔτος

200 1402 277 1442 τοῦ
301 1394 487 1453 κόσμου’
526 1396 634 1440 κατὰ
669 1397 715 1440 δὲ
739 1395 814 1439 τὸν
836 1391 1030 1453 δεύτερον
1049 1394 1258 1451 Ἄμωσιν,
1296 1394 1372 1440 τὸν
1400 1396 1469 1438 καὶ
1497 1398 1713 1454 Μισφρα-
1728 1400 1773 1438 15

199 1465 471 1527 γμοῦθωσιν,
510 1469 708 1524 Μωῢσῆς
745 1468 924 1523 ἐξῆλθεν
957 1465 1036 1509 ἀπ’
1071 1464 1296 1524 Αἰγύπτου
1322 1464 1401 1510 σὺν
1418 1468 1479 1527 τῷ
1499 1469 1614 1527 λαῷ,
1652 1471 1715 1528 τῷ

202 1536 333 1603 Ι’γωιβ’
357 1537 436 1583 ἔτει
456 1542 532 1582 τοῦ
554 1536 732 1595 κόσμου,
770 1534 814 1581 π’
837 1537 884 1581 δὲ
908 1535 1054 1581 αὐτοῦ.

297 1663 333 1699 2.
370 1660 414 1698 τὰ
450 1672 515 1696 om.
549 1661 598 1699 G.
710 1662 746 1698 6.
781 1658 851 1706 ἐφ’
883 1673 927 1697 m.
962 1657 1038 1707 ἀφ’
1066 1661 1114 1699 G.
1212 1660 1248 1698 7.
1283 1659 1545 1705 ἐπιδείκνυμεν
1568 1661 1618 1697 G.

294 1713 352 1748 10.
393 1707 585 1757 τέθμωσις
619 1709 695 1745 Bm.
741 1709 954 1755 Τεθμωσής
993 1711 1041 1745 G.
1169 1705 1276 1756 οἷσὴθ
1305 1709 1349 1745 Β.
1391 1707 1525 1756 Ασσήθ·
1562 1709 1611 1744 G.
1648 1704 1717 1746 ἇσ-

295 1759 375 1803 σῆθ
407 1758 449 1792 Α.
554 1758 611 1794 11.
645 1753 788 1803 ὁμοίως
804 1757 883 1804 καὶ]
909 1757 1053 1804 ὁμοίως
1071 1754 1114 1794 δὲ
1136 1757 1184 1793 G.
1290 1758 1349 1794 12.
1385 1752 1550 1804 ἦυρηται
1576 1756 1621 1792 Β.

295 1804 351 1843 14.
376 1802 568 1890 γὸεγένηται
586 1803 870 1889 Α.Βγεγέννηται
888 1806 938 1843 G.
1035 1802 1087 1849 ὥς
1104 1806 1179 1841 Bm.
1204 1798 1234 1853 ᾦ
1261 1805 1309 1840 G.
1406 1803 1451 1842 τὸ
1478 1805 1555 1841 Bm.
1586 1804 1641 1852 τῷ
1665 1804 1714 1840 G.

368 1855 387 1890 1
415 1875 425 1887 .
448 1851 518 1890 τὸν
541 1865 606 1889 om.
659 1879 669 1890 .

205 1955 336 2000 tentia,
359 1957 460 1992 iuxta
473 1958 667 1994 Eusebium
696 1970 780 1995 vero
801 1957 940 2002 Amosi,
964 1959 1000 1993 et
1028 1956 1129 1993 iuxta
1156 1957 1378 2004 praesentem
1403 1958 1599 2005 temporum,
1622 1968 1716 1993 sum-

205 2017 294 2040 mam
315 2008 351 2040 et
370 2005 508 2040 codices
526 2006 681 2053 reliquos
699 2006 956 2042 emendatiores
972 2006 1094 2042 eodem
1111 2005 1248 2040 nomine
1256 2004 1373 2040 Amosi
1391 2005 1716 2052 nuncupando‚'ve-

204 2052 486 2136 {umddynastiege
505 2055 572 2098 18,
596 2054 681 2090 sede
703 2054 876 2098 secunda,
899 2058 1006 2102 prout
1027 2052 1360 2096 demonstrabimus,
1386 2052 1601 2089 recensendo
1614 2078 1626 2096 ,
1650 2064 1717 2089 no-

230 2111 260 2135 is
300 2111 447 2148 isponan
463 2112 515 2136 ur.

706 2171 802 2216 EX
831 2157 1208 2217 AFRICANO.

271 2241 428 2295 Regum
457 2242 777 2298 Diospolitarum
800 2248 854 2290 16
885 2245 1074 2298 dynastia
1098 2244 1255 2285 decima
1285 2249 1442 2296 octava,
1474 2256 1650 2298 quorum

253 2322 358 2359 Amos
375 2322 506 2369 primus
523 2324 590 2359 fuit
602 2350 613 2367 ,
637 2325 702 2360 sub
722 2337 790 2372 quo
803 2351 814 2369 ,
839 2327 946 2372 prout
964 2324 1232 2367 declaravimus,
1257 2336 1301 2359 ex
1312 2324 1476 2371 Aegypto
1494 2324 1615 2360 Moses
1628 2335 1715 2370 pro-

322 2370 437 2406 fectus
458 2375 523 2408 est.
570 2372 667 2414 Quin
687 2373 788 2408 immo
811 2372 907 2419 regis
927 2373 1031 2408 istius
1050 2377 1167 2408 aetate
1184 2372 1356 2408 iuveniles
1376 2372 1491 2408 adhuc
1508 2383 1616 2408 annos
1634 2372 1714 2409 Mo-

326 2429 389 2452 sen
415 2418 612 2454 decurrisse
634 2420 703 2454 sibi
722 2420 866 2456 concedi
888 2432 1056 2466 praesens
1076 2420 1231 2455 calculus
1251 2419 1374 2466 exigit.

304 2464 425 2500 Virum
453 2466 617 2509 eundem,
642 2468 702 2514 qui
725 2468 851 2512 Amos,
878 2468 1020 2503 Amosin
1038 2480 1198 2514 quoque,
1223 2479 1289 2502 nec
1306 2479 1375 2502 non
1395 2467 1602 2504 Tethmosin
1616 2494 1628 2511 ‚
1652 2468 1715 2515 qui

208 2510 301 2549 filius
319 2513 449 2555 Aseth,
473 2512 601 2548 dictum
627 2515 762 2560 (prout
782 2527 826 2550 ex
850 2516 1077 2562 sequentibus
1101 2515 1420 2560 demonstrabitur)
1450 2518 1487 2550 et
1509 2516 1714 2562 Misphrag-

209 2559 386 2595 muthosin
422 2564 558 2595 sextum
592 2561 636 2596 ab
674 2574 715 2597 eo
752 2568 967 2598 numeratum
993 2563 1129 2598 Amosis
1159 2573 1299 2608 quoque
1337 2561 1475 2597 nomine
1510 2563 1714 2609 insignitum

209 2606 381 2653 reperiri,
404 2607 604 2643 Africanum
620 2608 803 2654 ignorasse
823 2622 916 2645 reor.
963 2610 1056 2645 Sane
1073 2611 1138 2645 sub
1162 2610 1282 2645 Amosi
1302 2609 1450 2644 nominis
1471 2609 1573 2645 istius
1590 2610 1715 2656 primo,

210 2654 270 2700 qui
291 2655 394 2689 Amos
411 2654 505 2702 apud
523 2655 723 2691 Africanum
741 2656 859 2699 audit,
884 2658 942 2692 vel
961 2662 1059 2693 certe
1077 2657 1176 2693 annis
1195 2661 1276 2692 ante
1293 2667 1439 2703 regnum
1453 2656 1607 2692 eiusdem
1627 2669 1716 2704 qua-

210 2705 303 2744 tuor,
327 2701 465 2745 Moses,
490 2706 530 2738 ut
546 2714 589 2737 ex
607 2702 712 2738 dictis
729 2704 912 2740 manifesto
931 2705 1055 2751 liquet,
1079 2705 1116 2739 in
1138 2704 1250 2739 lucem
1267 2703 1419 2750 prodiit;
1444 2714 1534 2740 anno
1555 2704 1715 2740 nimirum

210 2749 255 2786 ab
276 2748 371 2784 orbis
390 2748 531 2784 conditu
550 2750 666 2793 3732,
691 2752 754 2786 sub
773 2752 889 2786 Amosi
904 2764 989 2787 vero
1009 2751 1157 2787 nominis
1175 2751 1329 2786 eiusdem
1347 2753 1500 2787 secundo
1513 2778 1524 2796 ,
1549 2751 1606 2787 cui
1623 2751 1715 2789 Mis-

208 2796 496 2843 phragmuthosis
526 2809 664 2844 quoque
694 2809 815 2833 nomen
828 2824 838 2842 ‚
874 2811 917 2834 ex
952 2801 1114 2846 Aegypto
1152 2811 1229 2834 cum
1257 2798 1378 2846 populi
1409 2798 1518 2834 totius
1548 2800 1714 2836 comitatu

210 2855 374 2890 egressus
394 2847 468 2888 est,
493 2844 539 2881 ab
559 2845 644 2881 orbe
665 2844 831 2882 videlicet
851 2850 968 2883 creato
985 2848 1103 2890 3812,
1128 2846 1255 2884 aetatis
1274 2845 1439 2893 propriae
1456 2848 1514 2884 80.
