1800 3236
231 156 333 206 492
692 162 943 209 GEORGII
970 161 1255 209 SYNCELLI

328 270 426 316 'En'
468 271 600 317 αὐτοῦ
629 271 861 326 ’Διονύσιος
890 271 1098 332 ἐτυράννει
1131 278 1209 331 τῆς
1235 275 1447 330 Σικελίας,
1486 275 1593 321 καθ’
1626 275 1674 320 ὃν
1698 275 1720 320 ὃ

230 339 414 387 Πλάτων
446 342 723 400 ἀποδημήσας
761 345 948 401 ἱστορίας
977 345 1093 388 ἕνεκα
1131 349 1216 388 τῶν
1248 346 1478 403 λεγομένων
1507 348 1722 391 Αἰτναίων

230 417 307 457 τοῦ
338 412 470 470 πυρὸς
500 412 744 472 κρατήρων,
783 412 839 465 ὥς
870 430 999 472 φασιν
1036 414 1076 474 οξ
1105 414 1203 458 κατ’
1228 416 1356 460 αὐτὸν
1375 413 1626 475 φιλόσοφοι,
1665 415 1723 467 ὥς

230 483 277 527 δὲ
301 482 552 541 Ἀριστείδης
581 481 602 527 ὅ
636 482 776 542 ῥήτωρ
802 483 909 527 κατὰ
927 482 1162 536 Πλάτωνος
1179 484 1374 543 γράψας,
1411 490 1623 543 Σικελικῆς
1641 485 1722 543 χά-

232 571 298 611 ριν
328 552 556 611 τραπέζης,
595 559 654 612 τῷ
680 552 872 615 τυράννῳ
900 552 1139 612 γινώσκεται
1169 553 1238 598 διά
1263 573 1375 608 τινος
1391 557 1555 608 Δίωνος
1578 560 1753 614 γυναι-5

232 623 440 681 καδέλφου
481 627 558 666 τοῦ
596 625 824 668 Διονυσίου
864 624 1018 683 ἀνδρὸς
1048 626 1341 683 προσκειμένου
1377 629 1619 688 φιλοσοφίᾳ.
1669 626 1726 678 ὥς

229 693 276 736 δὲ
296 690 536 751 ἐπηρώτησε
556 692 782 746 Διονύσιος
801 693 1044 748 Πλάτωνα,
1084 697 1147 747 τίς
1167 695 1375 751 εὐδαίμων
1394 698 1436 740 ἓν
1456 695 1724 756 ἀνθρώποις,-

230 763 403 816 ἔλπίζων
433 762 610 807 ἀκοῦσαι
632 764 747 822 παρὰ
775 769 849 809 τοῦ
872 763 1108 824 φιλοσόφου
1129 764 1192 820 ὅτι
1211 766 1262 809 σύ
1275 800 1289 820 ,
1327 764 1348 811 ὅ
1373 768 1399 811 δ
1414 765 1428 783 '
1456 766 1504 811 οὗ
1526 766 1725 812 κολακεύ-

71 843 111 877 Ρ.
135 842 205 880 259
230 850 309 884 σας
349 832 424 877 τὸν
456 831 685 892 τύραννον,
722 834 819 878 ἀλλ’
859 836 984 880 εἵπών
1015 834 1360 894 ὅτι’Σωκρα’της,
1400 835 1593 881 ἀπαντᾶν
1629 837 1726 888 τοῧς

228 903 327 947 κατ’
352 904 502 947 ἐκεῖνον
523 905 680 957 ζῶντας
699 903 955 965 φιλοσόφως.
993 901 1121 957 αὖθις
1139 905 1361 965 ἠρωτήθη,
1401 908 1446 951 τί
1461 907 1579 965 ἔργον
1602 912 1722 951 πολι-
1738 915 1784 950 10

229 978 376 1030 τικοῢ,·
408 975 478 1017 καὶ
503 974 750 1032 ἀπεκρίνατο
784 981 844 1035 τῷ
866 977 981 1036 αὐτῷ
1001 975 1191 1037 τυράννῳ
1212 977 1259 1021 τό
1281 976 1434 1028 καλοὺς
1449 980 1517 1021 καὶ
1537 977 1728 1035 ἇγαθόὒς

229 1050 359 1088 ποιεῖν
387 1044 486 1095 τούς
519 1047 716 1099 πολίτας,
757 1044 947 1090 ἀκούσειν
969 1051 1175 1090 ποθοῦντι
1196 1048 1311 1104 παρὰ
1339 1046 1572 1099 Πλάτωνος
1593 1047 1655 1092 ὅτι
1678 1048 1728 1092 τὸ

232 1114 378 1173 ὀρθῶς
412 1112 598 1168 δικάζειν.
637 1115 751 1172 ηὔχει
784 1116 864 1174 γὰρ
886 1119 950 1160 ἐπὶ
973 1115 1107 1177 τούτῳ
1128 1116 1364 1169 Διονύσιος.
1403 1116 1489 1162 εἶτά
1511 1136 1639 1177 φησι,
1678 1118 1725 1162 τὸ

231 1184 376 1243 ὀρθῶς
405 1183 580 1238 δικάζειν
610 1187 721 1236 τίνος
748 1186 866 1244 ἔργον
890 1189 956 1230 σοὶ
978 1190 1114 1243 δοκεῖ,·
1152 1188 1258 1244 πρὸς
1279 1188 1326 1232 ὃν
1351 1186 1372 1232 ὃ
1399 1187 1608 1242 Πλάτων,
1646 1186 1728 1244 μό-

232 1252 322 1313 ριόν
359 1272 398 1298 τι
427 1255 575 1312 μικρὸν
611 1260 824 1300 πολιτικοῦ
860 1257 907 1301 τὸ
938 1256 1112 1311 δικάζειν
1135 1258 1291 1315 ὀρθῶς,
1330 1258 1522 1310 ἆκεσταῖς
1545 1259 1623 1317 γὰρ
1644 1260 1726 1302 εὀί-
1740 1272 1785 1308 15

187 1318 189 1320 ,
231 1341 328 1369 κασι
348 1332 436 1376 τοῖς
454 1324 507 1368 τὰ
527 1325 780 1384 διερρωγότα
802 1325 946 1383 ἱμάτια
972 1327 1260 1386 ἇνυφαίνουσι.
1289 1329 1430 1386 τρίτον
1453 1329 1582 1374 αὐτὸν
1602 1330 1727 1372 ἔπαν-
1753 1345 1756 1348 ·

231 1395 354 1454 ἤρετο
378 1395 426 1439 τὸ
454 1392 813 1452 τύραννονεῖναι,
853 1398 960 1457 φὰς,
997 1397 1186 1442 ποταπόν
1216 1416 1281 1443 σοι
1301 1400 1516 1458 φαίνεται,·
1559 1400 1662 1454 πρὸς
1683 1399 1728 1443 ὃν

231 1464 389 1523 ἀντὲφη
421 1464 632 1521 Πλάτων,
670 1466 839 1526 σφόδρα
873 1468 1030 1523 δεινὸν,
1068 1467 1172 1512 ὅπου
1209 1487 1253 1527 γε
1287 1472 1356 1513 καὶ
1396 1469 1449 1513 τὰ
1484 1470 1730 1528 κουρευτικιὶ

230 1537 436 1594 μαχαίρια
467 1541 658 1593 φοβεῖται
680 1538 738 1594 μὴ
758 1536 834 1580 ὑπ’
858 1539 999 1583 αὐτῶν
1021 1540 1238 1598 ἀναιρεθῇ.
1275 1540 1380 1598 πρὸς
1401 1545 1562 1594 ταῦτα,
1601 1543 1729 1598 φασὶν

193 1607 276 1650 Boi
323 1609 590 1651 Πλατωνικοὶ
626 1606 859 1661 Πλάτωνος
904 1607 1334 1669 ὗπεραπολογούμενοι
1362 1615 1438 1655 τοῦ
1471 1609 1786 1655 διδασκάλουΞΟ

324 1744 361 1779 2.
386 1742 571 1780 Αἰτναίων
593 1744 752 1791 Scaliger
785 1758 819 1794 p.
840 1747 898 1784 56.
930 1746 1043 1792 Vulgo
1069 1747 1283 1784 Αἰτνιαίων.
1430 1743 1465 1783 4.
1493 1744 1728 1793 Ἀριστείδης]

326 1790 406 1825 Vol.
429 1791 475 1825 ΙΙ.
501 1803 535 1838 p.
557 1794 645 1833 125,
671 1794 706 1829 7.
859 1796 891 1831 6.
925 1795 1195 1838 προσκειμένου
1225 1797 1267 1831 Α.
1298 1792 1546 1841 προκειμένου
1577 1796 1624 1829 G.

325 1837 362 1873 7.
386 1837 500 1883 Vulgo
521 1837 760 1887 ἐπερώτησεν.
873 1844 907 1878 9.
932 1843 997 1877 καὶ
1020 1840 1192 1891 ἀπαντᾷν
1216 1855 1260 1878 m.
1380 1843 1436 1879 12.
1463 1840 1570 1887 παρὰ
1593 1854 1658 1878 om.
1685 1841 1727 1875 B.

399 1886 455 1920 13.
481 1884 577 1932 ηὔχη
596 1887 637 1924 Β.
757 1885 813 1926 14.
839 1887 1002 1933 δικάζειν
1025 1888 1066 1925 δὲ
1091 1891 1132 1924 Α.
1254 1891 1311 1928 15.
1333 1888 1467 1935 μικρὸν
1493 1902 1558 1925 om.
1585 1890 1633 1923 G.

325 1932 384 1967 16.
409 1932 640 1980 διερροιγώτοι
663 1935 706 1969 Β.
835 1939 893 1974 18.
915 1937 1114 1984 κουρετικοὶ
1133 1937 1182 1974 Β.
1311 1940 1369 1975 19.
1401 1935 1567 1986 φοβῆται
1594 1937 1637 1972 Β.

326 1979 445 2027 φασὶν
462 1980 507 2017 Β.
529 1981 646 2030 φησὶν
668 1983 717 2021 G.

328 2097 403 2133 Sub
422 2098 460 2134 id
476 2102 610 2148 tempus
630 2100 820 2148 Dionysius
841 2102 995 2138 Siciliam
1014 2103 1201 2150 tyrannide
1217 2103 1388 2145 vexabat,
1412 2101 1458 2137 ad
1485 2113 1583 2148 quem
1613 2102 1729 2136 crate-

234 2155 309 2179 rum
329 2145 560 2182 Aetnaeorum
590 2152 627 2184 et
654 2149 745 2194 ignis
770 2155 918 2186 naturae
941 2151 1236 2196 perscrutandae,
1262 2163 1307 2185 ex
1341 2149 1619 2196 philosophorum
1650 2148 1728 2183 eius

235 2191 433 2237 sequacium
463 2194 584 2238 dictis,
608 2199 648 2230 ut
674 2208 757 2231 vero
787 2198 906 2232 rhetor
928 2197 1098 2232 Aristides
1129 2198 1202 2231 suis
1227 2198 1264 2232 in
1286 2197 1466 2231 Platonem
1498 2195 1641 2241 scriptis
1673 2200 1729 2228 te-

236 2243 371 2281 statur,
395 2239 535 2276 Siculae
554 2254 692 2277 mensae
711 2243 826 2288 gratia
848 2245 1024 2291 profectus
1043 2244 1145 2278 Plato
1163 2244 1284 2278 Dionis
1304 2243 1479 2278 cuiusdam
1502 2242 1659 2287 Dionysii
1685 2253 1729 2275 ex

236 2297 355 2320 sorore
376 2286 477 2321 leviri
495 2289 733 2334 philosophiae
751 2290 978 2325 addictissimi
1000 2291 1199 2325 interventu
1225 2291 1260 2325 in
1289 2290 1428 2337 tyranni
1461 2290 1665 2335 colloquium
1693 2292 1731 2322 et

235 2333 506 2368 familiaritatem
527 2335 733 2373 admittitur.
780 2337 832 2371 Ut
849 2337 1029 2372 Platonem
1052 2337 1240 2384 Dionysius
1263 2337 1508 2384 interrogavit.
1558 2337 1647 2379 Quis
1668 2336 1730 2370 ho-

236 2380 362 2415 minum
380 2380 598 2416 felicissimus
611 2382 630 2416 ’ἐ
652 2384 733 2417 Non
752 2383 840 2419 alius
858 2396 878 2419 a
897 2390 953 2427 te,
978 2397 998 2420 a
1017 2385 1222 2432 philosopho
1252 2385 1448 2420 auditurum
1473 2397 1510 2419 se
1535 2382 1730 2430 praestola-

236 2431 318 2470 tus,
343 2427 512 2466 hominem
545 2430 588 2464 ab
615 2429 784 2465 adulando
815 2431 959 2466 alienum
985 2432 1175 2478 persensit,
1200 2433 1393 2475 dicentem,
1430 2431 1521 2478 quod
1550 2432 1729 2469 Socrates,

236 2478 273 2509 et
290 2474 432 2509 eandem
441 2475 650 2514 .felicitatem
668 2484 934 2523 assequutur0s‚
957 2480 1016 2525 qui
1034 2479 1078 2514 ad
1095 2479 1169 2514 eius
1186 2485 1375 2526 praecepta
1393 2491 1504 2514 mores
1522 2477 1728 2524 philosopho

237 2521 364 2576 dignos
380 2530 636 2568 componerent.
683 2524 832 2560 Rursum
856 2526 956 2560 Plato
980 2531 1148 2573 rogatus,
1173 2527 1344 2574 quodnam
1370 2527 1463 2561 foret
1494 2525 1561 2560 viri
1593 2522 1729 2571 politici

237 2568 419 2604 osticium?
443 2569 639 2616 Respondit
656 2574 824 2617 tyranno:
850 2573 879 2607 si
902 2574 1010 2608 bonos
1032 2574 1125 2609 cives
1144 2579 1181 2609 et
1198 2575 1323 2621 probos
1344 2572 1550 2610 reddiderit.
1598 2573 1730 2617 Spera-

237 2616 300 2650 bat
317 2616 507 2664 Dionysins
523 2629 785 2664 responsurum:
811 2620 843 2654 si
860 2626 990 2655 rectum
1008 2626 1170 2656 exerceat
1184 2621 1368 2663 iudicium3
1391 2619 1547 2655 iustitiae
1561 2618 1729 2665 siquidem

238 2663 416 2707 gloriolam
436 2665 698 2711 aucupabatur3
723 2678 832 2713 eaque
850 2667 894 2702 de
915 2679 1020 2702 causa
1040 2669 1234 2703 subintulit.
1281 2668 1384 2703 Recti
1402 2678 1465 2702 ver
1478 2673 1514 2701 et
1535 2666 1636 2712 aequi
1657 2671 1731 2719 stu-

238 2709 334 2745 dium
354 2712 452 2746 cuius
481 2711 642 2747 aestimas
670 2725 748 2748 esse
771 2715 922 2750 munus?
947 2716 999 2749 Ad
1018 2727 1118 2761 quem
1138 2716 1251 2751 Plato.
1300 2715 1389 2750 Pars
1410 2720 1465 2749 est
1484 2714 1571 2748 liaeo
1597 2711 1730 2759 politici

235 2768 338 2803 quam
360 2758 507 2806 exigua3
526 2759 601 2794 eius
624 2760 712 2795 enim
732 2759 913 2796 sollicitum
935 2763 1127 2797 sartoribus
1147 2763 1281 2798 laceras
1301 2767 1416 2798 vestes
1437 2758 1730 2807 interpolantibus

237 2815 356 2850 parem
379 2818 455 2841 esse
475 2806 637 2841 arbitror.
677 2808 916 2853 Interrogavit
939 2809 1056 2846 tertio.
1096 2810 1336 2855 Tyrannidem
1353 2820 1517 2844 exercere
1540 2804 1729 2842 cuiusmodi

237 2853 476 2900 censesopus?
501 2854 760 2896 permolestum,
786 2854 836 2889 ait
854 2855 926 2898 ille,
952 2868 1026 2891 cum
1045 2869 1065 2890 a
1083 2857 1287 2892 radentibus
1301 2855 1478 2891 novaculis
1497 2855 1592 2889 vitae
1611 2852 1729 2907 caveri

239 2899 421 2937 suadeant.
455 2900 523 2937 His
538 2901 679 2946 auditis,
701 2901 817 2948 (aiunt
828 2902 1003 2939 Platonici
1022 2904 1188 2940 adversus
1199 2903 1388 2941 Aristidem
1397 2901 1553 2939 Platonis
1571 2900 1731 2949 magistri
