1800 3236
544 210 1067 262 CHRONOGRAPHIA„
1192 272 1195 274 ,
1448 169 1553 260 369

54 325 282 379 Ἀλεξῖνος,
311 323 380 369 καὶ
402 321 510 380 μετὰ
526 326 679 368 τοῦτον
701 320 938 380 Οἰνόμαος,
963 323 1031 368 καὶ
1051 321 1158 380 μετὰ
1178 326 1354 380 τοῦτον,
1383 325 1441 379 ὥς
1465 344 1553 387 φα-

59 413 117 450 σι,
145 395 302 450 Πέλοψ
321 395 379 445 εἲς
398 393 524 450 τιμὴν
544 398 597 452 τῇ
617 395 787 451 πατρίδι
806 394 988 453 προέστη
1006 398 1084 438 τοῦ
1108 393 1268 452 ἀγῶνος
1284 396 1353 439 καὶ
1372 400 1447 453 τῆς
1466 403 1553 442 θυ-

59 467 167 516 σίας,
206 465 444 523 άριθμοῦσί
457 481 501 508 τε
523 463 607 507 ἀπὸ
625 468 701 508 τοῦ
718 462 951 522 Ἀλκμήνης
963 463 1219 523 Ἡρακλέους
1236 465 1314 517 ἕως
1331 469 1455 512 τοῦδε
1475 473 1553 513 τοῦ

55 534 212 594 χρόνον
246 533 388 592 γενεὰς
417 531 468 589 ι’,
508 533 627 578 ἄλλοι
655 535 702 578 δὲ
728 541 838 592 τρεῖς
861 535 1020 586 τελείας
1046 537 1176 593 φασὶν
1207 534 1472 592 ὀλυμπιάδας
1491 539 1559 582 ἐπὶ

29 605 213 664 δ’Ίφιτον
244 604 318 648 τὸν
350 601 690 660 ἀνανεωσάμενον
711 603 786 648 τὸν
804 604 955 662 ἀγῶνα.
996 610 1150 650 τοῦτον
1170 605 1250 664 γὰρ
1271 606 1434 652 Ἠλεῖον
1457 607 1560 653 ὄντα

59 677 131 719 καὶ
160 671 468 733 προνοούμενον
495 678 573 730 τῆς
597 672 798 726 Ἑλλάδος
828 675 994 719 παῦσαί
1015 693 1061 720 τε
1097 674 1333 721 σπεύδοντα
1366 678 1560 735 πολέμων

58 745 138 797 τὰς
176 742 316 795 πόλεις
342 745 387 787 ἐκ
406 742 545 801 πάσης
568 742 896 799 Πελοποννήσου
933 745 1098 802 πέμψαι
1122 746 1314 805 θεωροὺς
1337 748 1437 800 τοὺς
1460 767 1563 793 πευ-

60 816 264 872 σομένους
293 815 387 872 περὶ
410 818 487 871 τῆς
513 818 598 858 τῶν
621 813 812 870 πολέμων
828 813 1098 874 ἀπαλλαγῆς,
1134 815 1329 875 χρησμόν
1348 836 1394 863 τε
1416 823 1596 876 λαβεῖνΒ

59 885 259 930 Πυθικὸν
278 889 445 928 τοῦτον·
1190 924 1194 928 .

4 962 51 999 10
225 950 280 1000 Ὦ
294 951 621 1011 Πελοποννήσου
640 951 783 998 ναέται
805 953 922 1012 παρὰ
940 953 1089 1011 βωμὸν
1109 951 1243 1007 ῗόντες
1583 970 1627 1006 v,
1655 970 1722 1008 157

230 1022 358 1068 θύετε
376 1026 444 1068 καὶ
469 1026 673 1068 πείθεσθε
691 1022 746 1068 τά
767 1041 836 1068 κεν
853 1022 1024 1080 μάντεις
1039 1025 1252 1081 ἔνέπωσιν,

35 1154 38 1156 -
227 1094 383 1139 Ἠλεῖοι
404 1092 609 1153 πρόπολοι
629 1094 821 1153 πατέρων
838 1092 969 1152 νόμον
988 1093 1220 1147 ἰθύνοντες.

59 1171 150 1218 τοῖς
169 1165 215 1210 δὲ
234 1164 413 1216 Ἠλείοις
431 1162 532 1209 τάδε
553 1169 862 1223 προαγορεῦσαι

236 1234 330 1292 Τὴν
352 1232 492 1279 αὖτῶν
510 1233 664 1294 ῥύεσθε
687 1233 874 1292 πάτραν,
914 1233 1099 1290 πολέμου
1119 1233 1164 1279 δ’
1187 1234 1409 1294 ἀπέχεσθε,

5 1312 51 1350 15
233 1306 467 1349 κοινοὸίκου
488 1306 627 1364 φιλίης
642 1303 860 1362 ἡγούμενοι
875 1303 1129 1362 Ἑλλήνεσσι,

235 1373 326 1420 ἴστ’
351 1374 402 1419 ἂν
422 1376 481 1419 ἐνὶ
503 1373 694 1427 ξυνόδοις
713 1375 821 1434 ἔλθῃ
842 1373 1061 1434 φιλόφρων
1083 1373 1284 1428 ἐνιαυτός.

168 1443 336 1490 Τούτου
350 1443 476 1504 χάριν
493 1445 731 1504 καὶἼφιτος
747 1444 982 1502 κατήγγειλε
1001 1446 1078 1502 τὴν
1100 1446 1321 1504 ἐκεχειρίαν
1337 1446 1402 1488 ἐπὶ
1419 1443 1602 1506 ἦμέρῳΟ

61 1520 201 1575 τροφῇ
218 1520 411 1574 χρῆσθαι
429 1514 513 1560 ὑπὸ
529 1513 783 1574 εΗρακλεόυς
800 1517 868 1558 καὶ
883 1522 1030 1574 χεῖρας
1048 1514 1242 1571 ἀλλήλοις
1257 1515 1331 1559 οὒκ
1351 1515 1563 1574 ἐπέφερον.

61 1586 137 1631 τὸν
177 1587 224 1630 δὲ
254 1586 395 1643 ἀγῶνα
420 1585 795 1644 τετέλεκενἼφιτος
809 1583 1084 1644 Ἡρακλείδης
1106 1585 1185 1629 σὺν
1201 1583 1443 1646 Λυκούργῳ
1464 1601 1566 1643 συγ-

160 1686 193 1719 1.
216 1681 391 1727 Ἄλεξῖνος
416 1696 460 1717 ex
491 1683 647 1717 Eusebio
673 1684 905 1718 emendatum.
950 1683 1153 1729 Legebatur
1169 1680 1334 1728 Ἅλέξιος.
1445 1685 1480 1720 2.
1503 1682 1569 1721 καὶ

157 1741 224 1766 om.
250 1730 298 1764 G.
415 1730 451 1766 3.
475 1728 663 1776 ἡρακλέως
683 1730 754 1764 AB.
872 1729 987 1767 τοῦδε
1006 1741 1072 1766 om.
1093 1730 1140 1765 G.
1255 1731 1328 1768 τοῦ
1342 1742 1407 1766 om.
1425 1731 1469 1765 B.

157 1776 191 1812 4.
217 1775 347 1811 Addidi
360 1774 413 1813 δέ.
507 1778 542 1814 5.
566 1774 725 1822 Ἠλεῖον]
750 1775 997 1822 Vulgo’Iktov.
1021 1776 1326 1813 RecteEusebius.
1422 1780 1457 1816 7.
1477 1777 1568 1820 πέμ-

156 1830 237 1870 ψας
255 1824 304 1859 G.
409 1826 465 1859 10.
491 1824 521 1857 B
543 1824 647 1858 etiam
669 1823 727 1858 hic
747 1823 1020 1872 πελοπονήσου.
1122 1823 1231 1872 παρὰ
1280 1823 1385 1870 ωμόν
1404 1825 1567 1872 Scaliger

162 1883 196 1918 p.
218 1873 277 1908 39.
300 1869 531 1918 περιβαὶμιον
547 1871 620 1905 ΑΒ.
645 1868 845 1919 περιβώμι’
866 1873 915 1907 G.
1011 1873 1069 1909 11.
1093 1871 1141 1908 τά
1160 1885 1223 1908 κεν
1258 1873 1413 1920 'caligem
1451 1873 1566 1919 Vulgo

157 1917 207 1954 τοὶ
216 1918 292 1954 καί.
415 1921 470 1955 12.
489 1915 645 1964 Ἠλεῖοι]
671 1915 718 1964 ἣν
739 1919 832 1955 ἴλιοι
852 1919 925 1954 AB.
1047 1921 1100 1955 13.
1126 1921 1238 1962 ἰλίοις
1258 1921 1328 1954 ΑΒ.
1350 1925 1387 1955 et
1407 1919 1568 1956 similiter

157 1965 261 2001 infra.
363 1967 664 2013 προσαγορεῦσαι
687 1966 730 2000 Β.
841 1964 897 2002 14.
929 1964 1092 2012 ῥύεσθαι
1123 1971 1160 2003 et
1189 1964 1399 2013 ἀπέχεσθαι
1422 1967 1496 2003 ΑΒ.

162 2015 218 2050 15.
243 2013 372 2058 φιιίας
406 2014 478 2049 ΑΒ.
594 2011 807 2059 Ἑλλήνεσσι
833 2025 898 2050 om.
928 2015 1002 2050 AB.
1124 2017 1180 2053 16.
1206 2014 1290 2061 ἔστ’]
1314 2008 1400 2051 ἐὖτ’
1427 2016 1474 2050 G.

159 2060 351 2107 ξυνόδοις]
369 2061 574 2107 Legebatur
592 2059 772 2109 τριόδοις.
790 2062 1016 2107 ξυνωδοῖσιν
1033 2062 1108 2101 ΑΒ.
1203 2064 1258 2100 17.
1284 2060 1359 2108 ἐπὶ]
1381 2060 1436 2098 ἔτι
1457 2063 1504 2096 G.

66 2141 229 2185 Alexim,
253 2141 310 2176 cui
330 2154 471 2177 munere
490 2142 612 2177 functo
635 2143 833 2178 Oenomaus
854 2143 1023 2178 suffectus
1043 2146 1119 2185 est,
1144 2154 1244 2190 quem
1257 2168 1270 2186 ‚
1292 2143 1414 2186 aiunt,
1439 2143 1568 2188 Pelops

65 2189 208 2235 excepit
225 2189 270 2223 ob
287 2189 424 2235 patriae
440 2191 602 2224 honorem
618 2191 728 2225 sacris
746 2190 782 2225 in
801 2191 990 2225 certamine
1005 2190 1192 2225 celebratis
1209 2190 1422 2237 praefectus.
1469 2189 1570 2224 Scri-

65 2241 187 2283 ptores
204 2236 264 2271 isti
282 2237 325 2271 ab
350 2236 522 2282 Hercule,
547 2237 728 2272 Alcmenes
758 2238 851 2280 filio,
877 2237 923 2272 ad
943 2248 1110 2282 praesens
1136 2249 1248 2284 usque
1272 2242 1412 2284 tempus
1433 2240 1569 2272 aetates

65 2288 252 2318 numerant
270 2283 410 2326 decem;
435 2289 508 2319 tres
527 2288 660 2319 tautum
678 2284 834 2330 integras
857 2284 1084 2330 Olympiades
1109 2290 1295 2320 recensent
1313 2285 1374 2319 alii
1393 2296 1505 2330 usque
1522 2283 1569 2318 ad

65 2330 218 2376 Iphitum
235 2330 359 2375 agonis
379 2336 631 2376 reparatorem.
678 2332 748 2366 Hic
770 2331 806 2366 in
828 2331 931 2366 Elide
952 2336 1076 2374 natus,
1102 2332 1278 2367 Graeciae
1301 2331 1370 2367 sibi
1385 2331 1568 2367 commissa

65 2382 242 2424 potestate
254 2401 265 2419 ‚
287 2381 431 2411 cunctas
451 2377 687 2424 Peloponnesi
705 2379 807 2413 urbes
828 2390 850 2413 a
873 2378 956 2414 belli
974 2378 1178 2414 tumultibus
1196 2379 1326 2414 liberas
1348 2382 1385 2414 et
1401 2379 1566 2413 immunes

65 2424 215 2459 reddere
240 2423 433 2466 sollicitus,
456 2424 568 2459 missis
590 2425 893 2471 exploratoribus,
917 2425 978 2471 qui
1008 2426 1053 2460 de
1072 2425 1162 2461 bello
1185 2425 1339 2461 sedando
1366 2431 1404 2460 et
1422 2436 1567 2471 compo-

36 2506 39 2507 7
65 2471 181 2507 nenda
199 2482 285 2516 pace
301 2475 469 2516 rogarent
483 2472 657 2506 oraculum
667 2498 678 2513 ‚
702 2472 859 2507 divinum
878 2472 1073 2507 istiusmodi
1086 2473 1238 2520 Pythiae
1254 2483 1456 2520 responsum
1471 2471 1566 2508 tulit.

114 2519 149 2553 0
170 2517 404 2563 Peloponnesi
420 2517 555 2554 incolae
576 2519 637 2564 qui
654 2519 795 2554 deorum
814 2519 996 2556 simulacra
1013 2519 1120 2555 aditis

112 2565 222 2600 Ferte
242 2576 344 2599 sacra
363 2568 399 2598 et
421 2569 537 2600 vatum
558 2566 708 2601 oraculis
727 2566 881 2601 obedite.

115 2611 187 2654 Qui
201 2612 242 2646 in
260 2611 365 2646 Elide
388 2611 530 2646 deorum
550 2612 678 2648 cultum
697 2616 734 2648 et
752 2620 897 2659 paterna
913 2613 1076 2649 instituta
1095 2614 1293 2652 observant.

67 2658 270 2693 Eliensibus
289 2658 423 2704 pariter
442 2659 619 2694 oraculum
635 2660 701 2694 hoc
718 2659 838 2696 datum
856 2665 1019 2696 narrant:

114 2706 271 2740 Patriam
287 2710 438 2741 vestram
457 2705 605 2741 liberate
626 2710 664 2741 et
680 2719 702 2742 a
719 2707 821 2742 bellis
841 2708 1028 2753 abstinete,

115 2753 312 2788 Communis
334 2752 489 2787 foederis
506 2752 613 2787 duces
630 2754 898 2798 facti-Graecis,

114 2798 236 2834 Donec
256 2799 378 2834 annuis
394 2800 508 2834 tribus
528 2800 683 2846 periodis
701 2801 808 2847 lapsis
828 2801 1012 2838 iucundior
1027 2805 1064 2838 et
1082 2812 1225 2837 concors
1246 2800 1356 2835 altera
1378 2796 1510 2832 redeat.

160 2845 273 2880 Huius
295 2846 431 2892 gratia,
455 2846 604 2886 induciis
628 2848 791 2893 indictis,
817 2850 918 2894 quasi
938 2849 1102 2885 Herculis
1119 2849 1237 2889 iussu,
1261 2858 1304 2880 ne
1327 2845 1418 2880 bello
1444 2854 1565 2878 manus

68 2898 291 2929 consererent
307 2899 345 2929 et
360 2894 493 2928 urbano
510 2894 555 2929 ad
571 2894 716 2931 invicem
732 2896 895 2932 convictu
911 2902 1105 2938 uterentur,
1131 2894 1265 2940 Iphitus
1281 2892 1402 2927 suasit.
1449 2890 1565 2925 Idem-

69 2944 141 2974 met
158 2939 285 2975 deinde
302 2952 381 2976 cum
397 2941 566 2987 Lycurgo
581 2942 859 2990 consanguineo,
878 2944 1000 2990 (erant
1015 2943 1105 2978 enim
1124 2942 1222 2977 ambo
1242 2937 1491 2983 Heraclidae),
1515 2937 1569 2971 [11-

142 2999 276 3046 Georg.
301 2999 491 3045 Syncellus.
515 2999 545 3036 Ι.
1231 3000 1286 3045 24
