1800 3236
231 163 337 212 682
700 164 973 216 'GEoRGn
999 142 1288 218 SYNCELLI

339 278 510 326 Τούτου
533 277 786 342 Πορφόριος
805 280 1061 342 ἠκροάσατο.

342 350 596 409 Θεόπομπος
616 351 851 412 φιλόσοφος
871 354 914 398 ἓν
936 354 1183 417 Χαιρωνεία
1203 354 1376 412 ἤκμαζε.

334 421 538 482 Νικάτωρ
561 422 583 468 ὃ
607 423 813 482 σοφιστὴς
829 420 1064 482 Ἀθήνησιν
1082 424 1253 482 ἤκμαζε.

339 496 550 546 Φίλιππος
567 498 775 539 τοσοῦτον
793 495 1032 553 προσετέθη
1056 500 1111 556 τῇ
1129 497 1263 541 πίστει
1282 499 1335 540 X
1332 500 1493 556 ριστοῧ,
1514 495 1572 550 ὥς
1599 499 1668 543 καὶ
1689 501 1745 544 τὰ

227 564 507 624 ἡμαρτημένα
535 562 774 624 προθύμως
802 568 1072 626 ἐξαγορεῦσαι
1107 568 1177 611 καὶ
1206 572 1292 613 τῶν
1320 568 1386 611 ἐπὶ
1415 573 1493 626 τῆς
1523 570 1773 626 ἓκκλησιάςὸ

191 637 366 692 Οεῦχιῦν
400 641 652 693 κοινωνῆσαι
682 641 743 698 τῷ
773 635 929 694 πλήθει
957 641 1012 698 τῇ
1046 639 1164 682 νυκτὶ
1190 642 1266 696 τῆς
1297 637 1447 699 ἑορτῆς
1475 644 1553 685 τοῦ
1583 639 1740 699 πάσχα.

226 707 350 752 ἔνθεν
373 724 419 752 τε
442 707 570 752 πλέον
590 712 972 767 παρρησιασθῆναι
990 708 1066 754 τὸν
1085 714 1205 754 θεῖον
1227 707 1362 768 λόγον.
1575 752 1577 754 ,

331 775 444 825 Τότε
477 780 548 822 καὶ
565 777 820 838 Ὠριγὲνηςὸ
849 778 1003 832 ἄθλιος
1032 778 1257 838 ἑξηκοστὸν
1278 779 1389 839 ἄγων
1423 778 1516 834 ἴτος
1544 782 1743 836 διαλέξεις

225 849 402 894 ἐποιεῖτο
431 853 491 910 τῷ
521 848 677 907 πλήθει
704 848 995 911 ταχυγράφοις
1024 852 1408 909 ἔκλαμβανομένας.
1456 853 1671 898 ἐπέστελλε
1697 853 1744 898 δὲ

227 925 299 964 καὶ
322 921 520 981 Φιλίππῳ
541 925 601 982 τῷ
624 926 806 978 βασιλεῖ,
829 923 899 966 καὶ
918 919 1088 985 Σευήρα
1111 927 1164 982 τῇ
1181 920 1335 967 τούτου
1354 925 1517 981 γυναικὶ
1536 926 1738 980 βασιλίδι.
1755 936 1800 972 10

336 989 448 1037 Τότε
475 992 585 1037 κατὰ
615 993 693 1053 τὴν
715 992 922 1051 Ἀραβίαν
952 994 1060 1046 τινες
1092 991 1363 1052 ε’ὃογμάτιζον
1383 993 1547 1049 ἀσεβῶς
1568 998 1744 1040 συνδια-

227 1063 488 1123 φθείρεσθαι
512 1067 566 1123 τῇ
581 1068 702 1123 ψυχῇ
718 1063 766 1108 τὸ
790 1068 915 1121 σῶμα
936 1064 1044 1108 κατὰ
1066 1064 1145 1121 τὴν
1169 1065 1367 1122 τελευτὴν
1395 1067 1464 1109 καὶ
1485 1067 1528 1110 ἓν
1550 1071 1604 1126 τῇ
1637 1067 1743 1111 ἀνα-

227 1131 375 1178 στάσει
406 1132 533 1179 πάλιν
567 1133 978 1192 συναναβιιόσασθαι
996 1149 1007 1160 ·
1044 1133 1224 1188 σύνοὸός
1248 1153 1294 1181 τε
1326 1135 1426 1181 κατ’
1448 1136 1590 1183 αὐτῶν
1618 1155 1742 1183 συνε-

227 1203 422 1265 κροτήθη
443 1203 619 1264 μεγάλη.

323 1275 415 1319 Ἔτι
445 1293 489 1320 τε
521 1274 549 1333 ἡ
578 1274 775 1334 λεγομένη
805 1277 963 1335 α’ίρεσις
989 1279 1075 1321 τῶν
1100 1273 1377 1340 Ἑλκεσαΐτῶν
1403 1276 1610 1336 συνέστη,
1647 1277 1740 1337 ἣτις
1753 1294 1798 1330 15

183 1372 192 1380 »
228 1344 366 1391 πολλά
396 1365 492 1391 τινα
521 1351 608 1391 τῶν
628 1349 672 1392 ἐν
702 1354 797 1399 ταῖς
830 1349 970 1399 θείαις
1001 1354 1186 1406 γραφαῖς
1218 1347 1386 1393 ἀθετεῖ·
1423 1349 1564 1394 τέλεον
1589 1350 1634 1394 δὲ
1655 1355 1741 1394 τῶν

189 1419 365 1462 Βθείων
405 1416 656 1463 ἀποστόλων
686 1419 830 1478 ῥητοῖς
866 1436 949 1463 τισι
977 1418 1173 1478 χρωμένη
1205 1422 1446 1479 παροδικῶς
1481 1421 1525 1464 ἔκ
1554 1425 1741 1473 παλαιᾶς

226 1491 296 1532 καὶ
328 1478 437 1540 νέας.
484 1488 533 1534 τὸ
564 1490 610 1534 δὲ
634 1490 857 1548 ἀρνεῖσθαι
885 1487 1122 1549 ἀδιάφορόν
1153 1506 1306 1551 φησιν,
1346 1490 1411 1535 ὅτι
1436 1489 1555 1548 ὃμὲν
1581 1490 1741 1550 νοήσας

225 1564 286 1620 τῷ
309 1558 490 1617 στόματι
515 1561 558 1604 ἓν
578 1559 779 1619 ἀνάγκαις
799 1559 1040 1620 ἀρνήσεται,
1075 1566 1128 1620 τῇ
1150 1562 1196 1605 δὲ
1216 1562 1370 1623 καρδίᾳ
1393 1562 1498 1619 οὐχί,
1538 1563 1738 1622 φέρουσιν

69 1638 113 1677 V,
130 1639 203 1677 289
229 1631 351 1675 αὐτοὶ
373 1632 441 1676 καὶ
459 1632 610 1688 βίβλον
630 1633 673 1685 ἐξ
697 1632 880 1692 οὐρανοῦ
906 1629 1166 1689 μυθεύοντες
1186 1633 1468 1688 πεπτωκέναι,
1504 1627 1556 1691 ἧς
1583 1632 1604 1678 ὃ
1631 1634 1736 1691 ἀκη-
1748 1647 1795 1683 20

223 1702 334 1753 κοώς
354 1701 502 1761 ἄφεσιν
524 1700 704 1760 λήψεται
725 1701 1000 1761 πταισμάτων
1020 1703 1152 1762 ἄλλην
1181 1704 1289 1764 παρ’
1320 1702 1373 1762 ἣν
1403 1702 1425 1749 ὅ
1455 1702 1598 1765 κύριος
1615 1703 1737 1763 ἡμῶν

225 1775 450 1833 ἐχαρίσατο
477 1771 602 1831 ἡμῖν,
640 1773 968 1835 τερατευόμενοι.

321 1889 380 1925 10.
406 1884 563 1935 Σευήρᾳ
581 1888 630 1936 τῇ
650 1887 812 1935 Scaliger
835 1901 872 1937 p.
899 1887 958 1926 84.
984 1887 1175 1935 Σευηρίτη
1197 1888 1245 1923 G.
1362 1889 1420 1927 16.
1445 1886 1488 1926 δὲ
1509 1889 1574 1929 καὶ
1592 1891 1669 1926 τῶν
1687 1891 1734 1926 G.

388 1935 447 1973 18·
470 1935 626 1984 νοήσας]
653 1935 821 1985 οἷρνήσας
833 1938 880 1973 Gr.
988 1938 1045 1976 19.
1070 1935 1232 1985 φέρουσι
1250 1934 1313 1974 καὶ
1335 1934 1449 1975 αὐτοὶ
1471 1939 1604 1988 βίβλον
1625 1939 1676 1974 G.

320 2029 543 2078 Porphyrius
559 2031 634 2068 eius
651 2032 804 2070 auditor.

321 2078 571 2127 Theopompus
592 2080 818 2128 philosophus
836 2080 1066 2118 Chaeroneae
1086 2080 1249 2118 florebat.

318 2125 472 2162 Nicator
492 2128 650 2175 sophista
670 2128 816 2165 Athenis
836 2129 998 2166 celebris.

320 2172 510 2220 Philippus
537 2176 625 2211 adeo
648 2176 874 2213 Christianae
898 2177 984 2212 fidei
1012 2175 1198 2219 addictus,
1221 2178 1264 2212 ut
1290 2177 1418 2223 sponte
1442 2174 1572 2212 delicta
1592 2174 1733 2222 publice

227 2220 455 2256 confiteretur
478 2227 515 2257 et
533 2224 710 2269 paschalis
731 2225 817 2260 festi
835 2224 1022 2273 pervigilio
1040 2223 1358 2261 ecclesiasticarum
1381 2235 1522 2270 precum
1540 2235 1616 2258 cum
1636 2223 1732 2259 fideli

228 2268 332 2315 plebe
351 2270 563 2307 consortium
584 2277 758 2317 sumeret3
781 2284 826 2308 ex
852 2284 921 2321 quo
941 2270 1097 2309 divinum*
1114 2271 1259 2308 verbum
1280 2269 1393 2317 magis
1418 2282 1462 2308 ac
1481 2271 1593 2318 magis
1617 2270 1732 2308 divul-

256 2319 362 2350 atum.

227 2328 254 2361 g
323 2362 379 2399 Eo
397 2365 554 2410 tempore
573 2366 695 2401 infelix
713 2366 890 2413 Origenes
910 2378 1035 2402 annum
1051 2377 1164 2413 agens
1185 2364 1439 2411 sexagesimum
1464 2364 1731 2403 dissertationes

228 2423 251 2446 a
277 2410 432 2446 notariis·
457 2417 624 2458 exceptas
657 2425 774 2449 coram
799 2414 926 2461 populo
956 2414 1131 2456 habebat3
1164 2414 1211 2449 ad
1234 2413 1347 2460 ipsum
1366 2425 1451 2449 vero
1466 2413 1731 2462 Imperatorem,

228 2458 432 2505 Philippum
451 2463 489 2494 et
506 2460 551 2495 ad
570 2461 737 2496 severam
758 2461 833 2496 eius
851 2461 1034 2507 coniugem
1054 2461 1192 2496 litteras
1210 2460 1323 2497 dedit.

323 2507 454 2542 Eadem
473 2510 683 2553 tempestate
705 2508 850 2543 animam
877 2509 1001 2544 mortis
1016 2509 1103 2543 hora.
1129 2520 1197 2544 una
1227 2508 1329 2544 simul
1349 2519 1426 2544 cum
1446 2520 1595 2556 corpore
1617 2509 1729 2544 inter-

225 2553 280 2588 ire
305 2557 342 2589 et
368 2554 405 2590 in
432 2555 690 2592 resurrectione
718 2559 906 2603 utrumque
924 2557 1085 2603 reparari
1100 2567 1166 2602 per
1183 2556 1347 2593 Arabiam
1364 2555 1504 2604 quidam
1520 2554 1628 2604 impie
1645 2568 1729 2592 cen-

227 2605 395 2645 suerunt3
419 2613 489 2649 qua
509 2602 554 2638 de
573 2614 678 2638 causa
697 2603 847 2638 celebris
864 2603 901 2638 in
919 2616 980 2639 eos
998 2604 1153 2651 synodus
1171 2609 1296 2640 coacta
1315 2608 1381 2639 est.

323 2650 480 2685 Emersit
500 2649 604 2685 etiam
621 2650 878 2686 Elcesaitarum
897 2651 1054 2687 haeresis
1072 2651 1190 2695 dicta,
1214 2651 1294 2687 loca
1313 2650 1511 2687 divinarum
1529 2650 1729 2698 scriptura-

228 2703 303 2731 rum
320 2709 421 2743 quam
438 2697 586 2745 plurima
599 2709 782 2745 respuens,
795 2699 874 2734 aliis
890 2698 975 2735 licet
987 2699 1161 2735 nonnullis
1179 2699 1375 2734 divinorum
1393 2697 1629 2745 apostolorum
1647 2711 1728 2734 sen-

227 2743 350 2779 tentiis
372 2757 417 2780 ex
443 2749 565 2781 vetere
590 2757 754 2792 novoque
786 2749 995 2782 testamento
1021 2759 1083 2794 per
1108 2751 1330 2782 transennam
1355 2748 1391 2780 et
1421 2744 1569 2781 strictim
1595 2750 1725 2782 utatur.

229 2790 333 2826 Fidei
354 2793 575 2838 negationem
595 2793 687 2828 nullo
707 2793 908 2831 discrimine
925 2799 1088 2841 reputat3
1114 2807 1201 2830 voce
1220 2794 1353 2840 quippe
1371 2791 1564 2838 duntaxat,
1589 2806 1658 2829 non
1676 2793 1729 2829 ita

228 2838 335 2874 cor-de
356 2843 483 2887 negat,
509 2840 569 2887 qui
587 2841 796 2877 necessitate
813 2841 859 2876 ad
875 2841 913 2876 id
932 2841 1131 2888 impellitur.
1186 2842 1330 2877 Librum
1353 2840 1517 2887 insuper,
1542 2841 1641 2877 cuius
1662 2853 1728 2876 au-

228 2885 303 2928 dita
321 2886 483 2932 lectione,
507 2888 610 2924 aliam
630 2900 732 2936 quam
752 2888 916 2925 Christus
932 2894 1152 2937 peccatorum
1170 2888 1422 2935 indulgentiam
1440 2888 1590 2935 largitus
1607 2888 1726 2931 fuerit,

228 2934 464 2972 remissionem
480 2935 579 2980 dari,
605 2936 649 2972 ds
669 2936 766 2974 caelo
789 2936 965 2974 decidisse
982 2937 1142 2974 sabuloso
1159 2936 1475 2973 comminiscuntur.
