1800 3236
191 157 319 232 '248
682 186 934 235 GEoRGn
960 182 1247 234 SYNCELm

221 299 347 346 λοιπὰ
374 302 460 345 τῶν
491 298 639 358 ἐφεξῆς
667 299 809 351 ἲδικῶς
829 298 973 350 αὐτοῖς
994 299 1036 343 ἕν
1057 295 1313 355 πεντήκοντα
1331 297 1572 356 κεφαλαίοις
1593 315 1722 354 νομο-

221 371 494 429 θετηθὲντων
514 373 768 427 λαληθῆναι.
792 365 901 426 ἦσαν
919 370 964 413 δὲ
985 370 1082 427 περί
1098 386 1142 412 τε
1165 370 1333 413 οἰκετῶν
1353 369 1421 411 καὶ
1441 365 1582 426 φόνων
1602 366 1722 412 ἑκου-

223 443 326 487 σίων
345 442 414 485 καὶ
433 440 655 494 ἀκουσίων,
695 440 863 496 ἀτιμίας
881 438 1032 497 γονέων
1052 440 1121 483 καὶ
1134 438 1393 496 κακολογίας,
1432 441 1602 495 κλοπῆς,
1639 457 1723 482 πα·-

222 510 382 565 τάξεως
412 511 454 555 ἓν
482 512 711 568 μαχαίραις
740 509 846 567 πρὸς
873 509 979 566 ζωὴν
1009 510 1079 553 καὶ
1108 508 1214 567 πρὸς
1236 506 1452 562 θάνατον,
1490 509 1724 566 ἐλευθέρων

224 582 332 642 πρὸς
369 581 620 639 ἐλευθέρους
655 582 724 623 καὶ
766 577 970 624 δεσπότου
1002 579 1107 637 πρὸς
1144 581 1297 622 δοῦλον
1327 580 1396 622 καὶ
1424 578 1590 637 ἀνδρῶν
1618 578 1755 637 πρὸς5

72 662 116 701 V.
143 663 211 700 105
229 651 374 712 ἔγκυον
401 658 599 710 γυναῖκα,
639 651 707 694 καὶ
730 651 906 706 ἐκβολῆς
933 649 1163 709 ὀφθαλμοῦ
1187 646 1341 693 δούλου
1357 649 1426 692 καὶ
1446 647 1623 703 δούλης,
1660 666 1727 692 κε-

185 710 439 784 1)ρατισμοῢ
460 719 620 780 ταύρου
640 719 746 779 πρὸς
762 718 954 764 θάνατον
979 721 1048 764 καὶ
1067 723 1144 764 τοῦ
1169 720 1313 778 κυρίου
1337 719 1469 762 αὐτοῦ
1481 753 1495 773 ,
1533 721 1602 763 καὶ
1627 719 1729 777 ὀρυ-

226 799 303 853 γῆς
325 790 480 837 λάκκου
499 793 567 835 καὶ
587 795 749 848 κτηνῶν
769 787 1019 847 ε’μπτώσεως
1040 791 1083 834 ἓν
1102 787 1255 850 τούτῳ,
1294 794 1546 847 κερατισμοῢ
1568 787 1727 848 ταύρου

189 901 199 911 .
227 863 333 923 πρὸς
354 867 538 922 ταῦρον,
577 865 734 918 κλοπῆς
764 858 925 918 μόσχου
948 862 1017 904 καὶ
1042 865 1182 917 θανῆς
1203 864 1280 904 τοῦ
1303 860 1478 904 κλέπτου
1498 862 1541 904 ἐν
1559 864 1618 920 τῷ
1641 862 1730 904 διο-

229 933 410 994 ρύγματι
445 932 554 977 κατὰ
589 930 899 995 βοσκημάτων,
937 933 1007 975 καὶ
1040 929 1200 982 ἅλωνος
1225 931 1474 989 ἐμπρησμοῦ
1482 964 1498 985 ,
1535 948 1730 990 παρακα-
1743 939 1788 975 10

229 1002 424 1061 ταθήκης
457 1002 671 1063 ἀργυρίου
686 1003 754 1046 καὶ
770 1002 950 1061 χρυσίου
974 1003 1043 1046 καὶ
1060 999 1293 1060 ὑποζυγίων
1315 1002 1384 1044 καὶ
1403 1002 1611 1045 παντοίων
1630 1019 1732 1058 κτη-

227 1079 311 1120 νῶν
325 1071 515 1131 χρήσεως
535 1073 652 1132 παρὰ
674 1077 733 1133 τῷ
757 1073 949 1129 πλησίον,
986 1076 1159 1131 φθορᾶς
1176 1072 1408 1130 παρθένου,
1430 1073 1500 1115 καὶ
1518 1069 1729 1127 θανάτου,

230 1143 473 1206 φαρμάκου,
513 1144 807 1200 κτηνοβασιάς,
846 1144 916 1187 καὶ
946 1144 1105 1193 θυσίας
1123 1140 1319 1197 εῗδώλων,
1356 1140 1575 1193 κακώσεως
1598 1158 1732 1201 προσ-

228 1213 411 1272 ηλύτου,
449 1215 518 1258 καὶ
550 1214 748 1273 ὀρφανῶν
780 1215 849 1257 καὶ
867 1217 1013 1271 χηρῶν
1044 1213 1363 1269 δανειζομένων,
1401 1213 1648 1271 κακολογίας
1676 1215 1733 1264 εἷς

229 1285 335 1330 θεὸν
365 1285 434 1329 καὶ
467 1283 674 1343 ἄρχοντας
702 1287 808 1328 λαοῦ
820 1317 835 1339 ,
877 1284 1080 1340 ἀπαρχῶν
1099 1282 1262 1335 ἅλωνος
1284 1284 1352 1327 καὶ
1374 1286 1526 1340 ληνοῦ,
1563 1301 1731 1342 πρωτο-
1744 1291 1789 1329 15

230 1353 366 1400 τόκων
393 1355 495 1398 υἱῶν
521 1352 692 1412 μόσχων
716 1372 761 1399 τε
791 1356 859 1398 καὶ
889 1352 1117 1413 προβάτων
1147 1356 1216 1398 καὶ
1243 1351 1496 1412 ὖποζυγίων,
1535 1358 1611 1398 τοῦ
1630 1352 1734 1398 εἶναι

73 1428 115 1464 Ρ.
141 1430 211 1467 132
235 1425 388 1476 αὐτοὺς
417 1424 574 1484 ἄνδρας
618 1423 759 1483 ἁγίους
791 1429 904 1485 θεῷ,
943 1426 1012 1468 καὶ
1045 1425 1144 1484 κρέα
1176 1422 1458 1483 θηριαλιότων
1477 1424 1537 1482 μὴ
1558 1425 1730 1479 ἐσθίειν,

233 1495 342 1540 ἀλλὰ
372 1496 491 1539 κυσὶν
524 1495 793 1553 ἀπορρίπτειν
803 1529 817 1550 ,
855 1495 916 1552 μὴ
942 1495 1260 1554 παραδέχεσθαι
1282 1494 1410 1552 ἀκοὴν
1426 1496 1637 1551 ματαίαν,
1673 1495 1733 1552 μὴ

234 1571 547 1624 συμμαρτυρεῖν
581 1565 736 1626 ἀδίκῳ,
774 1565 834 1622 μὴ
857 1573 1038 1627 συνεῖναι
1061 1570 1231 1617 πολλοῖς
1250 1566 1316 1609 ἐπὶ
1333 1566 1479 1627 κακία,
1519 1565 1579 1623 μὴ
1600 1566 1734 1610 ε’κκλῖ-

233 1654 303 1681 ναι
322 1635 430 1693 μετὰ
461 1640 628 1680 πολλῶν
651 1637 799 1695 κρίσιν,
819 1633 931 1693 ,μήτε
964 1637 1128 1694 ἐλεῆσαι
1162 1635 1329 1692 πτωχὸν
1362 1636 1404 1679 ἕν
1432 1636 1586 1695 κρίσει,
1625 1636 1732 1680 ἀπο-
1744 1647 1792 1682 20

236 1707 428 1767 στρέφειν
457 1708 527 1750 καὶ
554 1704 802 1751 ἀποδιδόναι
827 1705 903 1750 τὸν
932 1710 1040 1762 βοῦν
1075 1708 1144 1751 καὶ
1173 1706 1221 1751 τὸ
1242 1703 1461 1764 ὑποζύγιον
1481 1711 1557 1751 τοῦ
1577 1707 1736 1765 ἐχθροῦ

333 1809 368 1844 1.
398 1803 632 1851 πεντήκοντα
652 1806 696 1843 Β.
728 1802 760 1841 ν’
781 1805 823 1841 Α.
848 1802 881 1852 η’
903 1806 951 1842 G.
1072 1805 1418 1853 νομοθετηθέντων
1444 1806 1488 1842 Β.
1522 1806 1734 1854 νομοθετη-

329 1852 453 1890 θέντα
484 1854 532 1889 G.
648 1855 682 1890 2.
716 1851 897 1889 ἑκουσίων
928 1853 993 1891 καὶ
1024 1851 1215 1891 ἀκουσίων
1239 1855 1283 1890 Β.
1317 1852 1508 1890 ἀκουσίων
1532 1854 1596 1890 καὶ
1623 1853 1735 1891 ἑκου-

331 1901 425 1937 σίων
448 1901 498 1935 G.
615 1899 650 1937 4.
674 1902 889 1946 μαχαίραις]
914 1900 1053 1948 μάχαις
1075 1903 1119 1940 Β.
1236 1903 1270 1937 5.
1295 1903 1435 1939 δοῦλον
1461 1902 1499 1935 Β·
1528 1900 1668 1938 δούλου
1692 1904 1734 1937 Α.

331 1947 497 1989 δούλους
516 1947 564 1983 G.
659 1947 694 1983 6.
720 1947 928 1994 ὀφθαλμοῦ
945 1950 987 1984 Β.
1016 1948 1230 1995 ὀφθαλμῶν
1244 1949 1293 1983 G.
1390 1945 1682 1995 11.’ὑποζυγίων
1694 1951 1734 1984 Β.

331 1993 538 2041 ὑποζυγίου
563 1995 610 2031 G.
705 1997 761 2031 12.
784 1995 902 2041 παρά]
929 1995 1012 2043 περὶ
1028 1998 1076 2031 G.
1173 1997 1228 2032 15.
1253 1993 1416 2042 ἄρχοντα
1441 1997 1488 2031 G.
1584 1999 1640 2034 17.
1662 2000 1736 2043 θη·-

331 2040 516 2091 ριάλωτον
536 2042 578 2076 Β.
601 2041 824 2088 θηριοὶλωτα
845 2045 893 2079 G.
1007 2046 1063 2080 19.
1088 2042 1139 2090 μή
1163 2041 1324 2080 §nni-ivon
1344 2045 1390 2080 Β.
1413 2044 1478 2081 καὶ
1496 2042 1662 2091 ἐκκρῖναι
1687 2045 1736 2081 G.

398 2092 459 2127 20.
482 2089 617 2136 κρίσιν]
640 2090 757 2136 κρίσει
780 2091 829 2128 G.
921 2088 1028 2137 μήτε]
1051 2091 1116 2127 καὶ
1140 2092 1190 2126 G.

238 2181 278 2204 sa
315 2169 480 2217 privatim
504 2170 571 2206 sibi
596 2171 810 2217 postmodum
845 2184 867 2207 a
893 2172 995 2208 Mose
1022 2171 1286 2220 postulaverunt
1303 2172 1443 2218 exponi.
1491 2172 1556 2208 Illa
1581 2184 1667 2208 vero
1692 2172 1737 2208 de

240 2217 378 2253 famulis
408 2223 445 2254 et
470 2218 714 2254 involuntariis
742 2219 1014 2266 spontaneisque
1040 2220 1225 2262 caedibus,
1261 2221 1305 2254 de
1332 2224 1513 2266 parentum
1538 2226 1737 2267 contemptu

241 2269 279 2298 et
294 2264 331 2298 in
359 2277 420 2302 eos
443 2265 705 2308 maledicentia,
729 2265 774 2301 de
794 2267 910 2310 furto,
934 2266 1044 2313 gladii
1062 2267 1284 2314 percussione
1307 2267 1352 2302 ad
1381 2267 1489 2302 vitam
1518 2270 1554 2303 et
1581 2273 1737 2310 mortem,

240 2323 263 2346 a
279 2311 400 2346 liberis
422 2313 458 2347 in
476 2312 605 2347 liberos
632 2313 782 2356 factam,
808 2326 829 2348 a
851 2314 986 2349 domino
1003 2314 1039 2349 in
1054 2325 1197 2356 servos,
1222 2326 1243 2349 a
1262 2313 1349 2348 viris
1366 2313 1403 2348 in
1432 2314 1607 2350 mulierem
1633 2327 1737 2361 prae·-

239 2361 426 2402 gmntem,
460 2359 705 2395 excaecatione
735 2361 908 2396 oculorum
933 2360 1026 2396 servi
1048 2366 1084 2396 et
1102 2361 1270 2404 ancillae,
1294 2361 1439 2396 vulnere
1460 2374 1622 2398 cornuum
1642 2362 1739 2397 tauri

239 2403 277 2439 in
300 2411 464 2449 mortem,
497 2411 532 2441 et
555 2407 598 2441 de
625 2407 698 2442 eius
718 2407 875 2452 domino,
900 2409 945 2444 de
965 2408 1117 2443 fossione
1134 2409 1259 2444 foveae
1282 2412 1319 2443 et
1346 2408 1573 2444 iumentorum
1598 2409 1634 2444 in
1662 2422 1737 2444 eam

240 2462 346 2494 casu,
370 2465 490 2500 pugna
516 2453 609 2488 tauri
635 2453 670 2488 in
697 2458 856 2499 taurum,
879 2456 972 2490 furto
992 2455 1114 2498 vituli,
1139 2461 1176 2491 et
1202 2455 1290 2491 furis
1311 2455 1390 2490 dum
1416 2468 1547 2492 murum
1567 2455 1736 2504 diripien-

238 2497 295 2532 dis
321 2501 506 2545 pecoribus
533 2499 703 2535 effoderet
729 2514 837 2546 nece,
864 2502 908 2538 de
929 2515 1013 2538 area
1039 2503 1200 2545 incensa,
1225 2503 1365 2548 argenti
1383 2503 1440 2539 vel
1465 2503 1541 2539 auri
1562 2503 1736 2549 deposito,

239 2544 414 2593 subiugali
439 2552 476 2583 et
502 2547 647 2583 omnium
670 2552 898 2584 armentorum
917 2561 980 2585 usu
1006 2550 1172 2597 proximis
1194 2561 1377 2593 concesso,
1400 2549 1573 2597 virginum
1599 2554 1735 2596 stupro,

241 2591 287 2626 de
309 2598 420 2629 morte
449 2598 486 2630 et
511 2594 704 2638 veneficio,
729 2595 823 2630 coitu
851 2609 927 2632 cum
946 2597 1079 2640 bestia,
1102 2597 1270 2633 idolorum
1295 2597 1416 2640 cultu,
1439 2597 1585 2633 advenis
1612 2602 1649 2632 et
1677 2609 1735 2632 or-

241 2639 368 2685 phanis
386 2641 544 2685 vexatis‚
567 2640 684 2676 viduis
714 2646 831 2678 mutua
860 2644 1136 2690 accipientibus,
1161 2644 1404 2680 maledicentia
1427 2644 1464 2679 in
1485 2644 1586 2680 deum
1612 2648 1649 2679 et
1670 2656 1734 2690 po—

240 2685 316 2731 puli
345 2688 606 2743 magistratum,
629 2699 734 2724 areae
754 2693 791 2724 et
814 2690 1001 2725 torcularis
1025 2691 1212 2737 primitiis,
1245 2691 1506 2738 primogenitis,
1538 2695 1575 2726 et
1595 2692 1734 2726 tandem

240 2732 287 2767 de
314 2734 456 2779 vituhs,
485 2735 608 2770 ovibus
636 2740 672 2770 et
697 2735 940 2783 subiugalibus
965 2737 1152 2781 edisserit3
1185 2738 1308 2774 edocet
1335 2738 1480 2786 insuper
1505 2750 1575 2786 qua
1598 2738 1733 2773 ratione

243 2786 383 2817 sanctos
405 2794 448 2818 ac
464 2781 529 2817 deo
546 2784 647 2818 votos
667 2794 745 2818 esse
774 2783 978 2826 conveniat,
1010 2796 1054 2819 ne
1079 2797 1203 2820 carnes
1221 2797 1241 2820 a
1261 2785 1382 2820 bestiis
1401 2789 1523 2832 captas
1540 2786 1736 2827 comedant,

243 2827 305 2861 sed
322 2828 466 2864 canibus
479 2829 686 2876 proficiant,
708 2841 753 2865 ne
767 2841 891 2865 vanam
908 2830 1116 2866 auditionem
1143 2832 1354 2879 suscipiant,
1379 2844 1423 2868 ne
1447 2833 1608 2868 faventes
1631 2832 1736 2878 impio

244 2873 315 2908 sint
350 2879 481 2918 testes,
511 2889 556 2912 ne
583 2887 659 2913 cnm
685 2876 842 2923 pluribus
867 2877 955 2912 malo
983 2877 1165 2925 proposito
1191 2883 1439 2916 conversentur
1460 2879 1518 2914 vel
1547 2891 1622 2915 cum
1646 2879 1690 2914 iis
1716 2891 1738 2914 a

244 2920 372 2958 iudicio
390 2923 582 2968 declinent,
605 2935 650 2960 no
669 2922 706 2960 in
732 2922 862 2961 iudicio
889 2925 1056 2973 pauperis
1081 2925 1336 2971 misereantur,
1358 2930 1455 2964 tetro
1474 2930 1583 2975 agant
1616 2927 1738 2963 bovem
