1800 3236
547 147 1076 208 CHRoNo'GRAPmA.
1469 159 1571 207 717

69 272 139 334 κίᾳ
159 269 542 331 παραστησόμενος
552 306 567 327 ,
606 269 792 324 ἀκούσας
823 276 900 331 τῆς
922 272 1065 325 ,Ἀσίας
1087 273 1164 324 τὰς
1186 276 1409 334 συμφορὰς
1439 294 1571 323 σπου..

68 345 200 394 δαίως
235 345 302 387 ἐπὶ
335 344 413 401 τὴν
440 343 656 400 Ποντικὴν
682 341 933 401 (Ηράκλειαν
959 344 1121 402 ἔρχεται
1159 346 1228 389 διὰ
1266 350 1571 401 Καππαδοκίας

67 413 147 456 σὺν
166 420 260 465 ταῖς
280 412 488 471 δυνάμεσί
511 430 597 458 τισι
627 412 805 465 Σκύθας
832 413 1185 471 καταληψόμενος
1207 414 1362 460 αὐτόθι
1388 420 1569 477 δολοφο-

67 491 199 528 νεῖται
227 481 312 528 vimi
342 502 456 536 τινος
483 482 721 529 Ὠδενάθου
753 483 940 540 τοῦνομα
971 488 1039 529 καὶ
1065 486 1209 531 αὐτοῦ.
1258 487 1299 530 οἱ
1329 488 1376 531 δὲ
1403 487 1572 533 Σκύθαι

40 556 170 613 ὅπρὶν
191 552 323 599 αὖτόν
342 555 482 599 ε’λθεῖν
500 556 743 612 ἐπανῆλθον
766 557 825 606 εἷς
849 555 900 599 τὰ
932 555 1018 599 ἴδια
1043 556 1112 600 διὰ
1132 561 1209 600 τοῦ
1229 557 1362 602 αὐτοῦ
1384 557 1572 614 ῙΙόντου,

69 626 138 669 καὶ
162 626 484 686 διαφθείρουσιν
496 625 733 670 Ὠδὲναθον
753 630 829 669 τοῦ
853 625 1090 670 Ὧδενάθου
1116 628 1321 686 ᾳονευτὴν
1353 629 1392 672 οἱ
1419 627 1571 674 τούτου

68 694 325 754 δορυφόροι,
363 698 557 760 Ζηνοβία
588 698 635 741 δὲ
663 701 715 756 τῇ
738 701 905 756 ’γαμετῇ
942 696 1073 742 αὐτοῦ
1103 697 1179 756 τὴν
1206 698 1338 758 ἀρχὴν
1359 703 1436 756 τῆς
1466 698 1573 761 ἑῴας

68 767 346 826 ἐγχειρίζουσι.

175 835 287 881 Τότε
316 840 386 881 καὶ
414 838 624 895 Αῗρουλοι
651 840 942 890 πεντακοσίαις
971 841 1094 883 ναυσὶ
1125 839 1195 884 διὰ
1219 844 1295 897 τῆς
1322 842 1573 891 ΗΙαιωτίδος

12 914 57 951 10
69 908 218 965 λίμνης
243 908 309 952 ἐπὶ
333 909 408 953 τὸν
427 908 598 954 Πόντον
621 908 947 960 διαπλεύσαντες
966 909 1014 954 τὸ
1047 909 1280 964 Βυζάντιον
1302 913 1371 954 καὶ
1396 910 1571 970 Χρυσό-

66 982 190 1023 πολιν
216 979 464 1036 κατὲλαβον.
516 979 624 1024 ἔνθα
643 978 933 1036 συμβαλόντες
953 978 1096 1037 μα’χην
1125 983 1194 1024 καὶ
1215 981 1364 1039 μικρὸν
1390 979 1559 1039 ὖποτρὲ-
1575 990 1607 1024 1)

65 1060 226 1105 ’ψαντες
248 1050 355 1108 πρὸς
384 1050 433 1094 τὸ
465 1048 641 1106 στόμιον
663 1055 740 1095 τοῦ
763 1050 963 1103 Εὐξείνου
995 1049 1168 1096 Πόντου
1195 1051 1245 1095 τὸ
1273 1050 1490 1108 λεγόμενον
1513 1053 1572 1094 ἱε-

68 1119 143 1178 ρὸν
165 1124 219 1180 τῇ
242 1118 338 1178 ἑξῆς
368 1118 490 1182 αῗσίῳ
514 1119 879 1173 καταπλεύσαντες
904 1118 1108 1176 πνεύματι
1137 1121 1210 1166 τὸν
1234 1124 1449 1180 πορθμίον
1477 1125 1569 1166 Κυ-

67 1192 179 1244 ζίκου
203 1191 280 1246 μὲν
304 1196 474 1249 πρῶτον
494 1194 691 1250 μεγίστης
715 1191 875 1243 πόλεως
892 1194 1105 1243 Βιθυνίας
1136 1190 1443 1251 προσάγουσιν,
1484 1191 1572 1236 εἶτα

11 1268 56 1305 15
68 1263 137 1305 καὶ
156 1261 233 1313 τὰς
251 1260 407 1319 νήσους
423 1266 611 1318 Λῆμνον
638 1263 706 1306 καὶ
729 1267 895 1320 Σκῦρον
917 1264 1078 1319 δῃοῦσι.
1117 1264 1186 1305 καὶ
1210 1264 1268 1313 εἷς
1288 1262 1365 1319 τὴν
1383 1263 1570 1319 Ἀττικὴν

69 1330 319 1391 φθάσαντες
342 1333 578 1391 ἕμπιπριῦσι
599 1332 674 1384 τὰς
693 1331 881 1391 Ἀθήνας
897 1330 1117 1390 Κόρινθόν
1138 1350 1181 1375 τε
1200 1334 1267 1376 καὶ
1279 1330 1482 1390 Σπάρτην
1501 1334 1571 1376 καὶ

66 1402 116 1446 τὸ
138 1401 288 1461 ’Ἀργος
314 1404 383 1446 καὶ
402 1403 479 1460 τὴν
503 1402 604 1460 ὃλην
625 1402 799 1459 Ἀχαΐαν
827 1403 1096 1459 κατέδραμον
1117 1403 1195 1453 ἕως
1218 1402 1438 1459 Ἀθηναῖοι
1462 1399 1572 1446 κατά

66 1490 186 1525 τινας
209 1475 447 1532 δυσχωρίας
476 1471 790 1532 ἐνεδρεύσαντες
824 1473 981 1523 αὐτοῦς
1002 1474 1222 1523 πλείστους
1250 1471 1431 1525 ἀνεῖλον,
1469 1490 1572 1517 συν-

69 1541 308 1603 δραμόντος
328 1546 397 1588 καὶ
417 1547 458 1588 Γ
456 1548 627 1601 αλιηνοῦ
648 1548 726 1588 τοῦ
747 1543 977 1600 βασιλέως,
1016 1545 1084 1586 καὶ
1116 1544 1369 1601 τρισχιλίους
1399 1541 1569 1586 ἀνελόν-

9 1622 60 1660 20
69 1632 137 1666 τες
155 1614 272 1673 παρὰ
290 1614 364 1659 τὸν
395 1615 575 1659 Νέσσον.
622 1612 717 1658 τότε
740 1611 1023 1669 Ναυλοβᾶτος
1042 1611 1064 1657 ὅ
1088 1618 1172 1658 τῶν
1191 1611 1419 1671 Αῗρούλων
1443 1610 1571 1670 ἡγού-

68 1702 194 1741 μενος
211 1688 254 1729 Γ
250 1689 408 1745 αλιηνῷ
430 1688 491 1745 τῷ
511 1690 680 1741 βασιλεῖ
695 1685 797 1737 δοὺς
816 1683 967 1729 ἑαυτὸν
996 1683 1165 1728 ἔκδοτον
1182 1681 1386 1740 ὑπατικῆς
1405 1680 1570 1740 ἠξιώθη

67 1761 192 1813 τιμῆς
213 1755 319 1814 παρ’
344 1756 488 1801 αὐτοῦ.
525 1756 741 1815 Λῦρίολος
767 1756 817 1801 δέ
839 1773 901 1807 τις
915 1753 1130 1811 Ῥωμαίων
1153 1753 1386 1812 στρατηγὸς
1411 1756 1563 1798 Κελτι-
1589 1756 1631 1793 1‘.
1652 1756 1724 1794 383

69 1827 143 1878 κὸς
173 1826 248 1871 τὸν
277 1829 319 1870 Γ
316 1826 487 1883 αλιηνόν
511 1828 745 1886 δολοφονεῖ.
796 1828 866 1872 καὶ
893 1829 1029 1870 ταῦτα
1059 1825 1136 1881 μὲν
1165 1825 1260 1883 περὶ
1284 1823 1570 1884 Οὖαλεριανοῦ

69 1899 139 1941 καὶ
162 1900 205 1942 Γ
201 1901 374 1954 αλιηνοῦ
395 1902 482 1942 τῶν
500 1898 722 1953 βασιλέων.

161 1986 197 2024 5.
221 1982 347 2023 αὐτὸν
358 1998 402 2022 m.
421 1982 526 2036 αὐτῷ
540 1987 589 2022 G.
677 1987 736 2024 15.
749 1985 867 2033 Vulgo
877 1985 1041 2034 ὃηΐουσι.
1125 1986 1181 2022 18.
1202 1984 1316 2031 Vulgo
1331 1982 1569 2030 δυσχωρειάς.

70 2057 212 2104 cognita
226 2084 238 2102 ,
271 2057 403 2094 itinere
427 2070 492 2105 per
520 2056 781 2104 Cappadociam
802 2057 896 2092 facto
920 2057 966 2093 ad
986 2055 1166 2092 Ponticam
1189 2054 1396 2091 Heracleam
1419 2053 1569 2088 festinus

69 2105 210 2148 evolat3
233 2106 376 2152 iamque
396 2105 433 2140 in
452 2107 604 2152 Scythas
626 2117 671 2140 ex
693 2105 879 2152 improviso
897 2106 1099 2151 irrupturus
1126 2115 1147 2138 a
1173 2102 1341 2149 quodam,
1366 2100 1423 2137 cui
1446 2112 1571 2136 nomen

68 2152 181 2189 etiam
193 2153 397 2195 Odenatus,
422 2153 511 2188 dolis
531 2153 715 2188 occiditur.
764 2152 921 2198 Scythae
941 2151 1016 2186 eius
1044 2151 1230 2186 adventum
1250 2149 1343 2184 haud
1361 2152 1571 2195 exspectan-

67 2199 151 2235 dum
170 2200 240 2235 rati
263 2212 328 2247 per
348 2201 496 2236 Pontum
517 2200 677 2248 proprios
697 2199 765 2234 sibi
783 2199 875 2234 lares
892 2204 1066 2246 repetunt.
1099 2196 1300 2233 Odenatum
1315 2194 1458 2231 alterius
1471 2194 1571 2229 Ode-

67 2247 143 2283 nati
161 2247 371 2292 parricidam
391 2248 527 2295 proprii
546 2247 716 2284 satellites
733 2247 922 2282 conficiunt
940 2252 977 2282 et
992 2244 1170 2282 Zenobiae
1180 2243 1256 2279 eius
1272 2243 1412 2290 coniugi
1424 2242 1569 2278 orientis

67 2293 252 2342 imperium
271 2295 501 2332 committunt.

163 2341 297 2378 Eodem
323 2347 483 2389 tempore
509 2342 632 2379 Aeruli
661 2340 863 2389 quingentis
894 2339 1041 2376 navibus
1074 2338 1190 2382 vecti,
1226 2336 1408 2373 Maeotide
1440 2334 1568 2383 palude

68 2388 241 2432 traiecta,
281 2390 320 2424 in
349 2390 498 2426 Pontum
533 2391 696 2425 feruntur
725 2393 762 2424 et
796 2388 1002 2435 Byzantium
1036 2385 1340 2433 Chrysopolinque
1374 2395 1460 2419 occu
1487 2387 1568 2423 ant;

66 2436 118 2471 ibi
145 2436 317 2472 consertis
346 2438 504 2472 manibus
533 2437 689 2472 nonnihil
714 2435 939 2472 retrocedere
964 2434 1079 2470 coacti
1107 2433 1152 2469 ad
1178 2435 1300 2468 fauces
1326 2442 1437 2478 usque
1461 2395 1566 2464 ἓόηιί

67 2483 215 2526 Euxini,
239 2483 373 2519 Hieron
390 2484 497 2530 vulgo
518 2489 732 2531 nuncupatas
744 2508 755 2526 ‚
779 2487 919 2529 postero
936 2494 1020 2518 vero
1039 2482 1099 2517 die
1115 2479 1291 2527 prosperis
1310 2476 1406 2513 venti
1425 2476 1567 2511 flatibus

68 2531 115 2566 ad
137 2531 263 2576 Cyzici
281 2531 471 2578 Bithyniae
489 2531 640 2578 insignis
665 2530 821 2566 civitatis
847 2530 975 2566 fretum
996 2528 1143 2576 primum
1169 2526 1378 2567 escendunt,
1403 2523 1564 2577 Lemnum

69 2578 198 2613 deinde
225 2583 262 2614 et
289 2578 436 2624 Scyrum
454 2577 588 2613 insulas
612 2577 888 2625 depopulantur3
915 2581 987 2613 tum
1004 2577 1042 2612 in
1059 2575 1211 2611 Atticam
1237 2576 1333 2609 facta
1357 2572 1563 2615 irruptione,

69 2626 227 2662 Athenas
241 2651 252 2669 ,
276 2625 503 2671 Corinthum,
527 2626 713 2672 Spartam,
735 2625 851 2670 Argos
879 2623 1114 2670 Achaiamque
1138 2623 1332 2657 universam
1349 2615 1506 2672 incendio
1527 2620 1564 2649 et

69 2672 238 2708 vastitate
258 2673 424 2716 foedant;
457 2673 567 2707 donec
587 2672 713 2719 positis
731 2683 796 2718 per
811 2672 891 2706 loca
911 2670 1113 2706 difficiliora
1137 2668 1297 2709 insidiis,
1320 2665 1526 2708 auxuusque
1542 2672 1564 2695 a

69 2720 235 2756 Gallieno
267 2720 405 2763 missis,
439 2719 604 2768 plurimos
639 2731 758 2754 eornm
785 2718 1018 2754 Athenienses
1051 2717 1255 2753 occiderunt
1279 2718 1313 2748 et
1344 2712 1388 2746 ad
1413 2710 1565 2745 Nessum

69 2766 159 2801 alios
184 2771 241 2802 ter
263 2768 356 2803 mille
379 2771 654 2815 prostraverunt.
701 2767 777 2802 Sub
805 2766 845 2801 id
864 2771 1002 2812 tempus
1022 2765 1242 2801 Naulobatus
1263 2759 1465 2795 Aerulorum
1495 2755 1566 2810 dux

70 2814 236 2850 Gallieno
259 2814 471 2862 Imperatori
492 2813 671 2849 deditione
697 2814 795 2848 facta
816 2812 1008 2848 consularis
1029 2809 1213 2858 dignitatis
1231 2809 1393 2861 honorem
1415 2807 1564 2856 accepit.

69 2862 240 2897 Aureolus
258 2867 373 2898 antem
389 2862 492 2897 Celta
507 2861 739 2896 Romanorum
759 2861 831 2895 dux
847 2860 1046 2895 Gallienum
1068 2856 1198 2905 paratis
1213 2853 1348 2890 insidus
1373 2851 1563 2887 interfecit.

59 2908 122 2943 Et
136 2909 224 2946 haee
238 2908 379 2957 quidem
395 2910 440 2946 de
460 2908 645 2946 Valeriano
666 2913 704 2945 et
722 2908 886 2945 Gallieno
905 2905 1178 2954 Imperator-ibus
1198 2902 1296 2938 satis.

576 2958 586 2973 1
