1800 3236
252 163 356 215 516
733 170 991 218 GEORGII
1019 169 1309 217 SYNCELLI

282 281 595 342 Ἀλεξανδρείας
624 283 693 327 καὶ
722 279 943 341 Λῖγῦπτου
963 280 1006 338 β’
1031 283 1274 339 ἐβασίλευσε
1295 282 1605 340 Πτολεμαῖὀςῦ
1629 281 1765 328 Φιλά-

270 342 273 346 ⁴
393 356 547 412 δελφος
569 353 639 410 ἐτη
664 351 744 409 λη’.
784 358 860 397 τοῦ
884 354 928 396 δὲ
951 351 1113 409 κόσμου
1134 348 1186 410 ἦν
1209 353 1301 404 ἴτος
1319 351 1448 414 ἐσια’.
1550 412 1555 421 „

215 443 248 479 1)
361 426 631 480 ,Πτολεμαίου
662 427 738 467 τοῦ
774 422 929 480 Λάγου
962 428 1149 483 κεραυνῷ
1183 429 1439 478 τεθνεῶτος,
1481 421 1538 476 ὦς
1552 401 1766 482 ςξτρολέλε-

252 510 373 548 κται,
413 495 456 538 ἐν
484 498 536 552 τῇ
567 494 675 537 κατὰ
712 497 796 537 τῶν
825 497 1032 537 Γαλατῶν
1055 492 1195 552 μάχῃ,
1234 495 1311 551 τὴν
1339 494 1416 550 μὲν
1438 492 1661 552 Αἷγύπτου
1687 495 1765 552 ἆρ-

250 564 331 621 χὴν
353 568 579 622 κληροῦται
595 563 692 618 μετ’
722 563 850 607 αὐτὸν
870 566 1138 619 Πτολεμαῖος
1157 563 1178 609 ὃ
1207 563 1471 623 Φιλάδελφος
1492 572 1592 615 παῖς
1610 565 1795 620 αὖτοῧ,5

254 634 364 693 ἀνὴρ
407 634 460 678 τὰ
495 632 633 677 πάντα
665 634 797 692 σοφὸς
832 636 899 678 καὶ
934 633 1305 693 φιλοπονώτατος,
1348 634 1394 686 ὃς
1421 632 1589 679 πάντων
1617 633 1767 692 Ἑλλή-

253 723 337 749 νων
368 722 412 749 τε
433 706 502 748 καὶ
529 706 788 759 Χαλδαίων,
828 705 1077 761 Αἰγυπτίων
1097 723 1141 749 τε
1171 707 1239 748 καὶ
1259 704 1477 761 Ῥωμαίων
1497 705 1572 756 τὰς
1588 707 1768 760 βιῇθλους

256 772 562 831 συλλεξάμενος
592 777 661 818 καὶ
684 773 965 833 μεταφράσας
980 775 1058 826 τὰς
1078 773 1398 833 ἀλλογλώσσους
1418 777 1475 827 εἷς
1494 776 1570 832 τὴν
1585 774 1768 820 Ἑλλάδα

255 848 481 902 γλῶσσαν,
520 842 731 903 μυριάδας
769 847 931 900 βίβλων
957 843 984 888 ι’
1011 845 1194 890 ἀπέθετο
1218 846 1326 890 κατὰ
1356 846 1433 904 τὴν
1454 844 1769 906 Ἀλεξάνδρειαν

254 916 297 958 ἐν
323 922 415 966 ταῖς
435 913 513 959 ὑπ’
545 916 676 959 αὐτοῦ
698 914 929 967 συστάσαις
945 915 1256 973 βιβλιοθήκαις.
1780 934 1800 967 11

365 980 504 1036 Οὗτος
529 985 605 1042 τὴν
632 984 780 1043 Φάρον
796 986 1109 1045 Ἀλεξανδρείας
1127 990 1455 1045 μεγαλοπρεπῶς
1474 985 1673 1044 ἀνέστησε
1694 986 1765 1030 διὰ

255 1054 515 1114 Σωστράτου
549 1054 816 1115 Δεξιφάνους
836 1058 1038 1111 Κνιδίου,
1080 1051 1129 1100 οὗ
1159 1059 1228 1101 καὶ
1248 1058 1296 1101 τὸ
1317 1057 1451 1113 ὄνομα
1473 1058 1765 1116 ἐπιγέγραπται

253 1128 295 1170 ἐν
319 1131 379 1185 τῷ
400 1125 658 1186 ὑψηλοτάτῳ
682 1125 827 1186 πύργῳ
849 1133 924 1184 τῆς
939 1125 1086 1185 Φάρου
1113 1127 1248 1179 οὕτως
1263 1142 1273 1152 ·
1297 1125 1555 1187 Σωστράτος
1573 1126 1764 1187 Δεξιφά-

99 1203 137 1238 P.
160 1204 232 1241 272
254 1214 354 1248 νους
374 1198 546 1247 Κνίδιος
564 1201 749 1255 σωτῆρσι
773 1202 890 1249 θεοῖς
906 1196 1010 1256 ὖπὲρ
1033 1202 1118 1242 τῶν
1136 1199 1439 1253 πλωϊζομένων.

351 1265 401 1311 Ὁ
432 1267 562 1317 αὐτὸς
599 1268 698 1318 τοὺς
729 1267 829 1311 κατ’
861 1268 1082 1325 Αἴγυπτον
1114 1268 1407 1325 αἰχμαλώτους
1430 1269 1662 1320 Ἰουδαίους
1680 1287 1765 1323 μυ-
1779 1276 1800 1311 1,

254 1335 404 1396 ριάδας
427 1335 589 1381 δώδεκα
613 1335 929 1394 ἐξωνησάμενος
948 1336 1171 1390 ταλάντοις
1200 1337 1263 1391 υξ’
1287 1341 1331 1382 ἐκ
1348 1343 1424 1383 τοῦ
1450 1339 1766 1398 στρατεύματος

94 1414 140 1453 V.
162 1414 233 1451 217
248 1408 502 1466 ἐλευθέρους
523 1407 646 1464 ἀνῆκε
672 1407 799 1467 πόθῳ
823 1413 899 1466 τῆς
915 1408 1221 1468 μεταφράσεως
1243 1414 1326 1454 τῶν
1341 1409 1448 1468 παρ’
1471 1411 1614 1462 αὐτοῖς
1634 1413 1764 1454 θείων

251 1481 308 1529 εἷς
340 1478 416 1535 τὴν
433 1476 616 1521 Ἑλλάδα
646 1483 840 1536 γλῶσσαν
853 1513 866 1533 ,
905 1478 1009 1538 ὑπὲρ
1039 1474 1096 1524 ὧν
1117 1478 1376 1537 ἀναθήματα
1395 1484 1602 1538 πολυτελῆ
1614 1486 1762 1540 χρυσῷ

249 1553 395 1608 πολλῷ
420 1550 490 1592 καὶ
510 1550 648 1599 λίθοις
674 1551 824 1605 τιμίοις
846 1551 1033 1606 ἐμμελῶς
1053 1551 1416 1607 κατεσκευασμένα
1436 1556 1496 1611 τῷ
1513 1556 1602 1612 θεῷ
1626 1554 1670 1595 ἐν
1687 1550 1762 1595 Ἱε-

251 1617 505 1678 ροσολύμοις
526 1619 769 1676 ἐξέπεμψεν,
803 1619 1039 1681 Ἐλεαζάρῳ
1064 1639 1107 1665 τε
1139 1626 1199 1681 τῷ
1223 1626 1452 1678 τηνικαῦτα
1475 1622 1659 1681 ἀρχιερεῖ
1677 1625 1762 1666 δῶ-
1772 1630 1800 1664 24

253 1707 308 1748 ρα
332 1693 530 1744 πλεῖστα,
571 1690 719 1742 καθ-ὠς
755 1691 798 1734 ἐν
829 1698 918 1743 τοῖς
938 1694 1248 1748 Πτολεμαϊκοΐς
1267 1693 1519 1751 γέγραπται,
1557 1698 1764 1751 πρεσβευ-

250 1758 435 1816 σάμενος
462 1764 665 1816 σταλῆναι
684 1761 762 1812 τὰς
783 1761 896 1820 ἱερὰς
918 1761 1092 1814 δέλτους
1111 1765 1168 1814 εἷς
1186 1761 1497 1822 Ἀλεξάνδρειαν
1519 1765 1586 1807 καὶ
1604 1763 1764 1823 ἄνδρας

344 1849 378 1885 3.
412 1849 607 1897 κεραυνῷ]
642 1851 715 1886 τοῦ
740 1849 804 1886 καὶ
835 1851 1037 1896 Κεραυνοῦ
1059 1851 1221 1898 Scaliger
1245 1863 1279 1899 p.
1305 1853 1364 1890 66.
1489 1853 1522 1888 8.
1558 1847 1764 1899 ἄλλογλιότ-

345 1908 414 1936 τας
439 1896 487 1931 G.
611 1898 666 1932 12.
691 1897 805 1943 Vulgo
825 1900 1077 1946 Δεξιφανοῦς.
1193 1900 1248 1936 13.
1275 1897 1397 1942 οὕτως
1418 1898 1459 1934 Β.
1486 1893 1599 1942 οὗτος
1618 1901 1666 1937 G.

346 1943 585 1987 σωστρατοῦς
615 1946 847 1991 δεξιφανοῦς
872 1947 915 1982 Β.
962 1944 1213 1995 Σωστράτους
1237 1948 1480 1993 Δεξιφανοῦς
1510 1947 1559 1982 G.
1596 1948 1763 1984 Correxit

344 1989 519 2036 Scaliger.
633 1992 689 2028 14.
714 1992 972 2039 πλοϊζομένων
996 1996 1039 2030 Β.
1168 1995 1224 2030 17.
1247 1997 1369 2031 θείων
1385 1995 1542 2041 γραφῶν
1564 2007 1608 2030 m.

298 2059 533 2144 Alexandrgae
550 2064 587 2096 et
605 2062 763 2110 Aegypti
779 2076 843 2099 rex
859 2066 883 2100 2
905 2064 1126 2100 Ptolemaeus
1146 2064 1400 2113 Philadelphus
1431 2066 1530 2101 annis
1546 2067 1592 2103 38
1605 2092 1617 2110 ‚
1640 2066 1762 2102 mundi

368 2119 454 2142 vero
495 2110 576 2146 211.

343 2153 545 2190 Ptolemaeo
565 2156 658 2202 Lagi
675 2157 747 2193 filio
768 2157 923 2193 fulminis
943 2158 1020 2193 ictu
1039 2161 1183 2194 mortem
1203 2159 1373 2202 obeunte,
1399 2171 1441 2194 ea
1459 2171 1561 2205 quam
1590 2171 1665 2195 cnm
1683 2161 1761 2195 Ga-

250 2199 332 2235 latis
348 2201 471 2237 habuit
487 2214 625 2248 pugna,
650 2210 751 2250 prout
772 2211 948 2240 narratum
969 2211 1024 2241 est
1037 2231 1048 2248 ‚
1073 2206 1227 2252 Aegypti
1245 2206 1425 2252 imperium
1442 2206 1661 2242 Ptolemaeus
1683 2208 1760 2243 eius

250 2247 365 2290 filius,
389 2248 444 2283 vir
474 2251 563 2284 omui
585 2250 805 2286 scientiarum
831 2252 926 2287 cultu
955 2257 1100 2287 ornatus
1131 2258 1167 2287 et
1201 2252 1331 2288 laboris
1358 2253 1632 2300 patientissimus
1658 2255 1759 2298 adiit,

250 2295 314 2341 qui
330 2295 545 2331 Graecorum
576 2299 746 2341 omnium,
772 2299 1028 2334 Chaldaeorum
1044 2324 1055 2342 ‚
1080 2300 1334 2346 Aegyptiorum
1369 2306 1405 2335 et
1426 2301 1656 2337 Romanorum
1686 2302 1759 2336 col-

249 2341 351 2385 lectis
378 2342 478 2377 libris
502 2346 539 2378 et
565 2355 609 2378 ex
637 2345 751 2380 aliena
772 2346 922 2380 dialecto
942 2346 978 2380 in
999 2347 1171 2381 Graecam
1195 2347 1328 2389 versis,
1351 2348 1529 2393 myriades
1555 2349 1674 2385 decem
1702 2349 1758 2385 bi·

248 2387 436 2424 bliothecis
457 2389 689 2427 Alexandriae
705 2405 726 2427 a
748 2404 787 2427 se
811 2393 1019 2427 constructis
1042 2393 1286 2428 custodiendas
1305 2395 1475 2440 reposuit.

342 2435 439 2471 Idem
455 2437 607 2472 Sostrati
628 2438 745 2473 Cnidii
764 2440 984 2486 Dexiphanis
1003 2440 1065 2474 filii
1087 2452 1153 2487 ope
1167 2441 1204 2475 in
1224 2441 1460 2478 Alexandriae
1482 2446 1586 2489 portu
1609 2441 1758 2489 sumpti-

249 2482 316 2518 b'us
345 2482 519 2519 immensis
537 2484 687 2520 Pharum
715 2487 852 2529 erexit,
878 2487 1115 2522 excelsissima
1139 2487 1246 2523 Phari
1278 2490 1426 2524 turrium
1459 2490 1605 2525 artificis
1635 2502 1758 2524 nomen

249 2530 474 2576 praeferente
495 2530 532 2565 in
557 2532 648 2566 hunc
671 2533 818 2568 modum.
867 2533 1049 2569 Sostratus
1068 2535 1214 2570 Cnidius
1233 2535 1453 2583 Dexiphanis
1474 2537 1569 2573 filius
1587 2536 1655 2572 diis
1682 2548 1759 2573 ser-
1786 2555 1789 2557 -

250 2577 431 2612 vatoribus
452 2577 687 2625 navigantium
708 2580 824 2625 gratia
845 2582 1070 2617 consecravit.

343 2625 548 2660 Iudaeorum
575 2626 760 2661 duodecim
790 2628 1004 2674 myriadibus
1031 2630 1075 2664 ab
1113 2630 1272 2665 exercitu
1305 2630 1419 2677 captis
1448 2630 1655 2666 talentorum
1685 2628 1758 2668 460

275 2671 364 2707 retio
381 2671 584 2719 redemptis,
609 2673 870 2719 scripturarum,
895 2688 983 2721 quas
1010 2677 1209 2720 servabant,
1234 2678 1405 2713 versionis
1429 2679 1590 2713 Graecae
1608 2677 1757 2724 cupidus

263 2719 446 2755 ibertatem
467 2719 634 2755 restituit.
683 2720 813 2756 Earum
832 2724 1139 2768 comparandarum
1165 2724 1280 2770 gratia
1310 2725 1474 2760 donorum
1491 2737 1576 2760 auro
1603 2724 1756 2771 lapillis-

250 2777 319 2812 que
337 2772 535 2803 0rnat0rum
550 2767 682 2803 variam
698 2779 741 2803 ac
759 2769 947 2815 pretiosam
964 2771 1214 2816 supellectilem
1243 2771 1310 2807 deo
1328 2771 1579 2819 Hierosolymis
1598 2771 1697 2807 vovit
1718 2775 1756 2807 et

250 2814 429 2859 appendit.
487 2813 698 2850 Eleazarum
730 2828 772 2851 eo
799 2822 955 2862 tempore
985 2818 1206 2863 pontificem,
1239 2818 1431 2854 Ptolemaei
1460 2819 1574 2867 ipsius
1606 2819 1755 2854 historia

249 2863 363 2903 teste,
396 2859 466 2896 sibi
496 2860 716 2905 conciliavit;
749 2861 944 2910 legatisque
973 2864 1105 2908 missis,
1139 2866 1282 2901 codices
1314 2877 1456 2913 sacros,
1481 2865 1754 2912 sacerdotesque

248 2905 426 2950 litteratos
442 2911 479 2944 et
497 2911 570 2944 tum
600 2909 853 2957 'scripturarum
871 2914 943 2947 tum
961 2910 1202 2949 Graecanicae
1226 2910 1430 2949 eruditionis
1448 2925 1579 2960 guaros
1598 2913 1754 2949 Alexan-
