1800 3236
199 208 304 260 344
380 282 382 284 q
665 216 917 287 GanGn
945 193 1232 262 SYNCELLI

169 359 174 365 -
201 320 306 386 dmg
331 323 591 387 γραμμάτων
619 325 932 385 παραθήσομαι
962 320 1162 386 μάρτυρα
1190 327 1324 380 δεξιὸν
1353 325 1489 384 ἄνδρα
1519 330 1610 386 περὶ
1631 328 1707 385 τὴν

204 398 442 455 Φοινικικὴν
461 398 651 455 ἱστορίαν
670 398 823 456 ἀκριβῆ
842 398 1048 455 γεγονέναι
1063 399 1385 454 πεπιστευμένον
1397 400 1557 443 Δίωνα.
1584 393 1709 449 οὗτος

199 471 341 515 τοίνυν
371 471 414 512 ἐν
433 475 524 519 ταῖς
549 470 642 526 περὶ
666 469 872 512 Φοινίκων
891 469 1093 526 ἱστορίαις
1113 467 1263 527 γράφει
1283 469 1355 513 τὸν
1378 467 1535 526 τρόπον
1557 473 1708 513 τοῦτον

199 537 460 597 ,ρΑβιβάλου
489 536 815 594 τελευτήσαντος
831 538 923 590 υἱὸς
950 539 1082 583 αὐτοῦ
1101 541 1296 598 Σίρωμος
1316 540 1592 595 ἐβασίλευσεν.
1634 534 1708 583 οἷ)-

200 628 276 662 ,τος
295 610 350 654 τὰ
378 609 483 667 πρὸς
516 608 726 659 ἀνατολὰς
743 608 849 666 μέρη
872 613 949 666 τῆς
971 608 1131 661 πόλεως
1150 610 1388 667 προσέχωσε
1408 612 1476 653 καὶ
1494 611 1634 665 μεῖζον
1654 610 1736 654 τό5

202 680 311 725 ἄστυ
349 680 515 735 ἐποίησε
552 680 622 722 καὶ
660 683 737 722 τοῦ
772 678 1006 734 Ὀλυμπίου
1035 680 1142 731 Διὸς
1170 680 1218 724 τὸ
1251 680 1360 739 ἱερὸν
1378 679 1489 724 καθ’
1515 680 1639 724 ἓαυτό
1663 679 1710 724 ὃν

202 752 246 795 ἓν
275 750 353 810 ἴσῳ
387 747 531 806 χώσας
564 748 638 792 τὸν
664 749 822 804 μεταξὺ
852 748 982 795 τόπον
1015 751 1179 808 συνῆψε
1217 755 1270 809 τῇ
1303 748 1420 794 πόλει
1449 753 1517 794 καὶ
1531 758 1710 809 χρυσοῖς

44 828 86 863 P·
112 829 180 866 183
202 819 474 877 ἀναθήμασιν
508 817 750 875 ἐκόσμησεν.
789 819 952 876 ἀναβὰς
978 822 1025 864 δὲ
1056 823 1114 872 εἰς
1146 820 1218 865 τὸν
1247 822 1448 877 Λίβανον
1473 819 1710 878 ὑλοτόμησε

162 922 165 930 2
201 891 308 951 πρὸς
336 891 414 947 τὴν
442 894 527 934 τῶν
544 890 665 948 ἱερῶν
688 889 962 948 κατασκευήν.
999 891 1075 935 τὸν
1107 893 1153 935 δὲ
1173 896 1459 949 τυραννοῦντα
1475 888 1710 950 Ἰεροσολύ-

201 980 294 1019 μων
321 965 556 1016 ,Σολομῶνα
587 961 753 1016 πέμψαι
785 965 891 1019 φασὶ
921 961 1028 1019 πρὸς
1055 963 1130 1006 τὸν
1161 964 1358 1020 Σίρωμον
1390 963 1615 1019 αἰνίγματα
1639 964 1707 1006 καὶ
1722 969 1768 1004 10

202 1031 310 1091 παρ’
333 1031 476 1076 ἀὗτοῦ
505 1025 651 1086 λαβεῖν
683 1031 853 1083 ἀξιοῦν·
889 1032 963 1077 τὸν
995 1034 1042 1076 δὲ
1068 1033 1129 1089 μὴ
1162 1034 1399 1090 δυνηθέντα
1422 1035 1628 1090 διακρῖναι
1647 1037 1709 1092 τῷ

202 1101 377 1152 λύσαντι
398 1099 599 1159 χρήματα
632 1101 851 1147 ἀποτίνειν.
890 1100 1212 1161 ὁμολογήσαντα
1245 1105 1291 1147 δὲ
1322 1103 1397 1147 τὸν
1425 1105 1621 1161 Σίρωμον
1639 1106 1710 1147 καὶ

200 1173 260 1231 μὴ
282 1172 521 1230 δυνηθέντα
552 1175 677 1216 λῦσαι
707 1172 762 1216 τοὶ
781 1174 1004 1230 αἰνίγματα
1015 1207 1030 1229 ,
1070 1174 1206 1217 πολλὰ
1226 1178 1311 1218 τῶν
1325 1172 1558 1231 χρημάτων
1581 1176 1638 1225 εἷς
1659 1173 1709 1217 τὸ

201 1242 415 1300 ἐπιζήμιον
451 1242 682 1288 ἀναλῶσαι.
719 1241 807 1287 εἶτα
837 1244 898 1286 δι’
921 1241 1189 1301 Ἆβδήμονόν
1210 1262 1304 1288 τινα
1325 1243 1482 1303 Τύριον
1499 1244 1634 1302 ἄνδρα
1655 1241 1709 1288 τά

202 1332 247 1358 τε
275 1313 538 1371 προτεθέντα
567 1317 693 1374 ’λῦσαι
717 1315 787 1356 καὶ
808 1313 1067 1359 αὕτόν,ἄλλα
1096 1319 1348 1374 προβαλεῖν,
1386 1314 1415 1359 ἃ
1439 1314 1500 1371 μὴ
1519 1312 1709 1359 λύσαντα
1722 1318 1767 1356 15

203 1384 278 1428 τὸν
290 1388 523 1440 Σολομῶνα
551 1384 687 1427 πολλὰ
707 1389 766 1444 τῷ
779 1383 961 1444 Σιρώμῳ
982 1393 1292 1444 προσαποτῖσαι
1313 1383 1554 1443 χρήματα.”
1589 1387 1710 1430 Δίων

165 1462 195 1498 Β
203 1455 280 1512 μὲν
300 1453 434 1505 οὕτως
454 1455 545 1512 περὶ
565 1458 649 1498 τῶν
663 1455 970 1513 προειρημένων
990 1453 1089 1512 ἡμῖν
1106 1454 1435 1514 μεμαρτύρηκεν.
1472 1454 1582 1499 ἀλλὰ
1603 1456 1711 1514 πρὸς

201 1529 328 1570 τοῦτο
361 1521 670 1583 παραθήσομεν
703 1526 773 1568 καὶ
799 1526 1057 1584 ΙΙΙ-Ιένανὸρον
1086 1527 1160 1571 τὸν
1194 1526 1399 1585 Ἐφέσιον.
1444 1526 1624 1585 γέγραφε
1659 1526 1706 1569 δ’

205 1590 330 1647 οὗτος
353 1595 431 1646 τὰς
461 1595 534 1654 ἐφ’
557 1592 734 1639 ἑκάστου
756 1599 841 1640 τῶν
859 1597 1068 1650 βασιλέων
1091 1594 1261 1656 πράξεις
1280 1597 1356 1648 τὰς
1376 1596 1492 1655 παρὰ
1511 1604 1599 1647 τοϊς
1610 1595 1710 1640 Ἕλ-

203 1670 300 1722 λησι
331 1667 401 1709 καὶ
421 1662 658 1724 βαρβάροις
675 1667 922 1724 γενομένας,
959 1665 1005 1719 ὅς
1024 1684 1127 1725 φησι
1147 1670 1240 1726 περὶ
1265 1665 1463 1725 Σιρώμου
1477 1681 1487 1691 ·
1511 1665 1707 1724 τελευτή-
1719 1673 1767 1708 20

205 1753 358 1788 σαντος
381 1736 427 1780 δὲ
439 1734 668 1791 Ἀβιβάλου
692 1736 900 1789 διεδέξατο
924 1737 1002 1795 τὴν
1020 1740 1238 1793 βασιλείαν
1261 1737 1282 1782 ὃ
1303 1738 1394 1801 υἱὸς
1415 1736 1545 1781 αὐτου
1570 1739 1708 1796 Σίριο-

299 1836 331 1871 1.
355 1834 498 1879 δεξιὸν]
525 1836 610 1871 δῖον
629 1846 687 1872 m.·
790 1836 828 1872 5.
851 1837 919 1882 τῆς
942 1835 1088 1880 πόλεως
1115 1837 1199 1874 add.
1227 1837 1303 1872 Bm.
1421 1838 1457 1873 7.
1482 1834 1524 1873 ἐν
1551 1836 1643 1884 νίσῳ
1665 1848 1708 1872 m.

365 1884 400 1919 9.
435 1880 646 1928 ὑλοτόμησε
666 1895 708 1919 m.
736 1880 968 1930 ὖλοτομῆσοιι
998 1885 1046 1922 G.
1173 1887 1231 1922 12.
1265 1885 1379 1930 Vulgo
1403 1880 1627 1921 ἀποτείνειν.

297 1927 354 1968 14.
378 1929 604 1977 Αβδήμονον
625 1938 669 1966 m.
694 1930 919 1979 Αβδάμονον
934 1932 983 1968 G.
1080 1934 1137 1969 18.
1172 1933 1310 1968 τοῦτον
1335 1934 1382 1967 Gr.
1474 1929 1710 1979 παραθήσο-

296 1988 437 2058 μαιὲῐι.
483 1990 487 1994 ’
555 1980 610 2017 19.
635 1973 762 2025 οὗτος]
789 1976 910 2023 οὕτως
931 1980 980 2015 G.
1098 1980 1159 2017 20.
1190 1978 1406 2026 γενομένοις
1429 1980 1475 2014 G.
1596 1978 1639 2023 5⁴5,-
1661 1992 1706 2015 m.

296 2036 349 2066 ως
412 2049 421 2058 .

206 2102 464 2148 fidelissimum,
489 2105 700 2142 Phoenicum
729 2106 897 2143 videlicet
918 2107 1086 2143 historiae
1113 2106 1320 2154 scriptorem
1346 2106 1646 2154 diligentissimum
1670 2111 1709 2143 et

206 2152 299 2198 apud
318 2163 434 2186 omnes
451 2151 553 2187 fidem
571 2155 794 2198 promeritum
811 2155 969 2191 Dionem.
1017 2155 1082 2190 Ille
1098 2154 1207 2200 igitur
1225 2167 1291 2189 sua
1311 2155 1354 2190 de
1372 2155 1606 2190 Phoenicibus
1624 2167 1709 2190 nar-

205 2199 342 2237 ratione
361 2198 397 2234 in
417 2199 508 2234 hunc
534 2201 669 2235 modum
695 2202 838 2237 scribit:
873 2202 1019 2237 Abibalo
1040 2202 1130 2236 vivis
1152 2206 1274 2248 erepto
1292 2202 1383 2236 filius
1403 2202 1479 2236 eius
1497 2203 1630 2237 Iromus
1649 2214 1709 2238 re-

207 2246 354 2292 gnavit,
387 2246 447 2291 qui
475 2246 519 2281 ad
549 2247 754 2283 orientalem
782 2249 879 2284 urbis
906 2250 1044 2295 plagam
1069 2260 1201 2294 aggere
1230 2254 1471 2294 comportato,
1506 2250 1709 2296 ampliorem

112 2326 125 2337 ,
186 2305 282 2328 eam
312 2291 468 2328 reddidit
493 2298 530 2328 et
553 2294 648 2329 Iovis
674 2295 829 2341 Olympii
853 2297 1018 2341 templum
1043 2296 1086 2330 ab
1112 2295 1203 2330 omni
1230 2295 1422 2331 vicinarum
1445 2297 1583 2332 aedium
1612 2304 1709 2331 strue

207 2340 399 2375 seiunctum
431 2344 469 2375 et
491 2340 528 2380 in
548 2341 650 2386 plano
677 2342 828 2388 positum
853 2354 984 2387 aggere
1010 2342 1216 2385 interiecto,
1252 2343 1432 2389 copulavit
1460 2343 1540 2378 urbi
1567 2343 1709 2379 immen-

207 2388 326 2433 sisque
343 2398 385 2421 ex
405 2398 491 2422 auro
511 2387 611 2423 donis
628 2389 791 2434 appensis
811 2389 952 2424 ditavit.
1000 2389 1032 2424 E
1050 2390 1184 2424 Libano
1200 2401 1338 2436 quoque
1356 2391 1399 2425 ad
1419 2392 1622 2436 templorum
1644 2403 1710 2436 ap-

207 2439 368 2480 paratum
393 2433 513 2469 silvam
537 2436 778 2480 comportavit.
826 2436 958 2470 Ferunt
982 2437 1127 2481 insuper
1152 2437 1370 2472 Salomonem
1389 2437 1706 2483 Hierosolymorum

207 2493 347 2526 regem,
379 2481 494 2516 missis
519 2482 675 2516 obscuris
702 2482 967 2528 quaestionibus
996 2483 1040 2518 ab
1064 2484 1177 2518 Iromo
1209 2496 1410 2529 responsum
1439 2485 1629 2531 expetiisse
1663 2497 1706 2519 ac

207 2528 343 2576 pariter
366 2539 533 2573 rogasse,
557 2533 597 2565 ut
620 2539 732 2575 aeque
756 2529 919 2564 difficiles
939 2542 961 2565 a
985 2542 1023 2564 se
1046 2530 1230 2565 solvendas
1258 2536 1490 2577 proponeret3
1524 2544 1565 2566 eo
1589 2536 1706 2578 pacto,

209 2580 250 2610 ut
281 2575 343 2620 qui
369 2575 529 2622 nequiret
555 2586 751 2621 exponere,
786 2577 830 2611 ab
855 2577 1051 2624 interprete
1079 2578 1238 2613 mulctam
1260 2578 1456 2624 impositam
1481 2579 1706 2623 exigeretur;

208 2622 408 2658 conditione
424 2628 571 2669 accepta
587 2634 665 2658 cum
681 2623 814 2658 Iromus
831 2623 938 2659 dubia
954 2635 1022 2659 non
1042 2626 1216 2670 potuisset
1233 2627 1405 2668 enodare,
1429 2626 1464 2660 in
1485 2625 1707 2671 ignorantiae

210 2681 356 2716 poenam
387 2681 546 2716 magnam
575 2670 797 2716 pecuniarum
824 2669 893 2705 vim
920 2672 1101 2716 expendit.
1146 2671 1382 2708 Abdemonum
1406 2671 1533 2707 deinde
1558 2673 1707 2719 Tyrium

210 2716 320 2751 virum
344 2717 588 2752 solvendorum
609 2716 804 2752 huiusmodi
824 2717 1052 2763 aenigmatum
1071 2718 1221 2764 peritum
1250 2720 1319 2755 alia
1341 2719 1510 2766 quaedam
1530 2719 1707 2755 Salomoni

210 2764 457 2810 proposuisse,
478 2764 575 2800 circa
593 2776 684 2810 quae
706 2776 782 2799 cum
802 2763 909 2799 dandi
928 2765 1090 2810 responsi
1115 2765 1240 2802 fuisset
1258 2767 1368 2814 impos
1386 2771 1546 2813 repertus
1559 2792 1570 2808 ,
1593 2767 1707 2801 Iromo

210 2822 279 2846 non
294 2812 464 2847 modicam
482 2811 704 2857 pecuniarum
728 2823 889 2847 summam
910 2812 1072 2848 exsolvit.
1119 2812 1176 2847 Ita
1196 2813 1312 2848 dehis
1334 2813 1425 2848 Dion
1453 2818 1603 2848 testatus
1631 2819 1708 2855 est3

210 2859 273 2892 sed
299 2864 336 2892 ct
365 2859 614 2895 Maenandrum
639 2859 832 2904 Ephesium
860 2858 1124 2904 adiungamus.”
1172 2859 1394 2906 Singulorum
1421 2861 1556 2907 quippe
1585 2872 1708 2906 regum

209 2916 287 2938 cnm
299 2905 528 2948 Graecorum,
551 2911 623 2941 tum
642 2907 866 2940 barbarorum
884 2912 988 2950 gesta
1008 2905 1218 2952 conscripsit
1234 2912 1270 2942 et
1285 2907 1330 2941 de
1348 2908 1461 2942 Iromo
1473 2906 1628 2942 nonnihil
1645 2908 1706 2942 de-

209 2950 309 2990 libat.
356 2952 502 2991 Abibalo
530 2953 605 2990 vita
634 2953 775 2997 functo,
797 2953 931 2990 [tomus
959 2952 1051 2990 filius
1078 2953 1152 2989 eius
1179 2965 1326 3002 regnum
1355 2954 1516 3002 excepit,
1540 2954 1602 3002 qui
1631 2954 1707 2990 vita
