1800 3236
223 163 328 214 704
359 177 361 179 ·
655 235 659 240 ἡ
703 170 962 220 GEoRGn
992 169 1281 218 SYNCELLI

225 283 334 344 πρὸς
360 279 571 329 Κόλλωνα
600 285 677 341 τῆς
700 280 859 343 ἐρήμου
883 287 1067 329 πολιτῶν
1097 281 1259 336 πόλεως
1281 285 1507 330 ἐπίσκοπον
1530 286 1741 347 ἐξαίρετον

223 357 318 415 περὶ
337 356 564 413 μετανοίας
578 355 747 414 γραφὴν
769 356 991 412 πεποίηται
1007 369 1017 379 ·
1053 356 1125 398 καὶ
1145 354 1277 413 ἄλλην
1300 353 1618 416 ἐπιστρεπτικὴν
1636 359 1744 417 πρὸς

217 426 537 486 Ἀλεξανδρέας,
575 427 644 469 καὶ
678 423 825 484 ἑτέραν
862 427 957 484 περὶ
992 427 1229 485 μαρτυρίου
1262 427 1368 486 πρὸς
1395 427 1637 487 Ὠριγένην,
1686 428 1745 481 ὥς

222 515 375 558 φησιν,
411 498 461 542 οὗ
481 497 566 554 μὴν
587 495 698 539 ἀλλὰ
716 498 787 540 καὶ
804 498 1070 540 Λαοδικεῦσι
1095 499 1395 557 Θηλυμίδρους
1417 499 1746 551 ἐπισκοποῦντος

222 570 390 624 αὕτῶν,
421 568 653 627 Ἀρμενίοις
690 585 736 611 τε
769 565 1071 626 Μερουζάνους
1101 573 1367 626 προεστῶτος
1401 570 1541 614 αὐτῶν
1574 571 1774 617 ἐπισκο-5

222 645 318 699 πῆς.
367 638 534 683 ἐπειδὰν
555 639 602 682 δὲ
619 637 788 689 Ἕλενος
821 643 998 698 Ταρσοῦ
1024 641 1217 690 Κιλικίας
1243 641 1468 692 ἐπίσκοπος
1497 642 1566 685 καὶ
1598 641 1638 685 οἱ
1667 642 1744 686 σὺν

223 712 340 771 αὐτῷ
369 707 646 769 Φιρμιλιανός
671 727 715 754 τε
745 711 1062 762 Καππαδοκίας
1081 712 1151 754 καὶ
1177 708 1430 763 Θεόκτιστος
1450 714 1746 770 Παλαιστίνης

183 784 442 827 Βέπίσκοποι
470 778 689 839 γράμμασι
709 779 939 825 Διονύσιον
961 786 1114 825 τοῦτον
1143 779 1390 827 ἐδυσιόπουν
1415 787 1635 828 συνελθεῖν
1665 783 1744 828 αὗ-

225 861 314 905 τοΐς
344 854 388 896 ἐν
412 852 641 914 Ἀντιοχείᾳ
673 850 1008 909 διασκεψάμενον
1040 852 1118 897 σὺν
1139 852 1285 904 αὐτοῖς
1313 853 1368 897 τὰ
1399 857 1492 913 περὶ
1516 853 1740 910 Ναυάτου,

227 925 398 981 Φαβίου
428 921 656 967 ἐπισκόπου
675 923 929 980 Ἀντιοχείας
950 925 1020 968 καὶ
1042 923 1181 967 ἄλλων
1204 929 1327 969 τινῶν
1355 922 1744 982 ὗποκατακλινομέ-
1757 935 1800 970 10

224 1015 308 1041 νων
328 999 389 1056 τῷ
412 996 635 1052 σχίσματι,
675 993 898 1050 δεξάμενος
918 994 1036 1053 παρὰ
1064 997 1307 1052 Κορνηλίου
1328 994 1555 1040 ἐπισκόπου
1581 994 1746 1054 Ῥώμης

225 1067 304 1125 τὴν
329 1066 437 1110 κατὰ
459 1063 666 1110 Ναυάτου
689 1065 937 1123 ἐπιστολὴν,
978 1064 1220 1125 ἀντιγράφει
1251 1066 1367 1127 αὐτῷ
1398 1068 1539 1124 δηλῶν
1566 1070 1635 1112 καὶ
1667 1068 1746 1119 τὰς

225 1135 512 1197 παρακλήσεις
545 1141 632 1181 τῶν
661 1137 890 1195 εἰρημένων
924 1136 1104 1195 ἀνδρῶν.
1161 1137 1261 1180 ἀλλ’
1298 1139 1341 1182 ἐν
1373 1137 1541 1189 τούτοις
1573 1141 1743 1195 Φαβίου

226 1208 508 1266 κοιμηθέντος
553 1207 858 1265 Δημητριανός
899 1208 1124 1259 ἐπίσκοπος
1159 1207 1413 1265 Ἀντιοχείας
1468 1211 1741 1255 καθίσταται.

227 1277 455 1330 Διονύσιος
484 1279 530 1323 δὲ
562 1281 631 1322 καὶ
663 1278 812 1330 ἄλλαις
842 1276 1064 1338 διαφόροις
1093 1280 1331 1331 ἐπιστολαῖς
1351 1281 1420 1323 καὶ
1449 1278 1586 1338 λόγοις
1618 1281 1744 1340 ἱεροῖς
1758 1290 1800 1326 15

225 1351 471 1401 σπουδαίως
490 1349 566 1407 τὴν
579 1348 799 1406 Ῥωμαίων
814 1348 1001 1406 μάλιστα
1025 1351 1247 1407 ἐκκλησίαν
1267 1354 1466 1395 συνιστᾶν
1484 1349 1567 1395 ὕπὸ
1590 1342 1746 1402 Ναυά-

224 1439 302 1466 του
336 1421 654 1480 ταραττομένην
698 1420 915 1478 ἠγωνίζετο
926 1454 940 1476 ,
988 1421 1064 1466 τὸν
1100 1423 1192 1480 περὶ
1233 1423 1461 1478 μετανοίας
1501 1421 1744 1481 πρεσβεύων

226 1491 474 1549 ἁπανταχοῦ
497 1494 566 1536 καὶ
590 1490 788 1549 ὁμονοίας
809 1489 959 1550 λόγον,
1000 1494 1043 1537 ἐν
1073 1490 1136 1544 οἷς
1156 1494 1226 1536 καὶ
1250 1492 1491 1550 διακονικὴν
1521 1493 1747 1551 ἐπιστολὴν

186 1566 321 1623 Cuspi
349 1561 516 1622 εἰρήνης
546 1563 605 1606 δι>
629 1553 877 1608 Ἱππόλυτον
914 1561 1067 1622 γράφει
1094 1561 1338 1620 Ῥωμαίοις,
1378 1565 1447 1608 καὶ
1478 1563 1621 1616 ἄλλοις
1652 1567 1746 1624 περὶ

63 1641 117 1677 V:
131 1640 203 1678 299
227 1636 453 1693 μετανοίας
462 1668 476 1689 ,
502 1641 592 1686 τοῖς
611 1653 655 1679 τε
676 1635 1104 1694 συμπεριφερομένοις
1123 1633 1403 1692 ὃμολογηταΐς
1416 1639 1467 1694 τῇ
1490 1640 1568 1680 τοῦ
1589 1635 1744 1680 Ναυά-
1756 1644 1800 1680 20

224 1724 302 1751 του
322 1703 460 1764 πλάνῃ
489 1707 625 1760 ἲδίαν,
664 1708 733 1750 καὶ
763 1703 839 1750 δύο
863 1713 954 1757 τοῖς
983 1707 1026 1759 ἐξ
1053 1708 1194 1751 αὐτῶν
1218 1703 1490 1764 ὅμολογητῶν
1509 1706 1745 1753 ἀποστᾶσιν

228 1777 361 1822 αὖτοῢ
387 1778 456 1820 καὶ
479 1781 531 1835 τῇ
556 1778 751 1839 ἐκκλησία
771 1774 977 1822 ἕνωθεΐσι.

327 1868 362 1903 3.
396 1865 668 1911 Αλεξανδρείας
694 1867 743 1902 G.
866 1868 923 1903 10.
949 1864 1276 1913 κατακλινομένων
1296 1867 1346 1902 G·
1469 1868 1528 1904 11.
1552 1868 1740 1916 σχίσματι]

325 1914 441 1960 Vulgo
464 1913 635 1961 σχήματι.
659 1914 809 1951 Correxi
827 1927 869 1950 ex
883 1915 1049 1950 Eusebio.
1147 1915 1204 1954 15.
1229 1916 1437 1961 διαφοραῖς
1454 1916 1503 1950 G.
1600 1919 1657 1954 19.
1682 1915 1747 1954 ἅλ-

323 1963 418 2008 λοις]
440 1959 554 2010 ἄλλην
568 1964 615 1999 G.
710 1965 770 2001 21.
795 1966 876 2006 τοῖς
887 1963 928 1999 P.
950 1966 1034 2005 ταῖς
1047 1963 1096 1998 G.
1186 1959 1398 2000 ἀποστᾶσιν
1410 1975 1454 2002 m.
1473 1960 1683 2002 ἀπόστασιν
1695 1967 1746 2001 G.

230 2034 298 2068 dus
315 2037 482 2069 accurate
501 2037 706 2081 percenset3
726 2035 829 2070 aliam
847 2035 994 2083 insuper
1010 2033 1188 2080 egregiam
1210 2033 1255 2070 de
1274 2034 1492 2081 poenitentia
1509 2035 1554 2070 ad
1567 2037 1746 2072 Cononem

232 2081 558 2127 Hermopolitanum
592 2082 788 2130 praesulem
821 2083 941 2123 dedit,
977 2095 1040 2118 nec
1067 2094 1135 2117 non
1163 2083 1210 2117 ad
1249 2083 1505 2118 Alexandrinos
1537 2083 1681 2119 alteram
1708 2084 1745 2119 in

182 2132 188 2135 ’
231 2128 326 2162 idem
347 2134 585 2174 argumentum
605 2131 900 2173 exhortatoriam,
925 2131 1051 2178 quibus
1076 2142 1171 2172 eam,
1197 2141 1308 2175 quae,
1334 2134 1374 2164 ut
1396 2129 1476 2176 ipse
1502 2135 1674 2172 testatur,
1699 2131 1745 2166 de

231 2176 400 2221 martyrio
421 2176 645 2219 inscribitur,
669 2178 713 2212 ad
732 2178 924 2224 Origenem
946 2178 1103 2220 addidit3
1128 2177 1191 2212 sed
1209 2182 1246 2212 et
1263 2177 1308 2211 ad
1333 2177 1572 2219 Laodicenos,
1597 2190 1744 2224 quorum

233 2222 383 2256 antistes
409 2229 488 2259 erat
522 2225 793 2271 Thelymidres,
828 2230 865 2262 et
891 2226 1030 2261 tandem
1060 2225 1104 2260 ad
1135 2225 1340 2266 Armenios,
1373 2225 1500 2270 quibus
1533 2225 1744 2260 Meruzanes

232 2272 400 2316 praeerat
416 2271 604 2317 episcopus
623 2273 709 2307 alias
730 2273 841 2308 dedit.
901 2274 1090 2308 Caeterum
1110 2272 1244 2307 Heleno
1274 2272 1384 2306 Tarsi
1413 2271 1562 2307 Ciliciae
1589 2273 1745 2319 praesuli

233 2320 273 2351 et
289 2316 462 2362 opinionis
480 2318 634 2354 eiusdem
654 2320 804 2355 consciis
821 2321 1028 2356 Firmiliano
1057 2317 1307 2365 Cappadociae
1326 2322 1363 2353 et
1382 2318 1592 2355 Theoctisto
1616 2321 1744 2356 Palae-

232 2362 359 2406 stinae,
384 2368 425 2399 ut
444 2366 489 2399 ad
501 2366 597 2411 ipsos
615 2367 837 2402 Antiochiam
855 2368 1048 2414 profectus,
1073 2378 1164 2412 quae
1180 2365 1225 2399 de
1243 2365 1386 2400 Novato
1410 2366 1594 2408 sentienda
1612 2369 1743 2411 forent,

230 2410 469 2455 discuterent,
493 2412 621 2449 litteris
635 2414 940 2459 compellentibus;
965 2426 1040 2449 cum
1067 2414 1136 2448 iam
1162 2411 1296 2447 Fabius
1312 2413 1482 2449 ecclesiae
1503 2415 1745 2451 Antiochenae

231 2458 440 2505 episcopus,
466 2471 543 2494 cum
560 2461 768 2507 quibusdam
791 2462 871 2497 aliis
891 2461 1051 2496 nonnihil
1070 2460 1107 2495 in
1126 2461 1275 2495 schisma
1300 2461 1557 2507 propenderet,
1585 2463 1744 2510 acceptis

232 2517 256 2543 a
273 2505 439 2541 Cornelio
463 2506 596 2542 Romae
615 2509 781 2555 episcopo
802 2509 838 2543 in
861 2510 1041 2544 Novatum
1070 2507 1148 2542 aliis
1175 2507 1328 2550 litteris,
1352 2509 1546 2555 respondet
1571 2510 1673 2556 ipse,
1707 2513 1745 2546 et

231 2553 277 2588 de
297 2554 463 2590 solamine
479 2566 501 2590 a
520 2554 608 2590 viris
626 2556 707 2590 talis
731 2557 925 2591 obventuro
945 2556 1063 2591 reddit
1084 2555 1280 2591 certiorem.
1330 2555 1474 2590 Interim
1496 2557 1608 2592 Fabio
1630 2570 1650 2592 e
1666 2557 1744 2593 vita

229 2600 426 2647 migrante,
466 2601 713 2638 Demetrianus
749 2603 956 2638 Antiochiae
990 2603 1208 2649 praeficitur.
1272 2602 1466 2648 Dionysius
1505 2612 1641 2645 autem,
1675 2616 1744 2651 qua

231 2649 376 2694 scriptis
397 2649 547 2692 litteris,
573 2661 644 2696 qua
663 2651 774 2685 sacris
790 2650 1000 2686 tractatibus
1019 2650 1124 2686 editis
1145 2650 1331 2686 ecclesiam
1351 2651 1539 2686 Romanam
1561 2663 1581 2686 a
1599 2652 1742 2687 Novato

177 2711 179 2713 ·
230 2707 434 2732 concussam
451 2697 655 2733 confirmare
672 2697 878 2733 moliebatur
891 2724 901 2740 ‚
926 2710 968 2732 ac
987 2699 1032 2733 de
1053 2697 1269 2744 poenitentia
1298 2702 1335 2732 et
1353 2697 1538 2733 concordia
1567 2710 1742 2734 sermones

229 2743 360 2790 passim
382 2744 554 2788 habebat3
587 2745 625 2780 in
646 2745 772 2791 quibus
797 2745 980 2792 epistolam
1002 2746 1047 2780 de
1068 2757 1156 2791 pace
1174 2745 1399 2780 Diaconicam
1419 2756 1485 2791 per
1509 2745 1743 2793 Hippolytum

230 2789 277 2824 ad
295 2790 470 2826 Romanos
493 2793 679 2838 scriptam,
704 2793 807 2827 aliam
829 2793 911 2827 item
931 2793 975 2827 de
1002 2792 1218 2839 poenitentia
1236 2799 1274 2827 et
1292 2792 1337 2826 ad
1358 2792 1580 2828 confessores
1606 2792 1743 2828 Novati

231 2840 408 2873 sententia
441 2840 694 2876 circumventos
726 2839 825 2875 dedit
852 2839 1048 2886 privatam3
1093 2840 1248 2875 eiusdem
1282 2839 1414 2874 demum
1450 2839 1540 2875 aliae
1578 2840 1668 2875 duae
1695 2839 1743 2875 ad

231 2885 452 2965 {onfessores
482 2899 505 2924 a
531 2888 676 2924 Novato
700 2886 923 2924 discedentes
951 2891 988 2924 et
1007 2887 1179 2924 ecclesiae
1203 2888 1318 2923 denuo
1347 2886 1555 2923 coniunctos
1589 2887 1743 2922 circum-

250 2935 405 2968 eruntur.
