1800 3236
235 208 344 259 210-
705 213 956 259 GEORGII
987 211 1272 259 SYNCELLI

238 325 369 372 αὗτοῢ
399 323 506 369 κατὰ
534 324 611 383 τὴν
635 324 767 382 αὐτὴν
786 322 1072 369 θεόπνευστον
1092 323 1286 383 γραφὴν,
1325 326 1409 367 τῶν
1433 320 1466 376 ζ’
1488 319 1743 367 διελθόντων

240 403 317 456 τῆς
351 396 549 453 εὐθηνίας
571 397 698 451 ἐτῶν,
736 400 796 455 τῷ
817 396 863 438 δὲ
884 396 1010 455 τρίτῳ
1031 399 1106 451 τῆς
1133 398 1257 449 λιμοῦ
1281 391 1562 444 κατελθόντος
1572 393 1744 452 Ἰσραὴλ

242 471 299 521 εἷς
321 466 561 525 Αἴγυπτον,
599 465 721 522 ἡνίκα
743 467 821 509 Υκαὶ
843 460 895 521 ἦν
916 465 1043 516 αὐτὸς
1068 463 1312 520 με’νἸακώβ
1334 465 1438 509 ἐτῶν
1460 461 1522 523 ρλ’
1532 498 1546 518 ,
1586 461 1643 515 ὥς
1660 463 1744 524 ἔφη

242 537 348 598 πρὸς
375 537 538 596 Φαραώ
553 536 656 595 πρὸς
680 535 810 579 αὐτοῦ
833 535 1074 593 ἐρωτηθείς.
1107 534 1266 592 Ἰωσὴφ
1291 535 1336 578 δὲ
1354 529 1406 591 ἦν
1425 534 1529 579 ἐτῶν
1548 532 1608 590 μ’,
1632 533 1744 591 εἴπερ

243 606 567 667 τριακοντούτης
584 611 661 663 τῆς
679 603 897 663 Αῗγύπτου
920 604 995 662 τὴν
1015 604 1148 663 ’ἀρχὴν
1168 605 1454 663 ἔγκεχείρισται
1464 638 1478 658 ,
1516 602 1676 663 δεκάτῳ
1700 603 1776 646 δὲ5

245 677 340 724 τότε
370 678 448 722 ἔτει
475 677 574 734 μετ’
604 676 736 733 αὐτὴν
770 675 952 731 ἀπέλαβε
985 674 1060 718 τὸν
1098 674 1261 732 πατέρα
1290 676 1359 718 καὶ
1389 674 1488 725 τοὺς
1521 673 1745 732 ἀδελφοὺς,

250 747 308 800 ὥς
338 749 532 793 ἐντεῦθεν
556 745 656 804 ὴμΐν
686 748 755 790 καὶ
789 745 889 789 ἄλλο
914 763 952 789 τι
976 750 1060 788 τῶν
1086 744 1318 802 ἀναγκαίων
1341 746 1750 788 συναποδείκνυσθαι

89 826 131 861 Ρ.
157 826 227 866 112
251 817 412 876 ζήτημα
428 830 439 843 ⁸
475 817 648 874 τὸνμὲν
666 816 823 875 Ἰωσὴφ
848 815 956 859 κατὰ
977 815 1025 858 τὸ
1038 813 1102 858 'm'
1126 814 1217 866 ἔτος
1234 815 1387 871 Ἰακὼβ
1409 819 1611 871 τεχθῆναι
1634 813 1750 872 αὐτῷ

227 892 295 939 ,ἐκ
325 894 401 946 τῆς
417 887 584 945 Ῥαχὴλ,
623 891 791 945 πρῶτον
819 888 882 930 ἐπὶ
904 887 1086 944 θυγατρὶ
1103 888 1180 946 μιᾷ
1202 886 1332 945 Δείνᾳ
1351 887 1419 928 καὶ
1441 887 1583 928 παισὶν
1606 883 1750 942 ἄρρεσι

251 957 292 1004 ι’.
330 958 494 1010 τούτοις
528 957 636 1002 κατὰ
666 957 740 1001 τὸν
761 961 837 1014 τῆς
870 957 1140 1014 ἀναστροφῆς
1171 953 1293 1012 λόγον
1326 956 1368 998 ἐν
1389 955 1533 999 ἕνδεκα
1551 952 1748 1010 τοῦλάχι-
1764 963 1800 998 10

253 1046 355 1075 στον
382 1029 488 1074 ἔτεσι
518 1027 598 1087 πρὸ
628 1027 783 1086 Ἰωσὴφ
814 1031 1047 1083 τεχθεῖσιν,
1085 1024 1176 1077 ἑνὸς
1197 1025 1315 1076 ἔτους
1341 1023 1501 1086 ἑκάστῳ
1522 1024 1748 1080 νεμομένου

255 1100 365 1145 κατὰ
393 1099 471 1156 τὴν
506 1103 590 1142 τῶν
619 1099 768 1155 λογίων
797 1087 999 1156 ἔμφασιν,
1039 1096 1112 1140 τὸν
1137 1097 1250 1140 Λευὶ
1280 1099 1340 1155 τῷ
1367 1094 1452 1152 πβ’.
1492 1097 1593 1139 εἲσὶν
1615 1089 1688 1138 οὗν
1711 1094 1751 1138 οἱ

255 1170 409 1221 πάντες
443 1170 484 1213 ἒν
511 1156 826 1228 Μεσοποταμίᾳ
857 1169 1001 1217 παῖδες
1035 1164 1060 1209 ι’
1082 1168 1150 1209 καὶ
1172 1164 1367 1224 θυγάτηρ
1388 1167 1466 1221 μία
1487 1166 1618 1210 Δείνα
1631 1198 1645 1219 ,
1683 1165 1752 1207 καὶ

256 1243 321 1287 ἐπὶ
339 1245 464 1285 πᾶσιν
483 1237 655 1296 ἔσχατος
668 1238 751 1294 ,μὲν
771 1242 822 1296 τῇ
841 1235 975 1290 τάξει,
1013 1234 1069 1292 ιβ’
1086 1236 1170 1294 ’γὰρ
1193 1236 1274 1279 ἀπὸ
1291 1234 1492 1293 Ῥουβὴν,
1533 1234 1554 1279 ὃ
1577 1234 1749 1293 Ἰωσὴφ,

257 1315 426 1370 πρῶτος
455 1310 501 1353 δὲ
532 1310 576 1352 ἐκ
598 1312 674 1365 τῆς
688 1306 841 1364 Ῥαχὴλ
859 1307 964 1351 κατὰ
988 1306 1036 1350 τὸ
1061 1301 1134 1350 '702'
1153 1306 1409 1360 ε’τυςἾακώβ
1426 1307 1658 1364 γεννηθεὶς,
1697 1303 1754 1356 ὥς
1767 1315 1800 1350 15

257 1380 642 1441 προαποδέδεικται.
681 1380 716 1422 εἲ
746 1379 791 1421 δὲ
818 1378 926 1422 κατὰ
957 1377 1238 1435 ἀντιστροφὴν
1267 1381 1352 1420 τῶν
1382 1375 1541 1434 χρόνων
1561 1380 1636 1432 τῆς
1655 1372 1761 1436 ἐκοί-Ἰ

223 1456 371 1496 Βστου
400 1449 593 1509 γενέσεως
625 1449 917 1506 ἀπαρίθμησις
946 1447 1191 1506 ἀρχομένοις
1218 1446 1399 1490 ἀπὸτοῦ
1416 1446 1570 1504 Ἰωσὴφ
1581 1447 1651 1489 καὶ
1675 1438 1767 1501 hri-⁸

258 1516 408 1581 γουσιν
431 1521 495 1563 ἐπὶ
528 1518 602 1562 τὸν
624 1517 824 1574 Ῥουβὴν,
855 1517 972 1561 ὀὕτω
1006 1535 1095 1569 πως
1125 1517 1224 1573 ἔχει·
1258 1517 1414 1575 Ἰωσὴφ
1433 1516 1668 1571 δωδέκατος
1686 1516 1755 1559 καὶ

261 1594 435 1648 ἴσχατος
463 1591 549 1633 τῶν
581 1589 625 1632 ἓν
654 1589 966 1648 Μεσοποταμίᾳ
1000 1589 1162 1631 παίδων
1189 1591 1266 1631 ’τοῦ
1290 1587 1444 1642 Ἰακὼβ
1470 1584 1669 1644 ἐγεννήθη
1693 1589 1753 1645 ‘cti-⁶

264 1660 327 1708 *ια’
350 1661 427 1705 ἴτει
448 1658 577 1704 αὐτοῦ
598 1660 643 1702 ἐκ
660 1664 736 1715 τῆς
751 1656 903 1715 Ῥαχὴλ
920 1662 1086 1716 πρῶτος
1100 1672 1111 1683 ·
1135 1658 1267 1702 Δείνα
1291 1655 1497 1708 ἕπτάπαις
1513 1658 1652 1707 Λείας
1673 1655 1753 1714 πρὸ
1765 1668 1800 1703 2(

263 1731 354 1783 ἑνὸς
366 1731 484 1782 ἔτους
496 1728 655 1787 Ἰωσὴφ
663 1727 863 1787 ἐγεννήθη
882 1733 941 1789 τῷ
964 1726 996 1771 '³'
1015 1727 1094 1772 ἔτει
1110 1727 1263 1784 Ἰακώβ
1282 1725 1492 1784 ἑνδεκάτη.
1522 1726 1758 1783 Ζαβουλὼν

356 1832 393 1867 2.
418 1830 471 1878 τῷ
491 1826 533 1886 6}
552 1829 662 1877 τρίτῳ
682 1828 723 1863 Β.
747 1828 820 1864 τοῦ
839 1826 881 1865 δὲ
899 1829 1027 1874 τρίτου
1052 1828 1101 1864 G.
1193 1825 1229 1864 4.
1254 1824 1373 1864 αὐτὸν
1397 1827 1438 1862 Β.
1499 1855 1509 1863 .
1531 1820 1580 1873 ἦν
1606 1825 1687 1861 add.
1713 1825 1756 1860 A.

327 1894 331 1899 ¹
433 1879 469 1913 7.
503 1877 608 1921 ημῖν]
643 1873 749 1922 ἡμεῖς
766 1876 814 1910 G.
936 1878 969 1912 8.
1002 1872 1080 1920 ι,ι>ι’]
1110 1872 1142 1913 ‘a'
1164 1875 1212 1909 G.
1327 1877 1383 1911 11.
1415 1872 1490 1920 πρὸ
1514 1886 1559 1908 ιιι.
1592 1872 1689 1918 πρὸς
1710 1874 1757 1907 G.

402 1948 405 1951 -
425 1922 618 1970 νεμομένα)
637 1925 727 1959 ΑΒ..
811 1920 867 1958 14.
893 1921 1038 1981 ρονβὴη
1054 1923 1084 1957 Β
1105 1933 1169 1970 per
1185 1924 1294 1957 totam
1317 1933 1353 1967 p.
1373 1923 1451 1959 112.
1479 1920 1622 1970 Ρουβὶμ
1644 1921 1693 1956 G.

359 1972 416 2008 17.
444 1969 648 2017 ἀρχομένης
660 1972 707 2006 G.
731 1967 876 2016 γένοιτο
898 1969 1105 2016 ἀρχομενης
1119 1982 1163 2004 m.
1257 1968 1441 2015 ληγούσης
1460 1968 1508 2005 G.
1603 1969 1659 2005 18.
1685 1965 1758 2014 ἔχει

358 2019 434 2054 Bm.
460 2017 554 2066 ἔχειν
573 2019 621 2053 G.
737 2016 865 2064 ἰωσὴφ
884 2018 958 2052 Βιιι.
985 2015 1116 2063 Ιωσὴφ
1137 2014 1179 2054 δὲ
1204 2017 1253 2053 G.

267 2099 343 2136 eius
362 2098 494 2135 decimo
519 2098 710 2142 numerari,
735 2101 867 2145 septem
894 2097 1052 2133 nimirum
1069 2097 1264 2133 fertilitatis
1287 2097 1386 2133 annis
1409 2096 1558 2144 elapsis,
1581 2095 1683 2132 famis
1703 2096 1760 2130 in-

265 2147 474 2194 valescentis
497 2148 602 2182 tertio
635 2147 790 2193 profecto
816 2146 925 2180 Isra'e'l
953 2145 989 2180 in
1017 2147 1238 2192 Aegyptum,
1262 2146 1391 2181 aetatis
1416 2145 1520 2180 Iacob
1542 2145 1632 2186 130,
1657 2146 1760 2190 prout

266 2194 346 2240 ipse
374 2205 395 2228 a
414 2195 594 2230 Pharaone
619 2194 856 2239 interrogatus
891 2192 1022 2228 retulit.
1069 2192 1196 2238 Ioseph
1222 2203 1313 2227 vero
1338 2191 1638 2238 quadragenarius
1671 2195 1760 2233 erat,

266 2241 474 2278 tricenarius
493 2241 660 2288 siquidem
674 2241 711 2276 in
729 2239 939 2286 Aegyptiaci
958 2239 1096 2286 imperii
1111 2239 1208 2274 venit
1224 2241 1454 2282 consortium,
1480 2251 1521 2274 ac
1538 2243 1618 2284 post
1636 2249 1761 2273 annum

269 2287 437 2323 decimum
463 2294 597 2335 patrem
619 2299 659 2322 ac
685 2288 815 2323 fratres
845 2287 1020 2335 suscepit,
1046 2290 1154 2333 atque
1187 2298 1228 2321 ex
1256 2286 1312 2321 his
1338 2286 1406 2321 alia
1432 2286 1590 2333 quaestio
1615 2285 1759 2332 cognitu

269 2346 337 2370 non
357 2334 488 2370 inutilis
510 2338 670 2381 superest
691 2334 906 2369 elucidanda.
954 2334 1082 2380 Ioseph
1100 2333 1255 2369 nimirum
1275 2333 1371 2368 circa
1387 2335 1432 2371 91
1451 2333 1554 2368 Iacob
1575 2344 1698 2367 annum
1716 2343 1760 2366 ex

269 2386 381 2416 matre
404 2381 537 2417 Rachel
561 2382 595 2416 in
622 2381 731 2416 lucem
757 2381 913 2425 venisse,
938 2381 1110 2428 susceptis
1141 2380 1239 2428 prius
1264 2380 1386 2416 liberis
1401 2406 1410 2423 ‚
1435 2379 1594 2415 masculis
1619 2379 1760 2426 quidem

211 2462 220 2473 ,
270 2428 411 2471 decem,
435 2428 538 2464 unica
555 2440 640 2463 vero
661 2428 776 2475 puella
793 2428 927 2468 nomine
942 2428 1046 2463 Dina.
1096 2428 1180 2463 Istis
1210 2428 1333 2463 ordine
1351 2427 1560 2474 retrogrado
1587 2427 1686 2462 annis
1715 2426 1759 2461 ad

270 2474 382 2510 minus
399 2475 556 2510 undecim
574 2479 654 2510 ante
672 2475 799 2522 Ioseph
813 2476 906 2510 natis
917 2501 927 2518 ‚
951 2487 1017 2511 uno
1036 2475 1192 2510 nimirum
1210 2474 1246 2510 in
1265 2475 1420 2522 singulos
1438 2485 1543 2510 annos
1559 2473 1762 2515 distributo,

272 2522 460 2563 secundum
488 2522 690 2557 numerandi
716 2522 828 2568 legem
858 2527 994 2557 constat
1017 2523 1105 2558 Levi
1130 2524 1176 2559 82
1195 2521 1320 2557 aetatis
1339 2522 1443 2557 Iacob
1461 2527 1585 2556 ortum.
1634 2520 1763 2555 Susce-

271 2569 327 2616 pit
351 2569 462 2616 igitur
494 2569 532 2603 in
557 2569 811 2615 Mesopotamia
842 2569 933 2604 filios
950 2570 986 2604 in
1006 2570 1206 2605 universum
1225 2569 1343 2604 decem
1365 2572 1400 2604 et
1416 2569 1540 2604 Dinam
1559 2567 1664 2602 filiam
1684 2567 1765 2602 uni-

272 2627 347 2651 cam
373 2628 414 2651 ac
433 2615 579 2651 omnium
603 2615 811 2651 novissimus
838 2617 887 2662 (a
906 2617 1038 2652 Rubem
1059 2628 1206 2663 namque
1227 2615 1448 2651 duodecimus
1466 2615 1539 2659 est)
1560 2615 1690 2660 primus
1709 2613 1764 2648 ni-

270 2662 464 2707 hilominus
487 2674 531 2698 ex
561 2663 715 2705 Rachel,
740 2663 834 2697 circa
861 2665 906 2699 91
936 2664 1010 2698 eius
1038 2675 1161 2699 annum
1191 2668 1294 2698 natus
1316 2668 1371 2698 est
1397 2662 1543 2708 Ioseph,
1568 2665 1671 2707 prout
1696 2660 1765 2696 iam

271 2709 410 2745 abunde
428 2709 747 2746 demonstravimus.
793 2709 1015 2755 Retrograda
1030 2711 1150 2757 itaque
1163 2710 1273 2752 serie,
1297 2709 1400 2744 ducto
1421 2710 1466 2744 ab
1483 2709 1611 2754 Ioseph
1630 2707 1763 2755 princi-

272 2755 331 2803 pio
366 2760 404 2792 et
431 2757 501 2792 fine
524 2757 561 2792 in
594 2757 727 2792 Rubem
758 2756 894 2803 posito,
929 2757 1141 2802 singularum
1171 2757 1432 2803 generationum
1465 2755 1495 2791 si
1529 2755 1594 2790 fiat
1625 2766 1764 2791 enume-

270 2803 381 2847 ratio,
405 2804 471 2839 hoc
490 2807 595 2851 pacto
620 2815 659 2838 se
679 2803 796 2838 habet.
846 2803 1078 2839 Duodecimus
1099 2810 1134 2839 et
1154 2803 1357 2839 novissimus
1374 2802 1520 2838 filiorum
1539 2802 1646 2837 Iacob
1663 2805 1765 2837 natus

270 2854 325 2886 est
349 2848 474 2898 Ioseph
503 2850 636 2886 Rachel
661 2850 911 2896 primogenitus
934 2850 971 2885 in
1003 2850 1255 2898 Mesopotamia
1288 2861 1376 2886 anno
1406 2850 1519 2895 patris
1554 2850 1613 2886 91.
1669 2848 1765 2884 Dina

270 2898 417 2944 septimo
445 2897 531 2934 Liae
564 2902 690 2945 partu,
728 2902 809 2932 ante
838 2897 968 2933 natalia
995 2898 1121 2944 Ioseph
1150 2909 1238 2933 anno
1270 2909 1364 2940 uno,
1395 2897 1542 2932 filiorum
1571 2895 1763 2937 undecima,

270 2944 384 2990 patris
410 2944 515 2982 Iacob
541 2942 631 2982 anno
654 2943 875 2991 nonagesimo
902 2944 1011 2981 lucem
1029 2944 1215 2993 adspexit3
1238 2944 1396 2982 zabulon
1412 2947 1532 2981 sexma
1551 2942 1639 2980 Liae
1658 2942 1763 2984 filius,
