1800 3236
578 164 1104 210 CHRONOGRAPHIA.
1460 157 1564 212 579

66 273 431 335 ἓπισημαινόμεθα
456 282 547 328 τοῖς
573 275 771 333 ἀγνοοῦσι
803 274 862 320 τὰ
889 275 988 333 τρία
1019 271 1182 320 τούτων
1198 270 1432 332 Ἀντιγόνου
1450 278 1563 336 λογί-
1586 289 1630 328 1³,
1652 291 1724 329 306

67 349 230 402 ζεσθαι.
268 351 328 407 τῷ
364 347 446 405 γὰρ
477 345 544 390 λα’
576 346 656 390 ἔτει
683 344 889 404 ιΥρκανοῦ
920 347 1149 403 καταχθεὶς
1175 343 1258 388 ὑπὸ
1287 342 1487 403 Πάρθων
1511 350 1568 400 εἷς

65 417 146 474 τὴν
183 417 318 475 ἀρχὴν
348 421 434 461 τῶν
454 416 672 460 Ἰουδαίων
701 423 849 473 κρατεῖ
870 416 948 472 μέν
969 415 1102 473 αὗτῆς
1120 417 1254 469 ζῶντα
1275 414 1351 458 τὸν
1364 413 1569 474 “Υρκανόν

60 485 370 545 χειρωσάμενος
392 488 461 531 καὶ
496 494 586 538 τοῖς
615 486 785 530 ὀδοῦσιν
807 485 1027 541 ἀποτεμὼν
1052 484 1185 539 αὐτοῦ
1207 484 1262 529 τὰ
1284 479 1399 540 ὦτα,
1435 483 1492 538 ὥς
1515 486 1568 532 ἂν

36 556 128 613 5μὴ
162 556 212 600 τὸ
240 557 388 601 λοιπὸν
416 555 641 614 ἱερατεύοι,
678 558 747 599 καὶ
787 554 991 613 Πάρθοις
1024 557 1241 600 ἐκδίδωσιν
1268 553 1379 612 ἄγειν
1408 557 1467 607 εἷς
1493 556 1570 613 τὴν

66 624 293 684 Περσικήν.
334 626 498 684 ἀναιρεῖ
521 627 567 670 δὲ
589 624 819 683 Φασάηλον
840 626 1023 685 ἀδελφὸν
1040 624 1234 681 Ἡρώδου
1255 626 1324 668 καὶ
1345 625 1571 683 φυγαδεῦει

64 701 218 741 τοῦτον
247 696 384 741 πολλὰ
417 694 777 755 καταδραμόντων
808 695 939 740 αὐτοῦ
963 694 1162 754 Πάρθων
1181 696 1248 739 ἐπὶ
1270 694 1347 752 τὴν
1359 695 1569 741 Ἰουδαίαν

64 765 172 823 μετὰ
197 767 360 825 μητρὸς
379 769 448 811 καὶ
468 771 542 823 τῆς
563 767 810 824 συγγενείας.
849 763 1077 825 φεύγοντος
1087 763 1283 824 Ἡρώδου
1303 767 1372 809 καὶ
1393 764 1571 819 τούτους

63 834 265 888 πολλάκις
281 837 450 898 πολέμῳ
468 837 739 895 τρεπομένου,
760 838 829 880 καὶ
848 833 1263 895 κατασφαττόμενος,
1303 834 1351 886 ὃς
1370 834 1570 889 πολλάκις

6 919 55 955 10
65 907 172 966 πρὸς
199 905 402 963 Μάλιχον
420 905 612 965 Ἀράβων
633 906 812 962 βασιλέα
833 910 1014 964 θαρρῶν
1037 903 1307 963 καταφεύγει,
1344 904 1428 962 ἤδη
1461 924 1568 964 προ-

64 977 378 1035 ευεργετημένοι·
389 1010 404 1031 ,
443 977 493 1021 οὗ
524 978 801 1034 προσδεχθεὶς
830 976 877 1019 δὲ
908 974 1030 1035 φόβῳ
1053 980 1137 1019 τῶν
1156 972 1356 1032 Πάρθων
1377 977 1433 1026 εἷς
1448 976 1605 1021 {Aac-B

64 1045 287 1105 ξάνδρειαν
319 1046 482 1104 ἔρχεται
511 1046 619 1105 πρὸς
655 1043 947 1103 Κλεοπάτραν.
985 1047 1199 1098 δεξιωθεὶς
1217 1041 1292 1089 οὖν
1311 1045 1415 1102 παρ’
1438 1046 1570 1103 αὐτῆς

63 1118 133 1161 καὶ
171 1116 249 1174 τὴν
280 1117 511 1172 ἐπιμέλειαν
543 1121 619 1173 τῇς
650 1114 728 1160 ὕπ’
771 1115 904 1173 αὐτὴν
933 1114 1039 1171 ἔχειν
1068 1115 1202 1174 ἀρχῆς
1224 1113 1475 1171 ἀνεβάλλετο
1496 1117 1567 1160 διὰ

62 1187 140 1244 τὴν
170 1187 275 1245 πρὸς
291 1185 511 1232 Ἀντώνιον
531 1187 598 1230 ἐπὶ
614 1184 777 1243 Ῥώμην
797 1187 867 1230 καὶ
886 1186 1140 1244 Αὔγουστον
1161 1187 1359 1243 πορείαν,
1398 1183 1456 1237 ὥς
1472 1184 1563 1230 Ἰώ-
1583 1190 1626 1226 V.
1649 1187 1720 1227 244

8 1267 53 1304 15
66 1274 252 1314 σηππος,
290 1255 348 1309 ὥς
365 1258 411 1301 δὲ
421 1256 694 1315 Ἀφρικανὸς,
735 1256 812 1301 σὺν
831 1255 939 1315 αὐτῇ
959 1256 1064 1315 πρὸς
1079 1254 1301 1300 Ἀντώνιον
1320 1250 1428 1312 ἦλθε
1436 1289 1451 1310 ,
1487 1256 1566 1300 κᾶ-

64 1335 198 1379 κεῖνος
226 1327 342 1386 παρὰ
364 1327 438 1371 τὸν
461 1326 679 1382 Σεβαστὸν
694 1325 940 1371 Ὀκταούιον
960 1329 1020 1377 εἷς
1038 1324 1202 1382 Ῥώμην
1225 1325 1354 1370 αὐτὸν
1375 1324 1565 1371 ἔστειλεν.

65 1395 88 1441 ὅ
110 1398 155 1441 δὲ
189 1397 259 1441 διὰ
279 1397 328 1441 τὸ
344 1397 656 1454 τόνἈντίγονον
676 1394 757 1440 ὕπὸ
787 1395 987 1453 Πάρθων
1008 1397 1177 1453 ἐχθρῶν
1198 1394 1331 1439 ὄντων
1348 1392 1569 1450 Ῥωμαίοις

63 1472 270 1526 κρατῆσαι
289 1471 366 1524 τῆς
384 1467 541 1525 ἀρχῆς,
581 1465 651 1509 διά
671 1485 714 1510 τε
735 1466 809 1510 τὸν
830 1466 961 1511 αὐτοῦ
985 1468 1145 1523 πατέρα
1162 1465 1433 1522 Ἀντίπατρον
1456 1482 1567 1521 συμ-

62 1536 317 1594 μαχήσαντα
339 1535 561 1593 Ῥωμαίοις
580 1537 648 1579 καὶ
666 1536 795 1580 αὐτὸν
816 1535 1036 1594 Ἡρώδην,
1073 1534 1223 1594 γράφει
1246 1542 1334 1586 τοῖς
1351 1534 1460 1578 κατὰ
1479 1539 1568 1580 Συ-

5 1610 160 1666 ἓοριάν
196 1613 447 1665 στρατηγοῖς
475 1604 666 1663 κατάγειν
691 1604 888 1665 εΗρώδην
911 1599 1075 1662 ἒπῖτὴν
1093 1606 1312 1661 βασιλείαν
1329 1605 1600 1659 Ἰουδαίων,ο

65 1679 232 1723 Σωσίου
256 1677 331 1721 τὸν
350 1677 456 1736 πρὸς
478 1677 713 1733 Ἀντίγονον
735 1675 915 1733 πόλεμον
936 1675 1232 1735 ἓπιτραπέντος
1250 1672 1333 1719 ὖτό
1354 1678 1432 1719 τοῦ
1452 1677 1567 1720 ,Καί-

64 1765 195 1807 σαρος
205 1781 219 1802 ,
259 1746 306 1799 ὃς
323 1747 429 1792 ἔτεσι
446 1749 581 1806 τρισὶν
598 1745 887 1804 ἐπεκράτησεν.

158 1838 193 1874 1.
216 1833 364 1872 τούτων
385 1848 430 1872 m.
455 1836 572 1880 Vulgo
597 1836 750 1871 τοῦτον.
848 1831 1074 1880 Ἀντιγόνου]
1101 1833 1218 1880 Vulgo
1236 1832 1451 1880 Αντίγονον.
1487 1836 1564 1870 Αν-

157 1881 296 1932 τιγόνφ
319 1895 365 1940 ω’.
458 1885 493 1920 5.
518 1882 636 1929 ἄγειν]
664 1880 766 1927 ἄγων
790 1883 839 1917 G.
933 1884 968 1918 6.
994 1881 1106 1927 Vulgo
1121 1877 1321 1918 Φασᾶϊλον.
1415 1882 1451 1917 8.
1474 1879 1565 1918 τοτ’-

156 1931 263 1976 τους]
283 1943 427 1967 τουτου
444 1942 489 1966 m.
584 1933 618 1967 9.
637 1929 785 1976 πολέμῳ
796 1949 842 1955 -
853 1927 1031 1970 πολλάκις
1043 1940 1106 1963 οιιι.
1120 1928 1164 1963 Β.
1256 1928 1565 1973 κατασφαττομέ·

158 1991 230 2015 νου
247 1990 294 2013 ιιι.
382 1980 438 2016 16.
462 1976 582 2023 παρὰ]
606 1978 691 2022 περὶ
705 1979 752 2014 G.
844 1978 902 2013 17.
919 1975 959 2013 δὲ
973 1975 1092 2011 addidi
1106 1987 1151 2010 ex
1161 1975 1206 2011 A.
1300 1972 1394 2020 ὑπὸ]
1406 1970 1502 2022 ὑπὲρ
1514 1976 1566 2011 G.

62 2053 136 2086 tres
157 2047 385 2094 assignandos
405 2047 565 2083 laterculi
592 2048 694 2083 istius
724 2046 858 2093 ignaris
884 2045 1141 2082 denunciamus.
1188 2045 1287 2081 Anno
1316 2044 1446 2092 quippe
1464 2045 1564 2092 Hyr-

63 2096 141 2131 cani
167 2098 212 2132 31
241 2096 277 2130 in
293 2096 456 2130 Iudaeam
480 2095 650 2130 reductus
679 2107 700 2131 a
720 2094 862 2129 Parthis
879 2093 1013 2128 obtinet
1036 2097 1264 2139 potestatem,
1287 2093 1440 2138 vivoque
1458 2097 1565 2138 capto

62 2145 249 2190 Hyrcano,
281 2154 396 2177 morsu
424 2148 461 2177 et
491 2143 676 2184 dentibus,
702 2154 746 2176 ne
771 2140 969 2176 sacerdotio
995 2140 1143 2186 amplius
1172 2145 1267 2175 esset
1290 2139 1435 2174 idoneus
1460 2150 1564 2173 aures

61 2190 250 2226 detruncat
266 2195 303 2224 et
322 2190 359 2224 in
377 2189 534 2224 Persiam
559 2189 802 2224 abducendum
819 2188 1028 2222 Parthorum
1054 2187 1212 2222 manibus
1238 2186 1417 2232 permittit.
1466 2186 1564 2220 Pha-

63 2237 193 2272 saelum
228 2240 344 2271 antem
374 2237 529 2271 Herodis
564 2237 709 2271 fratrem
734 2235 926 2277 interficit,
958 2233 1172 2281 eundemque
1195 2233 1328 2269 crebris
1354 2232 1561 2267 Parthorum

62 2284 318 2319 incursionibus
335 2295 412 2317 cum
433 2289 546 2318 matre
566 2288 710 2329 totaque
730 2281 941 2328 cognatione
962 2280 1168 2327 insequitur.
1215 2281 1374 2326 Fugiens
1390 2279 1562 2321 Herodes,

64 2342 108 2366 ac
120 2332 323 2376 frequenter
340 2331 525 2365 adversum
544 2331 692 2365 Martem
715 2333 881 2375 expertus
893 2353 904 2370 ,
928 2339 970 2363 ac
987 2333 1120 2363 tantum
1137 2339 1206 2363 non
1223 2331 1397 2362 mactatus
1419 2326 1464 2360 ad
1483 2325 1563 2360 Ma-

61 2378 192 2413 lichum
211 2378 361 2412 Arabum
378 2389 496 2422 regem
515 2376 695 2412 beneficiis
713 2376 870 2422 pluribus
886 2374 954 2410 iam
974 2381 1055 2410 ante
1071 2374 1140 2410 sihi
1157 2374 1358 2410 devinctum
1375 2384 1450 2408 cum
1467 2372 1562 2407 fidu-

62 2424 121 2460 cia
134 2424 296 2459 recurrit.
344 2424 553 2458 Parthorum
571 2428 687 2469 tamen
704 2428 797 2458 metu
822 2422 999 2469 repulsam
1015 2433 1160 2468 passus,
1185 2421 1407 2468 Cleopatram
1432 2429 1561 2453 conve-

63 2471 139 2513 nit,
163 2476 201 2506 et
222 2471 267 2505 ab
285 2482 327 2505 ea
347 2470 581 2506 Alexandriae
606 2477 769 2516 receptus
803 2469 1021 2511 humaniter,
1044 2481 1088 2504 ne
1105 2468 1291 2504 Antonium
1314 2472 1351 2502 et
1369 2468 1559 2511 Augustum

64 2517 225 2553 aditurus
245 2518 386 2553 Romam
401 2522 632 2564 properaret,
657 2518 702 2552 ab
719 2529 762 2552 ea
781 2515 917 2563 imperii
934 2527 1050 2551 curam
1070 2515 1139 2562 ipsi
1164 2515 1350 2561 delegante
1375 2511 1559 2547 detineba-

63 2568 146 2607 tur,
170 2570 211 2599 ut
228 2564 400 2610 Iosephus
421 2562 523 2598 testis
539 2569 616 2606 est,
641 2564 699 2599 vel
718 2569 758 2598 ut
777 2563 986 2606 Africanus,
1010 2563 1054 2598 ad
1071 2562 1254 2597 Antonium
1272 2572 1347 2596 cum
1368 2570 1410 2593 ea
1439 2557 1558 2603 profe-

65 2616 143 2646 ctus
161 2616 237 2654 est,
262 2612 322 2657 qui
340 2622 419 2645 mox
441 2610 679 2645 advenientem
697 2611 742 2645 ad
763 2611 955 2656 Augustum
974 2609 1160 2646 Octavium
1180 2609 1320 2644 Romam
1347 2603 1558 2657 amandavit.

65 2658 173 2700 Quod
191 2662 304 2693 autem
326 2658 519 2703 Antigonus
537 2658 743 2692 Parthorum
762 2657 916 2693 Romano
934 2656 1063 2692 nomini
1076 2656 1289 2691 infensorum
1304 2652 1408 2688 armis
1428 2650 1561 2695 prinei-

63 2710 150 2752 patu
168 2705 362 2751 potiretur,
387 2704 552 2751 quodque
578 2704 766 2750 Antipater
783 2703 939 2740 Herodis
963 2714 1092 2750 parens
1109 2703 1282 2738 Romanos
1297 2699 1377 2733 olim
1396 2697 1485 2731 bello
1501 2695 1559 2750 iu-

62 2752 195 2794 visset,
221 2756 258 2786 et
276 2751 438 2787 Herodes
456 2751 534 2797 ipse
550 2750 595 2785 de
622 2750 744 2787 iisdem
761 2754 855 2787 esset
882 2752 971 2786 bene
985 2750 1151 2791 meritus,
1175 2759 1249 2783 eam
1274 2747 1320 2781 ob
1343 2755 1439 2785 rem,
1461 2745 1504 2776 ut
1520 2752 1558 2776 m

62 2797 216 2833 Iudaeae
233 2809 376 2843 regnum
395 2797 571 2833 Herodem
589 2798 801 2842 restituant,
823 2798 952 2844 Syriae
970 2796 1160 2844 praefectis
1181 2792 1350 2829 octavius
1380 2801 1443 2836 per
1458 2788 1558 2823 litte-

62 2856 122 2879 ras
142 2844 330 2891 siguificat.
374 2845 477 2880 Sosio
497 2844 661 2879 Caesaris
681 2845 771 2880 belli
800 2845 968 2880 adversus
997 2844 1208 2889 Antigonum
1234 2835 1449 2884 suscipiendi
1473 2845 1557 2870 eura

61 2892 265 2935 commissa,
287 2891 324 2927 in
340 2903 450 2928 annos
469 2890 686 2928 tresfieinds
702 2891 911 2941 productum
929 2894 997 2927 est.
