1754 3236
153 159 220 207 40
620 158 873 206 GEORGII
901 156 1189 205 SYNCELLI

156 292 218 327 οις
229 273 391 332 Παχὼν
410 270 482 329 κε’,
519 272 614 331 ἤτοι
635 275 711 317 τοῦ
738 269 847 315 κατὰ
865 268 1099 328 Ῥωμαίους
1109 271 1262 316 Μαΐου
1282 265 1319 312 κ’
1338 265 1490 328 ἡμέρᾳ,
1512 261 1661 324 πρώτῃ

155 350 233 404 τῆς
255 342 493 402 ἑβδομάδος
504 378 518 399 ,
558 342 616 395 ὥς
635 358 744 396 τισιν
764 341 878 394 ἔδοξε
891 376 906 398 ,
942 339 1117 398 σελήνης
1139 341 1185 385 δὲ
1207 338 1281 395 κζ’.
1319 340 1362 384 ἓν
1384 332 1412 399 ᾗ
1439 336 1615 382 ἔκλεισεν
1638 333 1660 379 ὃ

155 416 260 468 θεὸς
279 415 356 473 τὴν
375 415 554 473 κιβωτὸν
577 413 736 466 ἔξωθεν
746 445 761 467 ,
802 409 859 463 ὥς
879 412 934 456 τὰ
955 410 1186 470 ἶερὰλόγια
1217 409 1392 470 φάσκει,
1430 409 1502 454 καὶ
1531 404 1663 468 ἄνεῴ-

154 491 329 544 χθησαν
349 486 389 530 οἳ
419 482 707 544 καταρράκται
726 486 802 527 τοῦ
825 482 1010 541 οὐρανοῦ
1030 483 1099 527 καὶ
1127 483 1171 526 αἱ
1204 482 1332 540 πηγαὶ
1359 484 1437 537 τῆς
1470 476 1663 536 ἀβύσσου

157 555 393 616 ἕρράγησαν
426 557 493 601 ἐπὶ
517 550 677 614 ἡμέρας
698 552 1039 612 τεσσαράκοντα,
1076 552 1205 610 ἤγουν
1226 552 1348 610 μέχρι
1373 554 1450 608 τῆς
1472 549 1694 606 πέμπτηςξῐ

158 632 235 672 τοῦ
266 625 467 687 τετάρτου
506 626 637 684 μηνὸς
670 625 778 669 καθ’
811 621 1036 683 Ἑβραίους
1070 625 1256 680 Θαμνεὶ,
1296 626 1358 683 τῷ
1377 621 1542 680 Ἐπιφεὶ
1565 619 1659 664 κατ’

156 699 417 756 Αἰγυπτίους
440 699 541 755 μηνὶ
561 694 789 756 ἑνδεκάτῳ,
827 693 997 755 ἑβδόμῳ
1019 695 1065 738 δὲ
1083 693 1201 752 παρὰ
1223 692 1445 749 Ῥωμαίοις
1456 725 1471 746 ,
1509 695 1571 752 τῷ
1597 691 1670 734 καὶ

26 771 67 809 P·
93 774 139 812 23
155 769 304 829 Ιουλίῳ
317 803 331 823 ,
368 768 536 827 πέμπτῃ
567 768 696 826 φασὶν
724 764 860 827 ἡμέρᾳ
887 769 965 822 τῆς
984 762 1222 822 ἑβδομάδος
1229 798 1244 819 ,
1284 763 1394 808 κατὰ
1422 763 1470 807 δὲ
1491 760 1671 819 σελήνην

159 837 342 898 ἕβδόμῃ·
381 838 404 883 ὃ
439 840 509 883 καὶ
535 835 883 898 παραδοξότατον
915 831 994 893 ἦν,
1033 836 1076 879 ἓν
1104 834 1217 894 ἀκμῇ
1247 838 1323 892 τῆς
1347 837 1521 893 θερινῆς
1555 831 1670 892 ὥρας

161 902 378 961 τοιούτους
410 908 597 968 ὄμβρους
627 906 854 967 ὑπερφυῶς
885 907 1156 966 ἓπιρραγῆναι
1183 909 1244 966 τῷ
1274 902 1420 965 κόσμῳ
1447 903 1508 948 δι’
1539 902 1669 963 ὗπερ-
1682 917 1728 954 10

162 980 296 1038 βολὴν
323 978 543 1040 ἁμαρτίας.
582 976 819 1035 πνεύματος
848 978 894 1022 δὲ
920 982 972 1036 τῇ
1005 981 1057 1037 γῇ
1075 976 1183 1021 κατὰ
1205 977 1328 1021 θείαν
1349 972 1672 1027 ἐπιπνεύσαντος

163 1048 392 1109 πρόσταξιν
420 1050 529 1108 μετὰ
546 1050 637 1101 ντὰς
653 1048 802 1093 ἑκατὸν
820 1047 1079 1106 πεντήκοντα
1098 1046 1259 1106 ἡμέρας
1286 1044 1673 1108 ήρξατοζέλαττοῦ-

164 1125 274 1167 σθαι
309 1120 358 1165 τὸ
389 1120 504 1180 ὕδωρ
540 1120 622 1165 ἀπὸ
651 1122 839 1177 εἷκοστῆς
867 1117 1070 1178 τετάρτης
1090 1123 1167 1163 τοῦ
1190 1117 1294 1176 παρ’
1314 1115 1526 1177 Ἑβραίοις
1547 1114 1674 1173 ἕβδό-

163 1199 247 1248 μου
267 1191 400 1251 μηνὸς
421 1193 592 1251 Θεελεὶφ
603 1225 618 1246 ,
658 1190 852 1249 δευτέρου
875 1191 920 1234 δὲ
941 1189 1037 1234 κατ’
1059 1191 1323 1248 Αἰγυπτίους
1350 1190 1508 1248 Φαωφὶ
1532 1189 1674 1232 ἐννεα-

125 1260 391 1321 Βκαιδεκάτῃ
401 1258 419 1317 ,’
454 1261 548 1319 ἤτοι
572 1261 680 1306 κατὰ
693 1260 924 1319 Ῥωμαίους
942 1258 1102 1322 δεκάτῳ
1125 1262 1226 1318 μηνὶ
1242 1260 1488 1322 Ὀκτωβρίῳ
1498 1293 1513 1315 ,
1549 1260 1673 1319 τρίτῃ
1686 1274 1742 1323 15⁴

163 1337 241 1390 τῆς
281 1330 520 1402 ἑβδομάδος
555 1331 716 1394 ἡμέρᾳ,
750 1330 947 1390 σελήνης,
985 1331 1043 1384 ὥς
1074 1348 1205 1392 φασι,
1243 1332 1464 1392 νεομηνία,
1505 1329 1583 1382 ἕως
1617 1328 1673 1375 ια’

159 1401 384 1462 Ἑβραὶκοῧ
403 1403 537 1460 μηνὸς
556 1403 709 1460 Σαβὰτ
725 1408 802 1461 τῆς
820 1404 1064 1461 νεομηνίας,
1101 1402 1197 1461 η’τοι
1217 1400 1274 1447 κε’
1297 1406 1373 1447 τοῦ
1397 1403 1557 1458 Τυβὶτ,
1597 1406 1674 1446 τοῦ

164 1475 235 1518 καὶ
258 1474 517 1532 Ἰανουαρίου
548 1474 683 1532 μηνὸς
713 1472 883 1534 πρώτου
917 1474 1026 1518 κατὰ
1045 1472 1301 1531 Ῥωμαίους,
1338 1471 1476 1534 ἡμέρῳ
1500 1473 1677 1535 δευτέρῳ

162 1548 241 1601 τῆς
258 1542 497 1600 ἑβδομάδος
502 1578 517 1600 ,
556 1542 731 1602 σελήνης
752 1543 929 1604 δεκάτῃ,
970 1543 1167 1590 ἐκάθισεν
1186 1543 1213 1602 ἦ
1240 1543 1420 1601 κιβωτὸς
1436 1545 1502 1588 ἐπὶ
1522 1543 1576 1588 τὰ
1595 1543 1675 1603 ι’)’ρη

162 1614 218 1658 τὰ
236 1613 422 1673 Ἀραρὰτ
431 1648 446 1670 ,
489 1614 611 1660 τοῦτ’
641 1615 729 1660 ἔστι
747 1621 823 1674 τῆς
839 1616 1069 1676 Ἀρμενίας.
1109 1618 1179 1660 καὶ
1201 1614 1415 1675 ὤφθησαν
1435 1615 1479 1660 αἱ
1495 1617 1674 1675 κεφαλαὶ
1684 1629 1734 1666 20

163 1689 250 1729 τῶν
287 1676 440 1744 ὂρὲων,
479 1687 548 1729 καὶ
574 1685 681 1743 μεθ’
717 1684 877 1746 ἡμέρας
906 1685 952 1745 μ’
982 1687 1239 1740 ἐξαπέστειλε
1261 1689 1361 1731 Νῶε
1394 1685 1466 1730 διὰ
1494 1688 1677 1745 θυρίδος

165 1759 243 1813 τῆς
282 1759 462 1812 κιβωτοῦ
496 1757 570 1800 τὸν
603 1755 765 1817 κόρακα
801 1760 903 1802 ἲδεΐν
940 1760 976 1803 εἰ
1005 1755 1205 1803 κέκόπακε
1232 1757 1281 1805 τὸ
1303 1756 1446 1817 ὕδωρ,
1485 1761 1538 1816 τῇ
1561 1755 1676 1802 ἔνδε-

261 1848 295 1883 1-
320 1842 503 1890 ρωμαῖοις
526 1844 619 1892 (sic)
643 1846 686 1882 A.
782 1850 817 1885 2.
851 1847 918 1895 τῆς
941 1847 1020 1884 add.
1044 1847 1089 1884 A.
1190 1849 1227 1885 3.
1261 1843 1396 1894 λόγια]
1434 1846 1568 1882 Genes.
1594 1846 1675 1883 VII.

328 1894 362 1928 6.
396 1889 483 1928 κατ’
501 1891 669 1940 ἐβραῖοις
691 1893 782 1942 (sic)
807 1897 952 1943 θαμνεῖ
972 1896 1015 1931 Α.
1107 1893 1241 1942 ἔπιφεῖ
1269 1895 1313 1929 Α.
1398 1895 1433 1932 7.
1460 1893 1609 1954 ἑβδόμῳ
1626 1914 1676 1921 --

256 1933 419 1986 Ἰουλίῳ]
449 1939 599 1989 ἓκτῳ-
617 1943 756 1991 Ιουνίῳ
777 1956 822 1980 ιιι.
920 1941 976 1980 14.
1008 1939 1094 1980 κατ’
1118 1942 1363 1991 Αἰγυπτίους]
1390 1955 1462 1978 κατ
1505 1943 1678 1990 αἰγυπτί-

259 1999 319 2028 οις
346 1987 385 2022 Α.
408 1991 490 2030 τοῖς
506 1989 554 2026 Αἰ
575 1990 722 2033 υπτίοις
745 1991 795 2026 G.
891 1992 1033 2039 φαωφῖ
1053 1992 1097 2028 A·
1192 1991 1249 2028 17.
1279 1985 1345 2037 κε’]
1370 1988 1422 2035 κζ
1446 2002 1491 2027 m.
1607 1991 1679 2028 τοῦ

259 2034 324 2071 καὶ
350 2035 392 2069 Α.
416 2033 524 2073 τοῦτ’
566 2036 629 2074 ’στι
652 2038 701 2073 G.

166 2105 226 2141 27.
244 2105 497 2151 Aegyptiorum
516 2107 661 2144 Pachon
678 2109 736 2146 25.
753 2108 843 2145 Maii
862 2110 1095 2146 Romanorum
1121 2110 1181 2146 20.
1212 2109 1323 2157 primo
1340 2107 1577 2145 hebdomades
1606 2107 1679 2152 die,

168 2156 209 2186 ut
226 2153 408 2207 ‚nonnullis
433 2154 597 2200 placitum
626 2160 701 2199 est,
734 2156 837 2192 lunae
869 2159 928 2196 27.
961 2170 1052 2205 quo,
1089 2169 1190 2193 sacro
1226 2161 1380 2193 testante
1417 2168 1594 2200 sermone,
1633 2157 1680 2192 de

169 2199 256 2234 fons
290 2211 406 2236 arcam
434 2202 520 2237 deus
554 2204 745 2247 conclusit,
780 2208 817 2239 et
843 2205 932 2240 caeli
968 2209 1188 2241 catarractae
1220 2211 1301 2241 sunt
1335 2208 1503 2251 apertae,
1543 2209 1580 2240 et
1614 2215 1680 2250 per

168 2245 402 2292 quadraginta
459 2249 535 2285 dies
579 2251 699 2297 abyssi
751 2252 867 2287 fontes
918 2253 1147 2299 irrupuerunt
1188 2264 1302 2300 usque
1341 2253 1386 2287 ad
1424 2250 1544 2298 quarti
1582 2263 1680 2287 men-

170 2293 219 2328 sis
241 2292 413 2329 Thamnei
428 2295 602 2332 Hebraeis
620 2298 739 2333 vocati
756 2298 847 2334 diem
866 2305 1020 2344 sextum,
1046 2299 1181 2347 Epiphi
1197 2299 1452 2347 Aegyptiorum
1473 2311 1591 2334 mense
1611 2310 1681 2334 un-

170 2340 324 2383 decimo,
347 2341 579 2379 Ramanorum
602 2349 724 2389 sexto,
748 2346 809 2393 qui
828 2352 864 2382 et
882 2348 992 2382 Iulius
1012 2347 1126 2383 dictus
1148 2351 1214 2391 est,
1239 2348 1375 2394 quinto,
1400 2351 1441 2382 ut
1457 2346 1567 2389 aiunt,
1591 2347 1680 2381 heb-

172 2387 361 2431 domandos,
387 2390 531 2435 septimo
558 2404 643 2427 vero
671 2392 778 2429 lunae
805 2394 883 2429 die:
909 2395 1071 2441 quodque
1099 2394 1221 2430 mirum
1252 2395 1349 2430 dictu
1367 2396 1404 2428 et
1431 2393 1592 2437 creditu,
1618 2393 1681 2429 vi·-

168 2439 276 2481 gente
292 2434 371 2482 ipsa
387 2438 509 2472 messis
529 2441 736 2485 tempestate
748 2466 760 2484 ‚
783 2441 872 2476 tales
905 2454 947 2477 ac
972 2446 1044 2477 tam
1066 2442 1201 2489 copiosi
1220 2442 1348 2477 imbres
1372 2445 1514 2488 praeter
1532 2446 1683 2476 naturae

170 2493 330 2525 cursum,
355 2484 579 2521 humanorum
610 2492 726 2521 tamen
756 2488 935 2524 criminum
952 2501 1097 2525 excessu
1117 2489 1324 2536 provocati,
1349 2489 1469 2524 orbem
1485 2487 1684 2523 inundave-

169 2533 256 2565 runt
271 2529 479 2566 universum.
528 2532 661 2568 Diebus
679 2545 764 2570 vero
784 2541 921 2571 centum
946 2541 982 2572 et
1002 2538 1259 2583 quinquaginta
1286 2536 1447 2579 exactis,
1471 2538 1598 2578 vento,
1624 2534 1684 2570 dei

171 2576 271 2611 iussu
296 2579 426 2613 terram
458 2579 649 2624 perflante,
691 2581 867 2629 Theeliph
906 2583 1044 2630 septimi
1079 2585 1322 2620 Hebraeorum
1355 2583 1482 2618 mensis
1516 2582 1683 2617 vicesimo

172 2627 320 2669 quarto,
353 2625 513 2672 Phaophi
539 2627 794 2675 Aegyptiorum
820 2630 961 2676 septimi
987 2631 1121 2667 decimo
1150 2643 1262 2674 nono,
1294 2631 1333 2666 id
1352 2635 1426 2673 est,
1449 2629 1684 2665 Romanorum

171 2671 323 2707 Octobri
350 2684 468 2708 mense
489 2673 647 2716 decimo,
670 2676 778 2711 tertio
804 2677 1039 2713 hebdomados
1061 2679 1140 2721 die,
1172 2679 1278 2722 luna,
1311 2681 1419 2724 prout
1444 2677 1587 2720 ferunt,
1624 2688 1684 2711 re-

173 2723 324 2762 novata3
362 2730 474 2767 usque
504 2720 549 2756 ad
581 2722 692 2757 Sabat
721 2723 896 2759 undecimi
921 2726 1050 2762 mensis
1078 2726 1250 2761 Hebraici
1281 2723 1493 2760 novilunium
1524 2724 1684 2767 alterum,

173 2765 290 2811 'l'ybit
318 2766 532 2814 Aegyptiaci
564 2768 730 2805 vicesimo
765 2771 934 2817 septimo,
967 2773 1129 2808 Ianuario
1158 2784 1283 2818 nempe
1309 2772 1542 2807 Romanorum
1568 2782 1687 2807 mense

173 2813 307 2859 primo,
333 2815 486 2850 secundo
506 2815 740 2852 hebdomados
766 2818 846 2861 die,
869 2820 972 2854 lunae
1002 2822 1059 2862 10,
1083 2820 1121 2855 in
1147 2820 1319 2855 montibus
1339 2821 1488 2861 Ararat,
1512 2818 1574 2865 qui
1605 2821 1688 2854 sunt

173 2860 370 2904 Armeniae,
394 2873 478 2897 arca
495 2863 665 2898 consedit.
702 2864 818 2899 Tunc
836 2866 982 2911 primuni
997 2871 1186 2914 conspecta
1203 2871 1286 2901 sunt
1302 2866 1467 2901 montium
1483 2865 1662 2901 cacumina
1676 2877 1687 2899 ε

175 2910 214 2943 et
230 2908 466 2956 quadraginta
479 2909 602 2947 diebus
622 2910 754 2959 elapsb
771 2912 888 2949 emisit
908 2913 988 2950 Noe
1008 2926 1072 2962 per
1088 2926 1194 2952 arcae
1213 2914 1405 2951 fenestram
1426 2925 1581 2957 corvum,
1606 2924 1687 2950 num
1718 2955 1722 2959 ⁶
