1800 3236
247 211 352 262 242
733 218 990 266 GEORGII
1017 217 1306 266 SYNCELLI

248 350 293 378 τε
316 331 394 377 σῦν
417 334 478 392 τῷ
503 325 659 388 πλήθει
691 331 790 375 ποσὶ
818 331 993 387 διῆλθεν
1021 328 1222 390 ἄβρόχοις
1249 328 1448 388 πυθμένα
1460 363 1476 386 ,
1513 330 1758 376 θαλαττίων

246 405 422 461 τείχεσιν
437 397 607 446 ὗδάτων
625 402 694 445 καὶ
711 398 908 457 κυμάτων
926 400 1345 460 περιφρουρούμενος.
1391 401 1432 445 οἳ
1451 401 1497 445 δὲ
1514 398 1758 459 Αἶγύπτιοι,

249 479 325 520 τοῦ
351 477 456 518 θεοῦ
480 469 762 524 συντάξαντος
791 471 934 523 αὐτοῖς
964 471 1042 528 τὴν
1073 472 1347 530 παρεμβολὴν
1378 472 1422 516 ἐν
1454 469 1595 532 στύλῳ
1623 471 1759 531 πυρὸς

183 565 187 570 ’
250 547 320 591 καὶ
340 544 539 604 νεφέλης,
578 540 672 599 ἤτοι
689 545 890 601 βρονταῖς
909 543 977 585 καὶ
997 541 1236 600 ἀστραπαῖς
1263 542 1441 601 ὄμβροις
1461 559 1504 585 τε
1527 543 1595 586 καὶ
1618 540 1759 598 χαλά-

251 619 362 672 ζαις,
400 613 554 673 ἔφυγον
571 610 654 656 ὑπὸ
676 612 725 656 τὸ
748 610 865 671 ὕδωρ
893 616 971 669 τῆς
998 611 1210 672 ἐρυθρᾶς,
1247 614 1319 657 καὶ
1339 612 1538 665 ἐξετίναξε
1564 609 1705 670 κύριος
1731 609 1788 656 65

248 686 354 738 θεὸς
383 683 546 735 πάντας
569 683 668 734 τούς
690 683 952 740 Αἲγυπτιόυς
975 682 1018 725 ἐν
1050 682 1160 742 αὐτῇ
1188 682 1267 728 σὺν
1295 687 1355 743 τῷ
1390 686 1577 743 Φαραῷ,
1616 685 1761 726 Meuia·-

252 757 358 808 σε’ως
376 754 703 814 ἐπιστραφέντος
720 755 789 796 καὶ
808 753 1036 812 ἐγκαρσίαις
1053 757 1106 812 τῇ
1126 751 1275 813 ῥάβδῳ
1295 751 1530 810 πλήξαντος
1549 752 1601 797 τὰ
1617 751 1759 796 ὕδατα

218 829 472 887 Οσταυρικῷ
496 822 641 885 τύπῳ,
680 821 904 882 προστάξει
922 827 1027 867 θεοῦ
1045 837 1055 847 ·
1092 825 1198 882 φασὶ
1218 823 1267 867 δέ
1283 840 1391 874 τινες
1413 822 1759 882 προεκβρασθέν-

251 915 331 949 τας
351 895 615 954 Αἰγυπτίους
640 893 812 952 νεκροὺς
839 891 1039 944 ἐνόπλους
1061 892 1285 953 εὑρεθῆναι
1293 927 1308 948 ,
1347 891 1422 945 οὓς
1442 893 1639 937 Ἰουδαῖοι
1663 894 1759 937 δια-

251 965 404 1026 βάντες
436 963 689 1010 ἐσκύλευσαν
711 963 818 1023 πρός
847 968 907 1023 τῷ
928 963 1076 1023 πέρατι
1106 968 1185 1021 τῆς
1215 965 1417 1023 ἐρυθρᾶς.
1466 960 1688 1022 ἐξάραντες
1713 963 1759 1007 δὲ
1772 974 1800 1010 1(

252 1038 338 1082 ἀπὸ
372 1040 450 1093 τῆς
480 1036 668 1094 ἐρυθρᾶς
694 1030 833 1091 ἦλθον
864 1032 963 1078 ὁδὸν
988 1032 1156 1093 ἡμερῶν
1187 1031 1224 1092 y'
1258 1036 1315 1085 εἷς
1339 1033 1493 1093 ἔρημον
1514 1033 1629 1093 Σοὺρ
1652 1033 1758 1078 ἄνυ-

253 1110 357 1167 δρον
389 1108 503 1164 δίψει
526 1103 803 1166 φρυγόμενοι,
839 1103 951 1148 ἔνθα
975 1103 1100 1149 πάλιν
1127 1105 1353 1156 Μωῢσέως
1379 1102 1759 1157 καταστασιάζουσι

251 1178 378 1223 ὕδατι
397 1181 531 1237 πικρῷ
554 1177 703 1232 λίμνης
728 1174 840 1226 τινὸς
859 1173 1018 1219 ἀπότου
1047 1173 1412 1234 παρεμβάλλοντες
1422 1208 1437 1230 ,
1475 1178 1658 1233 Μερρᾶς
1687 1173 1759 1218 διὰ

252 1253 380 1293 τοῦτο
417 1246 676 1303 καλουμένης
684 1279 699 1301 ,
737 1239 789 1303 ’ἧς
817 1239 866 1289 τὸ
895 1245 1042 1303 πικρὸν
1071 1243 1198 1297 ξύλου
1228 1245 1342 1297 τινὸς
1381 1246 1541 1305 ἐμβολῇ
1562 1248 1761 1302 Μωῢσῆς

254 1316 405 1363 ἰάσατο
428 1316 588 1362 θεόθεν
603 1315 927 1373 ὖποδειχθέντος
956 1319 1014 1368 εἷς
1033 1314 1165 1361 τύπον
1193 1321 1271 1361 τοῦ
1300 1318 1502 1370 ζωοποιοῦ
1532 1313 1659 1368 ξύλου
1680 1319 1757 1360 τοῦ
1769 1322 1800 1359 Ιέ

256 1379 458 1448 σταυροῦ.
497 1388 654 1432 ἐκεῖθεν
665 1382 804 1444 ἦλθον
828 1388 886 1438 εἷς
904 1388 1075 1444 Αἷλεὶμ,
1111 1391 1189 1445 τῆς
1209 1387 1384 1446 νεφέλης
1403 1386 1761 1443 μετανισταμένης

254 1459 400 1511 αὐτοῖς
423 1456 619 1502 ἑκάστοτε
646 1457 754 1501 κατὰ
780 1455 982 1514 βούλησιν
1011 1462 1118 1502 θεοῦ
1149 1455 1371 1513 καῖπάλιν
1405 1457 1628 1513 ἴσταμίνης
1650 1457 1758 1500 κατὰ

218 1529 361 1582 Πτοῦς
377 1527 535 1580 τόπους
547 1533 623 1586 τῆς
645 1525 918 1580 ἀναπαύσεως
935 1525 1222 1585 σημαινούσης
1241 1545 1285 1572 τε
1303 1531 1356 1587 τῇ
1370 1524 1512 1571 στάσει
1529 1526 1606 1579 τὰς
1624 1527 1760 1584 μονὰς

255 1602 325 1645 καὶ
358 1604 411 1659 τῇ
434 1597 588 1657 κινήσει
617 1598 695 1649 τὰς
713 1597 1011 1655 μεταστάσεις,
1056 1598 1119 1642 ἀεὶ
1150 1597 1258 1658 παρ’
1295 1596 1395 1643 ὅλον
1418 1597 1492 1642 τὸν
1505 1595 1662 1656 χρόνον
1680 1601 1758 1655 τῆς

255 1673 298 1717 ἐν
316 1669 460 1732 ἐρήμῳ
488 1672 720 1728 διατριβῆς.
768 1663 889 1729 εὗρον
919 1671 965 1714 δὲ
991 1671 1050 1721 εἷς
1066 1670 1224 1726 Αἲλεὶμ
1245 1666 1301 1726 ιβ’
1323 1667 1459 1726 πηγὰς
1487 1666 1655 1713 ὑδάτων
1675 1686 1754 1712 πο-
1765 1676 1800 1713 2<

351 1761 385 1796 1.
409 1757 462 1804 τε]
487 1757 584 1800 τέως
602 1758 650 1792 G.
762 1756 962 1805 πυθμένας
986 1758 1035 1793 G.
1137 1759 1173 1794 2.
1196 1753 1591 1805 παραφρουρούμενος
1611 1757 1660 1792 G.

347 1809 385 1845 3.
417 1804 574 1852 αὐτοῖς]
610 1806 792 1853 Εβραίοις
816 1818 861 1844 m.
986 1807 1022 1843 5.
1055 1802 1222 1853 ἐρυθρᾶς
1250 1804 1450 1852 θαλάσσης
1475 1805 1523 1841 G.
1558 1801 1755 1850 θαλάσσης

349 1865 418 1890 om.
441 1855 485 1891 B.
587 1852 789 1899 ἐξετείναξε
804 1855 847 1889 Β.
947 1854 982 1890 7.
1007 1852 1212 1900 ἐνκαρσίως
1230 1854 1303 1890 AB.
1405 1855 1453 1900 τῇ
1469 1851 1600 1900 ῥάβδῳ
1619 1863 1685 1889 om.
1705 1853 1754 1888 G.

423 1903 480 1938 10.
505 1898 700 1948 ἐξάραντες
716 1900 759 1937 δὲ
777 1898 854 1939 ἀπὸ
872 1901 940 1947 τῆς
956 1900 1125 1948 ἐρυθρᾶς
1143 1902 1225 1939 add.
1248 1901 1290 1936 B.
1397 1902 1455 1938 11.
1479 1901 1574 1945 σοῦρ
1598 1899 1672 1935 ΑΒ.

349 1949 405 1985 12.
432 1949 528 1995 δίψη
552 1949 596 1984 Β.
702 1951 758 1988 13.
781 1947 921 1997 Μεῤῥᾶ
941 1960 986 1984 m.
1013 1949 1114 1983 Conf.
1137 1949 1253 1985 Exod.
1278 1947 1359 1991 XV,
1382 1949 1461 1989 23„
1556 1945 1612 1984 14.
1640 1945 1756 1990 ξύλου

347 1995 452 2039 τινὸς
471 1998 514 2032 Β.
540 1995 642 2038 τινὸς
667 1995 782 2041 ξύλου
816 1997 865 2031 G.
994 1997 1051 2033 16.
1085 1995 1236 2042 Αἰλεὶμ]
1263 1992 1356 2041 ἕλήμ,
1375 1995 1449 2030 ΑΒ.
1485 1993 1583 2040 Eam
1611 1994 1659 2028 G.

347 2039 556 2128 {Oi'szigw
581 2042 623 2081 δὲ
648 2045 726 2091 εἰς]
758 2041 934 2092 εὑρόντες
962 2041 1002 2081 ἐν
1025 2043 1074 2078 G.
1200 2042 1358 2089 Αἰλεὶμ]
1390 2040 1490 2089 ἐλεὶμ
1516 2043 1559 2077 Α.
1591 2039 1683 2088 ἐλῆμ
1709 2041 1753 2076 Β.

404 2103 420 2128 ε
436 2104 464 2137 μ.
526 2117 535 2126 .

253 2161 333 2197 Ηοο
367 2165 473 2209 pacto
499 2174 576 2198 cum
596 2162 687 2198 omni
713 2160 832 2209 populi
855 2160 1096 2205 multitudine,
1120 2172 1166 2196 ne
1186 2159 1335 2208 pedibus
1355 2158 1493 2207 quidem
1517 2157 1646 2194 leviter
1663 2169 1755 2205 aqua

253 2209 398 2252 tinctis,
423 2209 566 2244 marinis
595 2210 697 2256 aquis
714 2214 750 2245 et
768 2209 937 2245 fluctibus
960 2220 1026 2244 ceu
1047 2208 1225 2244 moenibus
1247 2207 1527 2243 circumvallatus
1546 2206 1665 2241 Moses
1686 2217 1756 2253 pe·-

253 2256 328 2302 lagi
353 2257 527 2302 profunda
561 2257 719 2300 traiecit,
752 2259 860 2304 atque
883 2256 934 2293 ita
960 2257 1026 2292 deo
1057 2259 1172 2291 castra
1198 2255 1438 2290 Hebraeorum
1466 2257 1692 2300 componente
1718 2253 1755 2287 in

254 2303 410 2339 columna
431 2303 534 2339 nubis
559 2307 597 2338 et
628 2304 740 2350 ignis,
772 2304 840 2338 hoc
867 2307 945 2347 est,
974 2315 1019 2339 ex
1039 2315 1081 2338 ea
1109 2302 1253 2337 fulmina
1271 2298 1484 2348 fulguraque
1505 2300 1693 2347 grandines
1719 2303 1756 2335 et

251 2350 383 2386 imbres
413 2350 631 2395 eiaculante‚
654 2350 822 2398 Aegyptii
842 2350 940 2386 rubri
958 2350 1063 2386 maris
1082 2348 1194 2385 undas
1218 2349 1420 2392 subierunt;
1442 2359 1520 2383 mox
1539 2348 1639 2382 Mose
1658 2350 1756 2382 retro

252 2409 358 2433 verso
383 2397 512 2445 deique
540 2398 685 2444 imperio
711 2398 937 2434 transversim
965 2398 1056 2433 etin
1083 2397 1196 2432 crucis
1223 2397 1369 2443 figuram
1395 2396 1513 2442 aquas
1546 2394 1753 2439 ercutiente,

253 2447 398 2480 cunctos
427 2456 503 2480 cum
527 2444 606 2491 ipso
629 2445 815 2481 Pharaone
836 2445 1031 2493 Aegyptios
1053 2445 1138 2480 deus
1160 2443 1198 2479 in
1221 2456 1280 2480 eas
1302 2444 1468 2479 excussit.
1553 2444 1672 2476 arrant
1689 2452 1752 2476 au-

252 2495 322 2527 tem
342 2491 496 2527 nonnulli
525 2495 677 2527 mortuos
696 2493 913 2539 Aegyptios,
938 2493 1041 2528 etiam
1062 2492 1167 2527 armis
1187 2495 1322 2534 tectos,
1347 2491 1392 2526 ad
1410 2491 1510 2526 littus
1537 2489 1752 2534 deportatos,

252 2538 460 2585 eosdemque
488 2550 510 2574 a
529 2538 667 2575 Iudaeis
686 2540 869 2575 confestim
894 2539 1135 2585 ingruentibus
1159 2542 1195 2574 et
1221 2538 1353 2585 praeda
1372 2537 1497 2586 potitis
1517 2535 1686 2583 spoliatos
1705 2535 1751 2570 ad

251 2585 352 2621 rubri
375 2586 482 2621 maris
504 2585 637 2621 littora.
688 2586 782 2621 Hinc
798 2587 904 2622 trium
923 2587 1055 2622 dierum
1080 2587 1150 2622 iter
1175 2586 1304 2621 emensi
1325 2585 1364 2620 in
1386 2585 1560 2620 desertum
1586 2583 1674 2625 Sur,
1698 2581 1753 2617 lo-

251 2642 331 2669 cum
363 2631 587 2680 inaquosum,
611 2632 672 2668 siti
703 2632 841 2680 penitus
872 2634 1023 2669 confecti
1049 2634 1281 2681 appulerunt,
1314 2636 1351 2668 et
1384 2632 1429 2667 ad
1459 2631 1637 2666 insuavem
1662 2632 1750 2676 potu

252 2691 477 2726 amarumque
506 2679 636 2723 lacum,
660 2679 764 2716 Mera
787 2685 974 2727 propterea
994 2686 1176 2723 vocatum,
1201 2679 1329 2715 castris
1349 2677 1473 2726 positis
1489 2676 1657 2713 adversus
1671 2676 1751 2711 Μο-

251 2739 314 2763 sen
336 2727 599 2763 tumultuantur.
645 2727 722 2770 Ille,
747 2726 1010 2774 lignoquodam
1032 2727 1070 2762 in
1095 2727 1230 2763 vivifici
1248 2725 1335 2773 ligni
1360 2725 1474 2761 crucis
1499 2723 1648 2770 figuram
1667 2734 1748 2758 cae-

251 2774 335 2810 litus
361 2778 500 2810 ostenso
521 2779 558 2810 et
574 2774 611 2810 in
630 2786 738 2821 aquas
758 2774 883 2817 misso,
910 2774 1171 2810 amaritudinem
1188 2785 1320 2809 omnem
1339 2785 1383 2808 ex
1408 2772 1452 2807 iis
1470 2769 1622 2806 sustulit.
1670 2769 1749 2804 Ex-

250 2821 331 2856 hinc
358 2821 395 2857 in
413 2821 504 2858 Elim
524 2826 604 2857 sunt
620 2821 794 2869 profecti,
819 2821 911 2856 nube
932 2832 997 2868 per
1017 2821 1170 2867 singulos
1190 2821 1277 2864 dies,
1303 2819 1369 2855 deo
1386 2819 1439 2854 ita
1455 2818 1609 2860 volente,
1633 2827 1748 2852 coram

250 2868 302 2903 eis
326 2873 420 2904 mota
443 2881 484 2904 ac
507 2879 642 2904 rursum
668 2868 762 2904 circa
783 2869 973 2903 stationum
992 2867 1070 2903 loca
1088 2869 1179 2910 fixa,
1206 2871 1242 2903 et
1269 2866 1387 2914 quiete
1408 2866 1546 2914 quidem
1580 2863 1748 2899 stationes

249 2914 450 2958 habendas,
489 2918 583 2951 motu
609 2927 693 2952 vero
721 2914 971 2962 profectionem
999 2913 1276 2961 suscipiendam,
1299 2917 1354 2949 tot
1382 2925 1498 2949 morae
1524 2912 1561 2948 in
1592 2909 1745 2946 desertis

249 2962 366 2999 factae
399 2962 512 3010 spatio
532 2962 791 3011 praesignante.
838 2961 881 2998 In
899 2961 992 2998 Elim
1010 2966 1123 2999 autem
1143 2972 1308 3010 aquarum
1325 2961 1482 2998 suavium
1499 2960 1614 2996 fontes
1634 2964 1670 2994 et
1688 2968 1747 2992 se-
