1800 3236
218 182 324 234 35⁰
446 254 450 259 .
687 187 939 236 GEouon
968 186 1256 234 SYNCELLI

64 302 108 338 P·
133 301 203 339 186
260 301 506 361 Κορινθίων
537 297 592 344 ια’
622 299 864 356 ἐβασίλευσε
892 299 1102 357 Τελέστης
1130 297 1202 356 ἔτη
1231 294 1302 355 ιβ’.
1339 302 1417 342 τοῦ
1437 299 1483 344 δὲ
1501 295 1660 355 κόσμου
1679 294 1732 357 ἦν

236 396 238 398 ·
272 426 278 431 .
329 409 333 412 -
357 372 450 422 ἕως
469 369 624 433 ,δψλγ’-
656 425 658 427 ,
926 393 928 395 ·
1387 389 1391 394 ’
1543 396 1545 400 .
1677 431 1681 434 ,

252 444 498 503 Κορινθίων
527 440 583 498 ιβ’
612 438 878 497 ἐβασίλευσεν
908 439 1161 496 Αὐτομὲνης
1192 438 1284 491 ἔτος
1314 439 1370 484 ἕν.
1407 443 1485 485 τοῦ
1505 439 1552 488 δὲ
1568 435 1729 496 κόσμου

357 509 410 573 ἦν
430 512 522 564 ἔτος
539 509 696 573 Ιδψμέ.

329 584 383 628 Οἳ
405 577 763 636 Λακεδαιμονίων
789 581 978 636 βασιλεῒς
996 581 1065 624 καὶ
1087 581 1126 624 οἶ
1144 581 1390 638 Κορινθίων
1409 580 1486 632 ἕως
1507 582 1631 625 τοῦδε
1650 582 1759 624 τοῦ5

211 653 371 714 ,χρόνου
403 652 627 712 διήρκεσαν
658 651 762 704 ἔτεσι
782 650 869 705 τν’,
907 651 1014 708 μεθ’
1050 650 1124 702 οὓς
1160 649 1359 695 ἐνιαύσιοι
1384 649 1633 710 πρυτάνεις,
1674 649 1731 715 ὥς

215 727 293 783 μὲν
326 725 455 778 τινὲς,
493 725 558 767 ἐπὶ
588 719 810 779 Αἰσχύλου
839 721 1042 779 ἄρχοντος
1061 723 1129 764 καὶ
1148 726 1225 779 τῆς
1252 720 1423 781 πρώτης
1452 720 1730 779 ὀλυμπιάδος,

220 795 279 849 ὥς
299 797 344 840 δὲ
365 796 512 854 ἕτεροι,
531 793 639 852 μετὰ
660 797 820 847 ταῦτα,
855 791 912 844 ὥς
934 791 1159 851 πρόκειται.

58 895 101 934 V.
129 892 196 932 149
708 889 1039 932 ΚΟΣΜΟΥ
1079 886 1244 930 ΕΤΗ.

184 966 215 1002 Β
272 985 273 988 ’
538 963 770 1010 Βασιλέων
790 959 941 1008 Ἰούδα
969 963 1046 1007 καὶ
1076 962 1293 1020 Βενιαμὶν
1323 963 1410 1022 ἔτη.
1743 976 1789 1013 10

245 1038 326 1088 {Qu
348 1046 516 1100 πρῶτος
535 1042 776 1096 ἐβασίλευσε
794 1037 989 1096 Ῥοβωὰμ
1010 1039 1101 1090 υἱὸς
1119 1043 1373 1097 Σολομῶνος
1397 1038 1467 1098 ἔτη
1485 1036 1535 1094 ιζ’
1538 1075 1548 1085 .
1586 1043 1663 1084 τοῦ
1687 1040 1733 1083 δὲ

362 1111 523 1168 κόσμου
550 1107 603 1168 ἦν
624 1111 716 1162 ἔτος
736 1109 850 1171 Ιδφί.

324 1182 521 1240 Ῥοβωὰμ
552 1182 642 1234 υἱὸς
663 1173 851 1236 Ναᾶμας
878 1184 954 1237 τῆς
977 1179 1240 1236 Ἇμανίτιδος
1267 1177 1398 1236 μόνος
1418 1179 1552 1238 ἄρσην
1576 1179 1732 1237 ἐγένετο

223 1262 324 1306 παῖς
358 1259 417 1314 τῷ
449 1257 668 1308 Σολομῶνι
698 1254 742 1295 ἐκ
768 1253 914 1308 χιλίων
934 1256 1163 1308 γυναικῶν,
1201 1253 1269 1295 καὶ
1290 1251 1418 1302 αὐτὸς
1454 1249 1623 1303 ἀνάξιος
1654 1254 1732 1307 τῆς

220 1326 460 1383 βασιλείας,
501 1321 558 1375 ὥς
597 1319 839 1381 ἀλλοφύλου
874 1321 1055 1379 γέννημα
1093 1321 1266 1380 μητρός.
1318 1319 1456 1381 τούτῳ
1486 1325 1678 1376 πολεμῶν
1708 1317 1790 1364 <515

217 1384 449 1455 Ἰεροβωᾶμ
479 1391 556 1438 οὔκ
589 1392 788 1447 ἐπαύετο,
829 1390 957 1443 αὐτός
989 1411 1032 1436 τε
1065 1393 1141 1436 σὺν
1169 1398 1229 1454 τῷ
1254 1390 1395 1436 Ἰούδα
1425 1398 1515 1444 τοῖς
1546 1389 1733 1442 εῗδιῦλοις

221 1467 424 1527 προσέσχε
446 1466 514 1508 καὶ
532 1469 705 1525 τελευτᾷ
723 1462 979 1520 βασιλεύσας
997 1463 1068 1519 ἔτη
1087 1461 1148 1517 ιζ’.
1453 1523 1456 1528 β

185 1546 217 1581 C
333 1541 378 1580 Τ
376 1541 409 1596 ᾧ
440 1533 470 1579 ε’
503 1534 581 1579 ἔτει
610 1533 806 1591 Ῥοβωὰμ
841 1535 934 1578 υἷοῦ
958 1537 1164 1589 Σολομῶν
1178 1567 1190 1586 ,
1233 1537 1310 1577 τοῦ
1334 1533 1380 1577 δὲ
1405 1529 1565 1593 κόσμου
1591 1529 1729 1593 Ιδφιζ,

222 1608 352 1665 ἀνέβη
378 1607 615 1662 Σουσακεὶμ
637 1605 836 1662 βασιλεὺς
857 1603 1078 1662 Αῗγύπτου
1109 1606 1175 1648 ἐπὶ
1199 1601 1472 1662 Ἰερουσαλὴμ
1509 1604 1578 1647 καὶ
1608 1603 1732 1658 ἔλαβε

221 1677 384 1729 πάντας
417 1665 516 1728 τοὺς
547 1677 798 1735 θησαυροὺς
828 1675 943 1720 οἴκου
977 1677 1120 1733 κυρίου
1142 1675 1328 1727 καὶτοὺς
1346 1673 1596 1733 θησαυροῦς
1615 1672 1730 1717 οἷ’κου
1742 1682 1790 1722 20

221 1754 299 1793 τοῦ
321 1748 528 1805 βασιλέως
548 1749 617 1791 καὶ
636 1746 774 1791 πάντα
797 1746 849 1791 τὰ
870 1745 981 1791 ὅπλα
1002 1747 1057 1790 τὰ
1072 1750 1226 1805 χρυσᾶ.

318 1828 350 1862 1.
368 1822 490 1871 'Vulgo
514 1821 703 1868 Τελεστής.
800 1826 835 1861 2.
858 1822 977 1874 ,δψλῃί
998 1824 1073 1859 Bm.
1094 1822 1216 1872 ,δψμέ
1233 1824 1280 1859 G.
1382 1824 1406 1860 3
1425 1825 1461 1858 et
1477 1819 1501 1859 4
1526 1833 1591 1857 om.
1618 1823 1661 1856 A.

317 1875 353 1910 6.
380 1871 502 1917 ἔτεσι]
533 1870 666 1916 σχεδὸν
686 1871 767 1907 add.
788 1884 832 1907 m·
938 1875 973 1909 9.
1001 1871 1083 1914 ἔτος
1106 1874 1147 1908 Α.
1256 1875 1310 1908 10.
1346 1870 1450 1908 conf.
1470 1870 1603 1905 Euseb.
1625 1869 1654 1911 Ι,
1675 1869 1732 1904 17.

314 1932 350 2000 Q}
372 1918 430 1957 84.
550 1922 606 1956 11.
631 1917 789 1978 ἑοβωάμ
816 1921 847 1956 Β
872 1920 930 1955 hic
957 1924 993 1955 et
1024 1920 1129 1955 infra.
1165 1918 1323 1966 Ροβοοὶμ
1342 1919 1390 1956 G.
1513 1919 1569 1954 13.
1595 1914 1729 1962 ἄρσην]

353 1968 435 2014 ulgo
460 1963 589 2013 ἄρσυς.
624 1979 732 2012 αρσις
757 1970 801 2004 Α.
921 1970 977 2004 18.
1009 1969 1072 2016 Τῷ
1100 1965 1141 2013 ε’]
1176 1965 1202 2003 ε’
1224 1979 1290 2002 om.
1311 1967 1358 2000 G.
1391 1964 1473 2002 vid.
1497 1964 1654 2012 Paralip.
1683 1963 1731 1998 11.

320 2016 378 2059 12,
403 2017 438 2051 2.
535 2012 651 2063 ,δφιδ’
677 2027 720 2051 m.
814 2016 872 2052 20.
896 2016 1032 2063 κυρίου
1048 2036 1091 2042 —
1113 2015 1221 2051 οἴκου
1242 2026 1307 2050 om.
1329 2014 1371 2048 B.

272 2085 538 2121 Corinthiorum
561 2097 624 2120 rex
650 2087 693 2122 11
719 2083 883 2121 Teleste&
901 2086 1000 2121 annis
1024 2088 1089 2129 12,
1114 2085 1232 2122 mundi
1249 2096 1334 2120 vero
1354 2082 1459 2120 4733.

272 2132 533 2167 Corinthiorum
558 2144 621 2167 rex
647 2134 692 2169 12
717 2135 927 2168 Automeues
948 2145 1036 2169 anno
1054 2146 1144 2176 uno,
1166 2132 1287 2168 mundi
1305 2143 1390 2166 vero
1406 2128 1513 2167 4745.

319 2179 669 2214 Lacedaemoniorum
704 2179 1034 2227 Corinthiorumque
1062 2193 1165 2228 reges
1200 2181 1379 2224 hucusque
1411 2180 1733 2224 perseveraverunt

226 2226 327 2262 annis
348 2228 458 2261 ferme
476 2227 568 2268 350,
594 2227 720 2273 quibus
744 2227 847 2262 annui
866 2228 1094 2272 magistratus
1121 2230 1386 2267 successerunt,
1411 2229 1452 2259 ut
1477 2225 1632 2260 nonnulli
1654 2226 1733 2271 qui-

224 2274 303 2308 dem
329 2275 506 2315 sentiunt,
540 2274 636 2308 circa
656 2274 822 2320 Aeschyli
847 2275 1025 2310 archontis
1053 2279 1203 2310 aetatem
1235 2280 1273 2308 et
1299 2272 1451 2319 primam,
1473 2272 1731 2320 Olympiadem,

223 2325 264 2356 ut
282 2332 366 2357 veto
386 2321 448 2356 alii
461 2343 485 2363 ‚-
498 2320 601 2356 etiam
618 2321 727 2356 multo
747 2321 880 2363 serius,
906 2326 945 2356 ut
965 2322 1185 2357 manifestum
1207 2325 1274 2356 est.

769 2393 978 2433 MUNDI
1010 2394 1181 2434 ANNI.

614 2451 767 2502 Regum
797 2446 899 2490 Iuda
930 2458 969 2491 et
997 2452 1210 2492 Beniamin
1241 2450 1351 2491 anni.

272 2507 430 2550 Quorum
450 2505 582 2554 primus
600 2507 765 2553 regnavit
782 2507 938 2543 Roboam
959 2508 1053 2543 filius
1078 2507 1273 2544 Salomonis
1294 2506 1393 2544 annis
1417 2507 1484 2551 17,
1509 2505 1628 2543 mundi
1644 2517 1732 2542 vero

320 2601 478 2637 Roboam
502 2601 593 2637 filius
623 2601 762 2637 Naama
791 2602 1031 2638 Ammanitidis
1067 2603 1161 2638 solus
1194 2615 1238 2639 ex
1262 2603 1356 2639 mille
1385 2602 1524 2638 feminis
1553 2602 1734 2637 Salomoni

225 2649 432 2696 compressis
454 2649 629 2685 masculeo
651 2661 734 2684 sexu
758 2655 862 2685 natus
880 2655 935 2685 est
949 2677 959 2693 ‚
985 2656 1125 2697 sceptro
1147 2652 1289 2698 penitus
1311 2650 1500 2696 indigum,
1525 2661 1588 2684 ceu
1612 2649 1734 2684 matris

226 2696 445 2743 alienigenae
474 2697 601 2731 foetus.
657 2697 755 2731 Illum
784 2696 887 2731 armis
923 2698 1097 2733 lacessere
1135 2710 1309 2744 nunquam
1338 2697 1476 2732 destitit
1500 2696 1734 2738 Hieroboam3

225 2743 397 2825 idemque7
405 2754 481 2779 cum
499 2744 586 2780 Iuda
600 2743 772 2779 idolorum
792 2744 960 2780 cultorem
982 2758 1021 2781 se
1038 2746 1217 2789 exhibuit3
1242 2746 1457 2792 moriturque
1472 2755 1581 2790 regno
1602 2743 1736 2791 potitus

227 2791 328 2826 annis
352 2792 369 2826 1
400 2817 408 2826 .

322 2839 421 2873 Anno
444 2839 599 2874 Roboam
618 2837 682 2873 filii
701 2837 895 2874 Salomonis
907 2840 942 2881 5,
960 2839 1079 2874 mundi
1095 2852 1180 2875 vero
1199 2838 1306 2883 4514,
1326 2838 1482 2874 Susacim
1498 2849 1562 2873 rex
1582 2836 1734 2883 Aegypti

227 2884 412 2920 adscendit
430 2885 466 2920 in
488 2885 707 2922 Hierusalem
728 2891 764 2921 et
789 2886 870 2920 tulit
893 2898 1010 2921 omnes
1031 2888 1219 2924 thesauros
1239 2888 1359 2924 domus
1379 2885 1508 2922 domini
1531 2889 1569 2920 et
1592 2884 1735 2920 thesau-

229 2942 289 2966 ros
309 2932 431 2979 regiae
450 2933 570 2969 domus
594 2938 632 2970 et
650 2945 748 2970 armo,
765 2938 893 2970 cuncta
909 2945 1027 2970 aurea.
1080 2964 1082 2967 .
