<?xml version="1.0" encoding="UTF-8"?>
<!DOCTYPE html PUBLIC "-//W3C//DTD XHTML 1.0 Transitional//EN"
    "http://www.w3.org/TR/xhtml1/DTD/xhtml1-transitional.dtd">
<html xmlns="http://www.w3.org/1999/xhtml" xml:lang="en" lang="en">
 <head>
  <title>
</title>
<meta http-equiv="Content-Type" content="text/html;charset=utf-8" />
  <meta name='ocr-system' content='tesseract 3.04.00' />
  <meta name='ocr-capabilities' content='ocr_page ocr_carea ocr_par ocr_line ocrx_word'/>
</head>
<body>
  <div class='ocr_page' id='page_1' title='image "./corpusscriptorum20niebuoft_0125.png"; bbox 0 0 1800 3236; ppageno 0'>
   <div class='ocr_carea' id='block_1_1' title="bbox 558 199 1579 254">
    <p class='ocr_par' dir='ltr' id='par_1_1' title="bbox 558 199 1579 254">
     <span class='ocr_line' id='line_1_1' title="bbox 558 199 1579 254; baseline -0.003 0"><span class='ocrx_word' id='word_1_1' title='bbox 558 207 1087 254; x_wconf 84' lang='lat' dir='ltr'><strong>CHRONOGRAPHIA.</strong></span> <span class='ocrx_word' id='word_1_2' title='bbox 1463 199 1579 251; x_wconf 67' lang='lat'><strong>‘²111</strong></span> 
     </span>
    </p>
   </div>
   <div class='ocr_carea' id='block_1_2' title="bbox 18 312 1715 1230">
    <p class='ocr_par' dir='ltr' id='par_1_2' title="bbox 18 312 1715 1230">
     <span class='ocr_line' id='line_1_2' title="bbox 94 312 1526 383; baseline -0.008 -12"><span class='ocrx_word' id='word_1_3' title='bbox 94 322 149 383; x_wconf 69' lang='grc' dir='ltr'><strong><em>β’</em></strong></span> <span class='ocrx_word' id='word_1_4' title='bbox 178 321 447 381; x_wconf 72' lang='grc' dir='ltr'><strong><em>Ἅμμανέμης</em></strong></span> <span class='ocrx_word' id='word_1_5' title='bbox 465 319 537 379; x_wconf 68' lang='grc' dir='ltr'><strong><em>ἔτη</em></strong></span> <span class='ocrx_word' id='word_1_6' title='bbox 557 317 640 378; x_wconf 81' lang='grc' dir='ltr'><strong><em>λη’,</em></strong></span> <span class='ocrx_word' id='word_1_7' title='bbox 679 319 727 372; x_wconf 81' lang='grc' dir='ltr'><strong><em>ὃς</em></strong></span> <span class='ocrx_word' id='word_1_8' title='bbox 744 317 827 365; x_wconf 66' lang='lat' dir='ltr'><strong><em>{ma</em></strong></span> <span class='ocrx_word' id='word_1_9' title='bbox 847 323 932 364; x_wconf 79' lang='grc' dir='ltr'><strong><em>τῶν</em></strong></span> <span class='ocrx_word' id='word_1_10' title='bbox 950 320 1067 363; x_wconf 76' lang='grc' dir='ltr'><strong><em>ι’δίων</em></strong></span> <span class='ocrx_word' id='word_1_11' title='bbox 1088 312 1296 374; x_wconf 74' lang='grc' dir='ltr'><strong><em>εὔνοῦχων</em></strong></span> <span class='ocrx_word' id='word_1_12' title='bbox 1320 314 1526 375; x_wconf 71' lang='grc' dir='ltr'><strong><em>ἀνῃρέθη.</em></strong></span> 
     </span>
     <span class='ocr_line' id='line_1_3' title="bbox 104 386 1583 454; baseline -0.005 -14"><span class='ocrx_word' id='word_1_13' title='bbox 104 394 143 454; x_wconf 72' lang='grc' dir='ltr'><strong><em>,γ’</em></strong></span> <span class='ocrx_word' id='word_1_14' title='bbox 180 396 420 453; x_wconf 77' lang='grc' dir='ltr'><strong><em>Σέσωστρις</em></strong></span> <span class='ocrx_word' id='word_1_15' title='bbox 449 392 520 450; x_wconf 75' lang='grc' dir='ltr'><strong><em>ἴτη</em></strong></span> <span class='ocrx_word' id='word_1_16' title='bbox 551 389 649 448; x_wconf 79' lang='grc' dir='ltr'><strong><em>,ιιη’,</em></strong></span> <span class='ocrx_word' id='word_1_17' title='bbox 687 390 734 443; x_wconf 79' lang='grc' dir='ltr'><strong><em>’ὃς</em></strong></span> <span class='ocrx_word' id='word_1_18' title='bbox 763 389 933 434; x_wconf 83' lang='grc' dir='ltr'><strong><em>ἅπασαν</em></strong></span> <span class='ocrx_word' id='word_1_19' title='bbox 970 386 1220 447; x_wconf 72' lang='grc' dir='ltr'><strong><em>ἐχειρώσατο</em></strong></span> <span class='ocrx_word' id='word_1_20' title='bbox 1255 386 1335 444; x_wconf 73' lang='grc' dir='ltr'><strong><em>τὴν</em></strong></span> <span class='ocrx_word' id='word_1_21' title='bbox 1362 386 1509 432; x_wconf 84' lang='grc' dir='ltr'><strong><em>Ἀσίαν</em></strong></span> <span class='ocrx_word' id='word_1_22' title='bbox 1537 388 1583 432; x_wconf 73' lang='grc' dir='ltr'><strong><em>ἐν</em></strong></span> 
     </span>
     <span class='ocr_line' id='line_1_4' title="bbox 211 456 1582 520; baseline -0.005 -10"><span class='ocrx_word' id='word_1_23' title='bbox 211 467 418 516; x_wconf 70' lang='grc' dir='ltr'><strong><em>ἐνιαυτοῖς</em></strong></span> <span class='ocrx_word' id='word_1_24' title='bbox 450 463 567 507; x_wconf 72' lang='grc' dir='ltr'><strong><em>ἔννεά</em></strong></span> <span class='ocrx_word' id='word_1_25' title='bbox 600 463 671 506; x_wconf 84' lang='grc' dir='ltr'><strong><em>καὶ</em></strong></span> <span class='ocrx_word' id='word_1_26' title='bbox 703 466 779 518; x_wconf 78' lang='grc' dir='ltr'><strong><em>τῆς</em></strong></span> <span class='ocrx_word' id='word_1_27' title='bbox 798 458 1009 520; x_wconf 80' lang='grc' dir='ltr'><em>Εὐρώπης</em></span> <span class='ocrx_word' id='word_1_28' title='bbox 1039 459 1092 504; x_wconf 78' lang='grc' dir='ltr'><strong><em>τὰ</em></strong></span> <span class='ocrx_word' id='word_1_29' title='bbox 1121 458 1241 517; x_wconf 69' lang='grc' dir='ltr'><strong><em>μέχρι</em></strong></span> <span class='ocrx_word' id='word_1_30' title='bbox 1270 456 1445 519; x_wconf 72' lang='grc' dir='ltr'><em>Θρᾴκης</em></span> <span class='ocrx_word' id='word_1_31' title='bbox 1473 476 1582 503; x_wconf 84' lang='grc' dir='ltr'><strong><em>παν-</em></strong></span> 
     </span>
     <span class='ocr_line' id='line_1_5' title="bbox 211 529 1582 593; baseline -0.006 -13"><span class='ocrx_word' id='word_1_32' title='bbox 211 533 366 593; x_wconf 83' lang='grc' dir='ltr'><strong><em>ταχόσε</em></strong></span> <span class='ocrx_word' id='word_1_33' title='bbox 398 532 650 591; x_wconf 83' lang='grc' dir='ltr'><strong><em>μνημόσυνα</em></strong></span> <span class='ocrx_word' id='word_1_34' title='bbox 682 533 841 590; x_wconf 70' lang='grc' dir='ltr'><strong><em>ἐγείρας</em></strong></span> <span class='ocrx_word' id='word_1_35' title='bbox 875 537 952 588; x_wconf 76' lang='grc' dir='ltr'><strong><em>τῆς</em></strong></span> <span class='ocrx_word' id='word_1_36' title='bbox 988 534 1073 575; x_wconf 83' lang='grc' dir='ltr'><strong><em>τῶν</em></strong></span> <span class='ocrx_word' id='word_1_37' title='bbox 1100 531 1239 574; x_wconf 71' lang='grc' dir='ltr'><strong><em>ἐθνῶν</em></strong></span> <span class='ocrx_word' id='word_1_38' title='bbox 1275 530 1478 585; x_wconf 78' lang='grc' dir='ltr'><strong><em>σχέσεως,</em></strong></span> <span class='ocrx_word' id='word_1_39' title='bbox 1516 529 1582 572; x_wconf 73' lang='grc' dir='ltr'><strong><em>ἐπὶ</em></strong></span> 
     </span>
     <span class='ocr_line' id='line_1_6' title="bbox 45 599 1583 663; baseline -0.005 -11"><span class='ocrx_word' id='word_1_40' title='bbox 45 615 67 652; x_wconf 82' lang='grc'>5</span> <span class='ocrx_word' id='word_1_41' title='bbox 214 608 293 663; x_wconf 75' lang='grc' dir='ltr'><strong><em>μὲν</em></strong></span> <span class='ocrx_word' id='word_1_42' title='bbox 323 612 412 657; x_wconf 79' lang='grc' dir='ltr'><strong><em>τοῖς</em></strong></span> <span class='ocrx_word' id='word_1_43' title='bbox 439 605 637 663; x_wconf 72' lang='grc' dir='ltr'><strong><em>γενναίοις</em></strong></span> <span class='ocrx_word' id='word_1_44' title='bbox 670 602 864 661; x_wconf 73' lang='grc' dir='ltr'><strong><em>ἀνδρῶν,</em></strong></span> <span class='ocrx_word' id='word_1_45' title='bbox 903 603 968 646; x_wconf 71' lang='grc' dir='ltr'><strong><em>ἐπὶ</em></strong></span> <span class='ocrx_word' id='word_1_46' title='bbox 1003 602 1048 646; x_wconf 78' lang='grc' dir='ltr'><strong><em>δὲ</em></strong></span> <span class='ocrx_word' id='word_1_47' title='bbox 1067 608 1155 651; x_wconf 85' lang='grc' dir='ltr'><strong><em>τοῖς</em></strong></span> <span class='ocrx_word' id='word_1_48' title='bbox 1175 599 1356 658; x_wconf 73' lang='grc' dir='ltr'><strong><em>ἀγεννέσι</em></strong></span> <span class='ocrx_word' id='word_1_49' title='bbox 1377 603 1583 658; x_wconf 79' lang='grc' dir='ltr'><strong><em>γυναικῶν</em></strong></span> 
     </span>
     <span class='ocr_line' id='line_1_7' title="bbox 180 669 1583 737; baseline -0.004 -18"><span class='ocrx_word' id='word_1_50' title='bbox 180 706 183 708; x_wconf 59' lang='lat'>&gt;</span> <span class='ocrx_word' id='word_1_51' title='bbox 210 675 340 736; x_wconf 86' lang='grc' dir='ltr'><strong><em>μόρια</em></strong></span> <span class='ocrx_word' id='word_1_52' title='bbox 373 683 466 727; x_wconf 79' lang='grc' dir='ltr'><strong><em>ταῖς</em></strong></span> <span class='ocrx_word' id='word_1_53' title='bbox 498 673 671 737; x_wconf 77' lang='grc' dir='ltr'><strong><em>στήλαις</em></strong></span> <span class='ocrx_word' id='word_1_54' title='bbox 709 670 1003 731; x_wconf 69' lang='grc' dir='ltr'><strong><em>ε’γχαράσσων,</em></strong></span> <span class='ocrx_word' id='word_1_55' title='bbox 1044 671 1092 724; x_wconf 79' lang='grc' dir='ltr'><strong><em>ὃς</em></strong></span> <span class='ocrx_word' id='word_1_56' title='bbox 1106 670 1190 715; x_wconf 75' lang='grc' dir='ltr'><strong><em>ὑπὸ</em></strong></span> <span class='ocrx_word' id='word_1_57' title='bbox 1210 671 1458 729; x_wconf 79' lang='grc' dir='ltr'><strong><em>Αἰγυπτίων</em></strong></span> <span class='ocrx_word' id='word_1_58' title='bbox 1474 669 1583 726; x_wconf 79' lang='grc' dir='ltr'><strong><em>μετὰ</em></strong></span> 
     </span>
     <span class='ocr_line' id='line_1_8' title="bbox 201 747 842 805; baseline -0.005 -14"><span class='ocrx_word' id='word_1_59' title='bbox 201 747 367 803; x_wconf 67' lang='grc' dir='ltr'><strong><em>’Όσιριν</em></strong></span> <span class='ocrx_word' id='word_1_60' title='bbox 385 750 554 805; x_wconf 83' lang='grc' dir='ltr'><strong><em>πρῶτον</em></strong></span> <span class='ocrx_word' id='word_1_61' title='bbox 572 749 842 800; x_wconf 75' lang='grc' dir='ltr'><strong><em>νομισθῆναι.</em></strong></span> 
     </span>
     <span class='ocr_line' id='line_1_9' title="bbox 110 805 1583 875; baseline -0.004 -13"><span class='ocrx_word' id='word_1_62' title='bbox 110 815 148 861; x_wconf 78' lang='grc' dir='ltr'><strong><em>δ’</em></strong></span> <span class='ocrx_word' id='word_1_63' title='bbox 183 815 401 875; x_wconf 81' lang='grc' dir='ltr'><strong><em>Λαχάρης</em></strong></span> <span class='ocrx_word' id='word_1_64' title='bbox 434 817 504 873; x_wconf 74' lang='grc' dir='ltr'><strong><em>ἕτη</em></strong></span> <span class='ocrx_word' id='word_1_65' title='bbox 539 814 594 872; x_wconf 85' lang='grc' dir='ltr'><strong><em>η’.</em></strong></span> <span class='ocrx_word' id='word_1_66' title='bbox 635 815 681 866; x_wconf 83' lang='grc' dir='ltr'><strong><em>ὃς</em></strong></span> <span class='ocrx_word' id='word_1_67' title='bbox 714 815 788 859; x_wconf 86' lang='grc' dir='ltr'><strong><em>τὸν</em></strong></span> <span class='ocrx_word' id='word_1_68' title='bbox 821 815 864 858; x_wconf 75' lang='grc' dir='ltr'><strong><em>ἐν</em></strong></span> <span class='ocrx_word' id='word_1_69' title='bbox 882 811 1119 871; x_wconf 79' lang='grc' dir='ltr'><strong><em>Ἀρσινο·ι’·τῃ</em></strong></span> <span class='ocrx_word' id='word_1_70' title='bbox 1148 805 1412 870; x_wconf 72' lang='grc' dir='ltr'><strong><em>λαβῦρινθον</em></strong></span> <span class='ocrx_word' id='word_1_71' title='bbox 1444 809 1583 874; x_wconf 67' lang='grc' dir='ltr'><strong><em>ἑαυτῷ</em></strong></span> 
     </span>
     <span class='ocr_line' id='line_1_10' title="bbox 214 885 661 947; baseline -0.004 -15"><span class='ocrx_word' id='word_1_72' title='bbox 214 887 352 947; x_wconf 76' lang='grc' dir='ltr'><strong><em>τάφον</em></strong></span> <span class='ocrx_word' id='word_1_73' title='bbox 374 885 661 932; x_wconf 74' lang='grc' dir='ltr'><strong><em>κατεσκεύασε.</em></strong></span> 
     </span>
     <span class='ocr_line' id='line_1_11' title="bbox 18 946 1715 1017; baseline -0.004 -11"><span class='ocrx_word' id='word_1_74' title='bbox 18 970 65 1006; x_wconf 87' lang='grc'><strong><em>10</em></strong></span> <span class='ocrx_word' id='word_1_75' title='bbox 111 957 142 1003; x_wconf 92' lang='grc' dir='ltr'><strong><em>ε’</em></strong></span> <span class='ocrx_word' id='word_1_76' title='bbox 171 958 382 1017; x_wconf 83' lang='grc' dir='ltr'><strong><em>Ἀμμερὴς</em></strong></span> <span class='ocrx_word' id='word_1_77' title='bbox 402 958 472 1015; x_wconf 69' lang='grc' dir='ltr'><strong><em>ε’τη</em></strong></span> <span class='ocrx_word' id='word_1_78' title='bbox 494 955 550 1014; x_wconf 88' lang='grc' dir='ltr'><strong><em>η’.</em></strong></span> <span class='ocrx_word' id='word_1_79' title='bbox 1600 946 1642 985; x_wconf 73' lang='grc' dir='ltr'><strong><em>Ρ·</em></strong></span> <span class='ocrx_word' id='word_1_80' title='bbox 1667 949 1715 984; x_wconf 88' lang='lat'><strong><em>60</em></strong></span> 
     </span>
     <span class='ocr_line' id='line_1_12' title="bbox 110 1020 1492 1086; baseline -0.005 -12"><span class='ocrx_word' id='word_1_81' title='bbox 110 1028 146 1081; x_wconf 87' lang='grc' dir='ltr'><strong><em>ς’</em></strong></span> <span class='ocrx_word' id='word_1_82' title='bbox 175 1030 433 1086; x_wconf 73' lang='grc' dir='ltr'><strong><em>Ἀμμενέμης</em></strong></span> <span class='ocrx_word' id='word_1_83' title='bbox 454 1028 524 1084; x_wconf 66' lang='grc' dir='ltr'><strong><em>ἔτη</em></strong></span> <span class='ocrx_word' id='word_1_84' title='bbox 543 1024 597 1084; x_wconf 87' lang='grc' dir='ltr'><strong><em>η’.</em></strong></span> <span class='ocrx_word' id='word_1_85' title='bbox 1488 1020 1492 1024; x_wconf 68' lang='grc'><strong>’</strong></span> 
     </span>
     <span class='ocr_line' id='line_1_13' title="bbox 111 1092 776 1158; baseline -0.009 -12"><span class='ocrx_word' id='word_1_86' title='bbox 111 1098 144 1154; x_wconf 74' lang='grc' dir='ltr'><strong><em>ζ’</em></strong></span> <span class='ocrx_word' id='word_1_87' title='bbox 180 1099 435 1158; x_wconf 76' lang='grc' dir='ltr'><strong><em>Σκεμιόφρις</em></strong></span> <span class='ocrx_word' id='word_1_88' title='bbox 455 1097 616 1158; x_wconf 79' lang='grc' dir='ltr'><strong><em>ἀδελφὴ</em></strong></span> <span class='ocrx_word' id='word_1_89' title='bbox 635 1095 705 1154; x_wconf 67' lang='grc' dir='ltr'><strong><em>ἔτη</em></strong></span> <span class='ocrx_word' id='word_1_90' title='bbox 725 1092 776 1141; x_wconf 75' lang='grc' dir='ltr'><strong><em>δ’.</em></strong></span> 
     </span>
     <span class='ocr_line' id='line_1_14' title="bbox 173 1167 501 1230; baseline -0.003 -13"><span class='ocrx_word' id='word_1_91' title='bbox 173 1169 307 1228; x_wconf 83' lang='grc' dir='ltr'><strong><em>Ὁμοῦ</em></strong></span> <span class='ocrx_word' id='word_1_92' title='bbox 329 1170 399 1228; x_wconf 70' lang='grc' dir='ltr'><strong><em>ἔτη</em></strong></span> <span class='ocrx_word' id='word_1_93' title='bbox 424 1167 501 1230; x_wconf 82' lang='grc' dir='ltr'><strong><em>ρξ’.</em></strong></span> 
     </span>
    </p>
   </div>
   <div class='ocr_carea' id='block_1_3' title="bbox 474 1284 1181 1332">
    <p class='ocr_par' dir='ltr' id='par_1_3' title="bbox 474 1284 1181 1332">
     <span class='ocr_line' id='line_1_15' title="bbox 474 1284 1181 1332; baseline -0.004 0"><span class='ocrx_word' id='word_1_94' title='bbox 474 1284 670 1332; x_wconf 83' lang='lat' dir='ltr'><em>KAT&#39;</em></span> <span class='ocrx_word' id='word_1_95' title='bbox 726 1284 1181 1329; x_wconf 80' lang='grc' dir='ltr'><strong><em>ΕῩΣΕΒΙΟΝ.</em></strong></span> 
     </span>
    </p>
   </div>
   <div class='ocr_carea' id='block_1_4' title="bbox 21 1357 1621 1723">
    <p class='ocr_par' dir='ltr' id='par_1_4' title="bbox 21 1357 1621 1723">
     <span class='ocr_line' id='line_1_16' title="bbox 21 1357 1586 1426; baseline -0.003 -17"><span class='ocrx_word' id='word_1_96' title='bbox 21 1363 232 1426; x_wconf 79' lang='grc' dir='ltr'><strong><em>15Ἐνάτη</em></strong></span> <span class='ocrx_word' id='word_1_97' title='bbox 272 1365 513 1412; x_wconf 83' lang='grc' dir='ltr'><strong><em>δυναστεία</em></strong></span> <span class='ocrx_word' id='word_1_98' title='bbox 544 1360 962 1420; x_wconf 77' lang='grc' dir='ltr'><strong><em>Ἡρακλεοπολιτῶν</em></strong></span> <span class='ocrx_word' id='word_1_99' title='bbox 1002 1357 1226 1418; x_wconf 82' lang='grc' dir='ltr'><strong><em>βασιλέων</em></strong></span> <span class='ocrx_word' id='word_1_100' title='bbox 1252 1357 1507 1418; x_wconf 74' lang='grc' dir='ltr'><strong><em>τεσσάρων,</em></strong></span> <span class='ocrx_word' id='word_1_101' title='bbox 1539 1360 1586 1405; x_wconf 81' lang='grc' dir='ltr'><strong><em>οἳ</em></strong></span> 
     </span>
     <span class='ocr_line' id='line_1_17' title="bbox 533 1424 1125 1493; baseline -0.007 -15"><span class='ocrx_word' id='word_1_102' title='bbox 533 1433 830 1493; x_wconf 79' lang='grc' dir='ltr'><strong><em>ἐβασίλευσαν</em></strong></span> <span class='ocrx_word' id='word_1_103' title='bbox 859 1424 934 1490; x_wconf 69' lang='grc' dir='ltr'><strong><em>ἔτη</em></strong></span> <span class='ocrx_word' id='word_1_104' title='bbox 964 1428 1125 1475; x_wconf 79' lang='grc' dir='ltr'><strong><em>ἑκατόν</em></strong></span> 
     </span>
     <span class='ocr_line' id='line_1_18' title="bbox 182 1513 1581 1583; baseline -0.008 -13"><span class='ocrx_word' id='word_1_105' title='bbox 182 1518 241 1570; x_wconf 77' lang='grc' dir='ltr'><strong><em>ὧν</em></strong></span> <span class='ocrx_word' id='word_1_106' title='bbox 282 1527 450 1583; x_wconf 82' lang='grc' dir='ltr'><strong><em>πρῶτος</em></strong></span> <span class='ocrx_word' id='word_1_107' title='bbox 479 1521 641 1578; x_wconf 73' lang='grc' dir='ltr'><strong><em>’Άχθος</em></strong></span> <span class='ocrx_word' id='word_1_108' title='bbox 684 1517 923 1570; x_wconf 78' lang='grc' dir='ltr'><strong><em>δεινότατος</em></strong></span> <span class='ocrx_word' id='word_1_109' title='bbox 955 1522 1041 1562; x_wconf 83' lang='grc' dir='ltr'><strong><em>τῶν</em></strong></span> <span class='ocrx_word' id='word_1_110' title='bbox 1070 1517 1152 1576; x_wconf 84' lang='grc' dir='ltr'><strong><em>πρὸ</em></strong></span> <span class='ocrx_word' id='word_1_111' title='bbox 1181 1516 1314 1561; x_wconf 73' lang='grc' dir='ltr'><strong><em>αὐτοῦ</em></strong></span> <span class='ocrx_word' id='word_1_112' title='bbox 1349 1513 1581 1574; x_wconf 79' lang='grc' dir='ltr'><strong><em>γενόμενος,</em></strong></span> 
     </span>
     <span class='ocr_line' id='line_1_19' title="bbox 76 1586 1621 1653; baseline -0.006 -12"><span class='ocrx_word' id='word_1_113' title='bbox 76 1603 165 1648; x_wconf 78' lang='grc' dir='ltr'><strong><em>τοῖς</em></strong></span> <span class='ocrx_word' id='word_1_114' title='bbox 184 1596 227 1639; x_wconf 74' lang='grc' dir='ltr'><strong><em>ἓν</em></strong></span> <span class='ocrx_word' id='word_1_115' title='bbox 248 1593 363 1653; x_wconf 79' lang='grc' dir='ltr'><strong><em>πάσῃ</em></strong></span> <span class='ocrx_word' id='word_1_116' title='bbox 381 1590 586 1651; x_wconf 75' lang='grc' dir='ltr'><strong><em>Αἰγύπτῳ</em></strong></span> <span class='ocrx_word' id='word_1_117' title='bbox 614 1591 721 1635; x_wconf 79' lang='grc' dir='ltr'><strong><em>κακὰ</em></strong></span> <span class='ocrx_word' id='word_1_118' title='bbox 743 1588 991 1648; x_wconf 76' lang='grc' dir='ltr'><strong><em>εἰργάσατο,</em></strong></span> <span class='ocrx_word' id='word_1_119' title='bbox 1029 1586 1206 1647; x_wconf 74' lang='grc' dir='ltr'><strong><em>ὕστερον</em></strong></span> <span class='ocrx_word' id='word_1_120' title='bbox 1229 1588 1274 1632; x_wconf 82' lang='grc' dir='ltr'><strong><em>δὲ</em></strong></span> <span class='ocrx_word' id='word_1_121' title='bbox 1291 1589 1424 1650; x_wconf 68' lang='grc' dir='ltr'><strong><em>μανία</em></strong></span> <span class='ocrx_word' id='word_1_122' title='bbox 1442 1588 1621 1647; x_wconf 81' lang='grc' dir='ltr'><strong><em>περιέ-Β</em></strong></span> 
     </span>
     <span class='ocr_line' id='line_1_20' title="bbox 76 1659 914 1723; baseline -0.007 -12"><span class='ocrx_word' id='word_1_123' title='bbox 76 1684 176 1712; x_wconf 84' lang='grc' dir='ltr'><strong><em>πεσε</em></strong></span> <span class='ocrx_word' id='word_1_124' title='bbox 195 1667 263 1710; x_wconf 80' lang='grc' dir='ltr'><strong><em>καὶ</em></strong></span> <span class='ocrx_word' id='word_1_125' title='bbox 286 1663 367 1709; x_wconf 73' lang='grc' dir='ltr'><strong><em>ὑπὸ</em></strong></span> <span class='ocrx_word' id='word_1_126' title='bbox 392 1665 658 1723; x_wconf 80' lang='grc' dir='ltr'><strong><em>κροκοδείλου</em></strong></span> <span class='ocrx_word' id='word_1_127' title='bbox 686 1659 914 1720; x_wconf 74' lang='grc' dir='ltr'><strong><em>διεφθάρη.</em></strong></span> 
     </span>
    </p>
   </div>
   <div class='ocr_carea' id='block_1_5' title="bbox 171 1767 1586 2109">
    <p class='ocr_par' dir='ltr' id='par_1_5' title="bbox 171 1767 1586 1823">
     <span class='ocr_line' id='line_1_21' title="bbox 171 1767 1586 1823; baseline -0.006 -8"><span class='ocrx_word' id='word_1_128' title='bbox 171 1781 206 1816; x_wconf 87' lang='grc'><strong><em>1.</em></strong></span> <span class='ocrx_word' id='word_1_129' title='bbox 232 1775 311 1823; x_wconf 76' lang='grc' dir='ltr'><strong><em>ἔτη]</em></strong></span> <span class='ocrx_word' id='word_1_130' title='bbox 337 1774 433 1813; x_wconf 78' lang='grc' dir='ltr'><strong><em>ἐτῶν</em></strong></span> <span class='ocrx_word' id='word_1_131' title='bbox 450 1776 494 1812; x_wconf 92' lang='grc' dir='ltr'><strong><em>Β.</em></strong></span> <span class='ocrx_word' id='word_1_132' title='bbox 578 1775 615 1810; x_wconf 75' lang='grc'><strong><em>2.</em></strong></span> <span class='ocrx_word' id='word_1_133' title='bbox 634 1770 824 1817; x_wconf 84' lang='grc' dir='ltr'><strong><em>σεσόστρις</em></strong></span> <span class='ocrx_word' id='word_1_134' title='bbox 846 1771 888 1806; x_wconf 94' lang='grc' dir='ltr'><strong><em>Β.</em></strong></span> <span class='ocrx_word' id='word_1_135' title='bbox 959 1771 996 1809; x_wconf 84' lang='grc'><strong><em>3.</em></strong></span> <span class='ocrx_word' id='word_1_136' title='bbox 1013 1767 1250 1816; x_wconf 82' lang='grc' dir='ltr'><strong><em>πανταχόσαι</em></strong></span> <span class='ocrx_word' id='word_1_137' title='bbox 1266 1769 1311 1806; x_wconf 87' lang='grc' dir='ltr'><strong><em>Β.</em></strong></span> <span class='ocrx_word' id='word_1_138' title='bbox 1379 1768 1416 1807; x_wconf 83' lang='grc'><strong><em>4.</em></strong></span> <span class='ocrx_word' id='word_1_139' title='bbox 1441 1769 1586 1817; x_wconf 70' lang='grc' dir='ltr'><strong><em>ἐθνῶν]</em></strong></span> 
     </span>
    </p>

    <p class='ocr_par' dir='ltr' id='par_1_6' title="bbox 171 1816 1584 1918">
     <span class='ocr_line' id='line_1_22' title="bbox 171 1816 1584 1870; baseline -0.006 -7"><span class='ocrx_word' id='word_1_140' title='bbox 171 1825 286 1868; x_wconf 73' lang='grc' dir='ltr'><strong><em>ἔθνος</em></strong></span> <span class='ocrx_word' id='word_1_141' title='bbox 305 1825 353 1862; x_wconf 85' lang='lat' dir='ltr'><strong>G.</strong></span> <span class='ocrx_word' id='word_1_142' title='bbox 451 1820 619 1870; x_wconf 81' lang='grc' dir='ltr'><strong><em>σχέσεως]</em></strong></span> <span class='ocrx_word' id='word_1_143' title='bbox 645 1820 897 1866; x_wconf 81' lang='grc' dir='ltr'><strong><em>κατασχέσεως</em></strong></span> <span class='ocrx_word' id='word_1_144' title='bbox 919 1830 953 1854; x_wconf 91' lang='lat' dir='ltr'>m</span> <span class='ocrx_word' id='word_1_145' title='bbox 971 1830 1015 1854; x_wconf 85' lang='lat' dir='ltr'><strong><em>ex</em></strong></span> <span class='ocrx_word' id='word_1_146' title='bbox 1038 1832 1074 1866; x_wconf 89' lang='lat' dir='ltr'><strong><em>p.</em></strong></span> <span class='ocrx_word' id='word_1_147' title='bbox 1105 1821 1152 1856; x_wconf 88' lang='lat'><strong><em>60</em></strong></span> <span class='ocrx_word' id='word_1_148' title='bbox 1173 1831 1205 1856; x_wconf 90' lang='lat' dir='ltr'><strong>c.</strong></span> <span class='ocrx_word' id='word_1_149' title='bbox 1298 1819 1336 1856; x_wconf 87' lang='lat'><strong>5.</strong></span> <span class='ocrx_word' id='word_1_150' title='bbox 1372 1816 1516 1863; x_wconf 79' lang='grc' dir='ltr'><strong><em>ἅγενέσι</em></strong></span> <span class='ocrx_word' id='word_1_151' title='bbox 1541 1822 1584 1855; x_wconf 87' lang='grc' dir='ltr'><strong><em>Α.</em></strong></span> 
     </span>
     <span class='ocr_line' id='line_1_23' title="bbox 218 1864 1583 1918; baseline -0.005 -9"><span class='ocrx_word' id='word_1_152' title='bbox 218 1875 251 1911; x_wconf 87' lang='grc'><strong><em>6.</em></strong></span> <span class='ocrx_word' id='word_1_153' title='bbox 274 1868 514 1918; x_wconf 75' lang='grc' dir='ltr'><strong><em>ἐνχαροὲσσων</em></strong></span> <span class='ocrx_word' id='word_1_154' title='bbox 532 1871 575 1906; x_wconf 87' lang='grc' dir='ltr'><strong><em>Β.</em></strong></span> <span class='ocrx_word' id='word_1_155' title='bbox 658 1864 715 1914; x_wconf 80' lang='grc' dir='ltr'><strong><em>ὃς]</em></strong></span> <span class='ocrx_word' id='word_1_156' title='bbox 742 1868 794 1910; x_wconf 81' lang='grc' dir='ltr'><strong><em>ὡς</em></strong></span> <span class='ocrx_word' id='word_1_157' title='bbox 816 1879 860 1903; x_wconf 91' lang='lat' dir='ltr'><strong><em>m.</em></strong></span> <span class='ocrx_word' id='word_1_158' title='bbox 886 1879 994 1913; x_wconf 80' lang='lat' dir='ltr'>quare</span> <span class='ocrx_word' id='word_1_159' title='bbox 1015 1868 1047 1902; x_wconf 83' lang='lat' dir='ltr'>is</span> <span class='ocrx_word' id='word_1_160' title='bbox 1064 1866 1254 1902; x_wconf 82' lang='lat' dir='ltr'><strong>Eusebius.</strong></span> <span class='ocrx_word' id='word_1_161' title='bbox 1332 1865 1365 1901; x_wconf 89' lang='grc'><strong><em>7.</em></strong></span> <span class='ocrx_word' id='word_1_162' title='bbox 1390 1864 1522 1914; x_wconf 83' lang='grc' dir='ltr'><strong><em>ὄσιρην</em></strong></span> <span class='ocrx_word' id='word_1_163' title='bbox 1541 1867 1583 1902; x_wconf 93' lang='grc' dir='ltr'><strong><em>Β.</em></strong></span> 
     </span>
    </p>

    <p class='ocr_par' dir='ltr' id='par_1_7' title="bbox 171 1911 1493 1967">
     <span class='ocr_line' id='line_1_24' title="bbox 171 1911 1493 1967; baseline -0.006 -9"><span class='ocrx_word' id='word_1_164' title='bbox 171 1922 206 1958; x_wconf 88' lang='grc'><strong><em>8.</em></strong></span> <span class='ocrx_word' id='word_1_165' title='bbox 231 1920 271 1958; x_wconf 79' lang='grc' dir='ltr'><strong><em>ἐν</em></strong></span> <span class='ocrx_word' id='word_1_166' title='bbox 289 1917 508 1967; x_wconf 76' lang='grc' dir='ltr'><strong><em>Ἅρσινοΐτῃ]</em></strong></span> <span class='ocrx_word' id='word_1_167' title='bbox 535 1915 732 1964; x_wconf 78' lang='grc' dir='ltr'><strong><em>ἐναρσοΐτη</em></strong></span> <span class='ocrx_word' id='word_1_168' title='bbox 754 1918 802 1951; x_wconf 88' lang='lat' dir='ltr'><strong><em>G.</em></strong></span> <span class='ocrx_word' id='word_1_169' title='bbox 829 1914 1052 1961; x_wconf 78' lang='grc' dir='ltr'><strong><em>ἐναρσοΐτην</em></strong></span> <span class='ocrx_word' id='word_1_170' title='bbox 1072 1915 1115 1951; x_wconf 89' lang='grc' dir='ltr'><strong><em>Β.</em></strong></span> <span class='ocrx_word' id='word_1_171' title='bbox 1209 1918 1264 1950; x_wconf 87' lang='grc'><strong><em>10.</em></strong></span> <span class='ocrx_word' id='word_1_172' title='bbox 1291 1911 1431 1959; x_wconf 84' lang='grc' dir='ltr'><strong><em>α’μερής</em></strong></span> <span class='ocrx_word' id='word_1_173' title='bbox 1449 1916 1493 1950; x_wconf 92' lang='grc' dir='ltr'><strong><em>Β.</em></strong></span> 
     </span>
    </p>

    <p class='ocr_par' dir='ltr' id='par_1_8' title="bbox 175 1959 1489 2021">
     <span class='ocr_line' id='line_1_25' title="bbox 175 1959 1489 2021; baseline -0.007 -16"><span class='ocrx_word' id='word_1_174' title='bbox 175 1971 231 2005; x_wconf 79' lang='grc'><strong><em>11.</em></strong></span> <span class='ocrx_word' id='word_1_175' title='bbox 253 1965 490 2021; x_wconf 64' lang='grc' dir='ltr'><strong><em>Ἀμμενέμης]</em></strong></span> <span class='ocrx_word' id='word_1_176' title='bbox 518 1963 753 2011; x_wconf 79' lang='grc' dir='ltr'><strong><em>ἀμμενέμνης</em></strong></span> <span class='ocrx_word' id='word_1_177' title='bbox 771 1965 814 1999; x_wconf 92' lang='grc' dir='ltr'><strong><em>Α.</em></strong></span> <span class='ocrx_word' id='word_1_178' title='bbox 847 1961 1034 2010; x_wconf 80' lang='grc' dir='ltr'><strong><em>ἆμενέμης</em></strong></span> <span class='ocrx_word' id='word_1_179' title='bbox 1056 1962 1098 1997; x_wconf 90' lang='grc' dir='ltr'><strong><em>Β.</em></strong></span> <span class='ocrx_word' id='word_1_180' title='bbox 1204 1959 1260 1999; x_wconf 85' lang='lat'><strong>14.</strong></span> <span class='ocrx_word' id='word_1_181' title='bbox 1284 1964 1417 1999; x_wconf 70' lang='lat' dir='ltr'><em>RATA</em></span> <span class='ocrx_word' id='word_1_182' title='bbox 1441 1963 1489 1998; x_wconf 84' lang='lat' dir='ltr'><strong>G.</strong></span> 
     </span>
    </p>

    <p class='ocr_par' dir='ltr' id='par_1_9' title="bbox 173 2006 1584 2063">
     <span class='ocr_line' id='line_1_26' title="bbox 173 2006 1584 2063; baseline -0.006 -11"><span class='ocrx_word' id='word_1_183' title='bbox 173 2018 228 2053; x_wconf 87' lang='lat'><strong><em>17.</em></strong></span> <span class='ocrx_word' id='word_1_184' title='bbox 250 2013 405 2063; x_wconf 80' lang='grc' dir='ltr'><em>ἀχθώης</em></span> <span class='ocrx_word' id='word_1_185' title='bbox 425 2016 467 2052; x_wconf 83' lang='grc' dir='ltr'><strong><em>Β.</em></strong></span> <span class='ocrx_word' id='word_1_186' title='bbox 496 2014 652 2049; x_wconf 74' lang='lat' dir='ltr'>Ochitois</span> <span class='ocrx_word' id='word_1_187' title='bbox 673 2010 860 2049; x_wconf 78' lang='lat' dir='ltr'>Eusebius,</span> <span class='ocrx_word' id='word_1_188' title='bbox 956 2012 1012 2048; x_wconf 86' lang='lat'><strong>18.</strong></span> <span class='ocrx_word' id='word_1_189' title='bbox 1037 2006 1228 2058; x_wconf 76' lang='grc' dir='ltr'><strong><em>ἠργάσατο</em></strong></span> <span class='ocrx_word' id='word_1_190' title='bbox 1246 2010 1290 2046; x_wconf 90' lang='grc' dir='ltr'><strong><em>Β.</em></strong></span> <span class='ocrx_word' id='word_1_191' title='bbox 1391 2007 1435 2047; x_wconf 77' lang='grc' dir='ltr'><strong><em>δὲ</em></strong></span> <span class='ocrx_word' id='word_1_192' title='bbox 1463 2007 1584 2046; x_wconf 79' lang='lat' dir='ltr'>addidi</span> 
     </span>
    </p>

    <p class='ocr_par' dir='ltr' id='par_1_10' title="bbox 173 2059 771 2109">
     <span class='ocr_line' id='line_1_27' title="bbox 173 2059 771 2109; baseline -0.007 -10"><span class='ocrx_word' id='word_1_193' title='bbox 173 2075 218 2099; x_wconf 85' lang='lat' dir='ltr'><strong><em>ex</em></strong></span> <span class='ocrx_word' id='word_1_194' title='bbox 240 2064 284 2100; x_wconf 89' lang='grc' dir='ltr'><strong><em>Β.</em></strong></span> <span class='ocrx_word' id='word_1_195' title='bbox 381 2066 439 2102; x_wconf 88' lang='grc'><strong><em>19.</em></strong></span> <span class='ocrx_word' id='word_1_196' title='bbox 462 2059 698 2109; x_wconf 79' lang='grc' dir='ltr'><strong><em>κορκοδὴλου</em></strong></span> <span class='ocrx_word' id='word_1_197' title='bbox 726 2060 771 2095; x_wconf 90' lang='grc' dir='ltr'><strong><em>Β.</em></strong></span> 
     </span>
    </p>
   </div>
   <div class='ocr_carea' id='block_1_6' title="bbox 125 2149 1587 2668">
    <p class='ocr_par' dir='ltr' id='par_1_11' title="bbox 125 2149 1328 2202">
     <span class='ocr_line' id='line_1_28' title="bbox 125 2149 1328 2202; baseline -0.004 -9"><span class='ocrx_word' id='word_1_198' title='bbox 125 2158 162 2194; x_wconf 79' lang='lat'><strong>2.</strong></span> <span class='ocrx_word' id='word_1_199' title='bbox 185 2157 421 2194; x_wconf 80' lang='lat' dir='ltr'>Ammanemes</span> <span class='ocrx_word' id='word_1_200' title='bbox 443 2157 545 2193; x_wconf 83' lang='lat' dir='ltr'>annis</span> <span class='ocrx_word' id='word_1_201' title='bbox 562 2157 610 2194; x_wconf 88' lang='lat'><strong><em>38</em></strong></span> <span class='ocrx_word' id='word_1_202' title='bbox 622 2182 633 2199; x_wconf 87' lang='lat'><strong><em>‚</em></strong></span> <span class='ocrx_word' id='word_1_203' title='bbox 658 2167 681 2191; x_wconf 82' lang='lat' dir='ltr'><strong>a</strong></span> <span class='ocrx_word' id='word_1_204' title='bbox 701 2152 856 2202; x_wconf 85' lang='lat' dir='ltr'>propriis</span> <span class='ocrx_word' id='word_1_205' title='bbox 880 2151 1048 2188; x_wconf 84' lang='lat' dir='ltr'>eunuchis</span> <span class='ocrx_word' id='word_1_206' title='bbox 1066 2150 1144 2187; x_wconf 88' lang='lat' dir='ltr'>neci</span> <span class='ocrx_word' id='word_1_207' title='bbox 1163 2149 1328 2188; x_wconf 78' lang='lat' dir='ltr'>traditus.</span> 
     </span>
    </p>

    <p class='ocr_par' dir='ltr' id='par_1_12' title="bbox 126 2197 1587 2441">
     <span class='ocr_line' id='line_1_29' title="bbox 126 2197 1585 2245; baseline -0.006 -3"><span class='ocrx_word' id='word_1_208' title='bbox 126 2205 162 2242; x_wconf 84' lang='lat'><strong>3.</strong></span> <span class='ocrx_word' id='word_1_209' title='bbox 187 2205 362 2241; x_wconf 83' lang='lat' dir='ltr'>Sesostris</span> <span class='ocrx_word' id='word_1_210' title='bbox 381 2205 481 2240; x_wconf 84' lang='lat' dir='ltr'>annis</span> <span class='ocrx_word' id='word_1_211' title='bbox 499 2203 558 2241; x_wconf 88' lang='lat'><strong><em>48.</em></strong></span> <span class='ocrx_word' id='word_1_212' title='bbox 607 2204 680 2239; x_wconf 88' lang='lat' dir='ltr'><strong><em>Hic</em></strong></span> <span class='ocrx_word' id='word_1_213' title='bbox 696 2213 820 2238; x_wconf 89' lang='lat' dir='ltr'>novem</span> <span class='ocrx_word' id='word_1_214' title='bbox 838 2211 1004 2236; x_wconf 82' lang='lat' dir='ltr'>annorum</span> <span class='ocrx_word' id='word_1_215' title='bbox 1021 2199 1135 2245; x_wconf 82' lang='lat' dir='ltr'>spatio</span> <span class='ocrx_word' id='word_1_216' title='bbox 1154 2202 1262 2234; x_wconf 82' lang='lat' dir='ltr'>totam</span> <span class='ocrx_word' id='word_1_217' title='bbox 1280 2198 1398 2234; x_wconf 79' lang='lat' dir='ltr'>Asiam</span> <span class='ocrx_word' id='word_1_218' title='bbox 1415 2197 1585 2244; x_wconf 72' lang='lat' dir='ltr'>subiuga-</span> 
     </span>
     <span class='ocr_line' id='line_1_30' title="bbox 197 2245 1584 2299; baseline -0.006 -11"><span class='ocrx_word' id='word_1_219' title='bbox 197 2253 249 2288; x_wconf 82' lang='lat' dir='ltr'><strong><em>vit</em></strong></span> <span class='ocrx_word' id='word_1_220' title='bbox 274 2258 488 2299; x_wconf 85' lang='lat' dir='ltr'>cunctasque</span> <span class='ocrx_word' id='word_1_221' title='bbox 513 2252 705 2287; x_wconf 86' lang='lat' dir='ltr'><strong>Thraciam</strong></span> <span class='ocrx_word' id='word_1_222' title='bbox 735 2260 847 2296; x_wconf 86' lang='lat' dir='ltr'>usque</span> <span class='ocrx_word' id='word_1_223' title='bbox 873 2247 1057 2293; x_wconf 85' lang='lat' dir='ltr'>regiones,</span> <span class='ocrx_word' id='word_1_224' title='bbox 1082 2251 1119 2282; x_wconf 83' lang='lat' dir='ltr'><strong><em>et</em></strong></span> <span class='ocrx_word' id='word_1_225' title='bbox 1147 2245 1310 2281; x_wconf 80' lang='lat' dir='ltr'>devictae</span> <span class='ocrx_word' id='word_1_226' title='bbox 1334 2245 1489 2282; x_wconf 83' lang='lat' dir='ltr'>nationis</span> <span class='ocrx_word' id='word_1_227' title='bbox 1512 2257 1584 2280; x_wconf 89' lang='lat' dir='ltr'><strong><em>me-</em></strong></span> 
     </span>
     <span class='ocr_line' id='line_1_31' title="bbox 202 2293 1584 2346; baseline -0.007 -10"><span class='ocrx_word' id='word_1_228' title='bbox 202 2300 345 2335; x_wconf 83' lang='lat' dir='ltr'>moriam</span> <span class='ocrx_word' id='word_1_229' title='bbox 364 2305 547 2335; x_wconf 86' lang='lat' dir='ltr'>erecturus</span> <span class='ocrx_word' id='word_1_230' title='bbox 561 2325 572 2342; x_wconf 90' lang='lat'><strong>‚</strong></span> <span class='ocrx_word' id='word_1_231' title='bbox 596 2310 686 2346; x_wconf 82' lang='lat' dir='ltr'>quos</span> <span class='ocrx_word' id='word_1_232' title='bbox 714 2307 903 2343; x_wconf 87' lang='lat' dir='ltr'>generosos</span> <span class='ocrx_word' id='word_1_233' title='bbox 928 2293 1157 2341; x_wconf 78' lang='lat' dir='ltr'>comperisset</span> <span class='ocrx_word' id='word_1_234' title='bbox 1180 2294 1334 2329; x_wconf 85' lang='lat' dir='ltr'>virorum</span> <span class='ocrx_word' id='word_1_235' title='bbox 1359 2293 1584 2340; x_wconf 82' lang='lat' dir='ltr'>genitalibus,</span> 
     </span>
     <span class='ocr_line' id='line_1_32' title="bbox 198 2340 1587 2389; baseline -0.005 -7"><span class='ocrx_word' id='word_1_236' title='bbox 198 2347 353 2382; x_wconf 81' lang='lat' dir='ltr'>imbelles</span> <span class='ocrx_word' id='word_1_237' title='bbox 377 2347 599 2382; x_wconf 85' lang='lat' dir='ltr'>muliebribus</span> <span class='ocrx_word' id='word_1_238' title='bbox 631 2345 759 2380; x_wconf 80' lang='lat' dir='ltr'>effictis</span> <span class='ocrx_word' id='word_1_239' title='bbox 782 2343 966 2389; x_wconf 82' lang='lat' dir='ltr'>arguebat.</span> <span class='ocrx_word' id='word_1_240' title='bbox 1013 2341 1109 2378; x_wconf 85' lang='lat' dir='ltr'>Idem</span> <span class='ocrx_word' id='word_1_241' title='bbox 1141 2346 1225 2388; x_wconf 82' lang='lat' dir='ltr'>post</span> <span class='ocrx_word' id='word_1_242' title='bbox 1241 2340 1373 2377; x_wconf 82' lang='lat' dir='ltr'>Osirim</span> <span class='ocrx_word' id='word_1_243' title='bbox 1401 2341 1448 2378; x_wconf 85' lang='lat' dir='ltr'><strong><em>ab</em></strong></span> <span class='ocrx_word' id='word_1_244' title='bbox 1465 2342 1587 2388; x_wconf 78' lang='lat' dir='ltr'>Aegy-</span> 
     </span>
     <span class='ocr_line' id='line_1_33' title="bbox 197 2392 796 2441; baseline -0.008 -12"><span class='ocrx_word' id='word_1_245' title='bbox 197 2395 285 2441; x_wconf 84' lang='lat' dir='ltr'>ptiis</span> <span class='ocrx_word' id='word_1_246' title='bbox 303 2393 413 2441; x_wconf 85' lang='lat' dir='ltr'>primo</span> <span class='ocrx_word' id='word_1_247' title='bbox 434 2393 612 2440; x_wconf 86' lang='lat' dir='ltr'>repositus</span> <span class='ocrx_word' id='word_1_248' title='bbox 635 2398 689 2427; x_wconf 84' lang='lat' dir='ltr'>est</span> <span class='ocrx_word' id='word_1_249' title='bbox 708 2392 796 2426; x_wconf 91' lang='lat' dir='ltr'>loco.</span> 
     </span>
    </p>

    <p class='ocr_par' dir='ltr' id='par_1_13' title="bbox 126 2434 1347 2487">
     <span class='ocr_line' id='line_1_34' title="bbox 126 2434 1347 2487; baseline -0.007 -9"><span class='ocrx_word' id='word_1_250' title='bbox 126 2438 164 2478; x_wconf 81' lang='lat'><strong>4.</strong></span> <span class='ocrx_word' id='word_1_251' title='bbox 186 2441 363 2477; x_wconf 77' lang='lat' dir='ltr'>Lachares</span> <span class='ocrx_word' id='word_1_252' title='bbox 379 2441 478 2476; x_wconf 79' lang='lat' dir='ltr'>annis</span> <span class='ocrx_word' id='word_1_253' title='bbox 498 2443 532 2477; x_wconf 89' lang='lat'><strong><em>8.</em></strong></span> <span class='ocrx_word' id='word_1_254' title='bbox 557 2441 628 2475; x_wconf 90' lang='lat' dir='ltr'><strong><em>Hic</em></strong></span> <span class='ocrx_word' id='word_1_255' title='bbox 643 2437 896 2487; x_wconf 81' lang='lat' dir='ltr'>Labyrinthum</span> <span class='ocrx_word' id='word_1_256' title='bbox 913 2436 981 2472; x_wconf 82' lang='lat' dir='ltr'>sibi</span> <span class='ocrx_word' id='word_1_257' title='bbox 997 2434 1106 2483; x_wconf 79' lang='lat' dir='ltr'>elegit</span> <span class='ocrx_word' id='word_1_258' title='bbox 1122 2434 1347 2483; x_wconf 78' lang='lat' dir='ltr'>sepulturam.</span> 
     </span>
    </p>

    <p class='ocr_par' dir='ltr' id='par_1_14' title="bbox 128 2489 589 2526">
     <span class='ocr_line' id='line_1_35' title="bbox 128 2489 589 2526; baseline -0.007 -1"><span class='ocrx_word' id='word_1_259' title='bbox 128 2489 164 2526; x_wconf 89' lang='lat'><strong>5.</strong></span> <span class='ocrx_word' id='word_1_260' title='bbox 189 2490 363 2524; x_wconf 78' lang='lat' dir='ltr'>Ammeres</span> <span class='ocrx_word' id='word_1_261' title='bbox 382 2489 481 2523; x_wconf 85' lang='lat' dir='ltr'>annis</span> <span class='ocrx_word' id='word_1_262' title='bbox 497 2492 589 2523; x_wconf 81' lang='lat' dir='ltr'><strong><em>octo.</em></strong></span> 
     </span>
    </p>

    <p class='ocr_par' dir='ltr' id='par_1_15' title="bbox 127 2535 658 2572">
     <span class='ocr_line' id='line_1_36' title="bbox 127 2535 658 2572; baseline -0.006 0"><span class='ocrx_word' id='word_1_263' title='bbox 127 2537 163 2572; x_wconf 90' lang='lat'><strong><em>6.</em></strong></span> <span class='ocrx_word' id='word_1_264' title='bbox 187 2538 421 2571; x_wconf 86' lang='lat' dir='ltr'>Ammenemes</span> <span class='ocrx_word' id='word_1_265' title='bbox 445 2535 544 2570; x_wconf 84' lang='lat' dir='ltr'>annis</span> <span class='ocrx_word' id='word_1_266' title='bbox 566 2536 658 2569; x_wconf 81' lang='lat' dir='ltr'><strong><em>octo.</em></strong></span> 
     </span>
    </p>

    <p class='ocr_par' dir='ltr' id='par_1_16' title="bbox 128 2579 952 2629">
     <span class='ocr_line' id='line_1_37' title="bbox 128 2579 952 2629; baseline -0.004 -12"><span class='ocrx_word' id='word_1_267' title='bbox 128 2584 164 2621; x_wconf 84' lang='lat'><strong>7.</strong></span> <span class='ocrx_word' id='word_1_268' title='bbox 191 2583 428 2629; x_wconf 74' lang='lat' dir='ltr'>Scemiophris</span> <span class='ocrx_word' id='word_1_269' title='bbox 451 2581 525 2617; x_wconf 85' lang='lat' dir='ltr'>eius</span> <span class='ocrx_word' id='word_1_270' title='bbox 546 2593 646 2617; x_wconf 85' lang='lat' dir='ltr'>soror</span> <span class='ocrx_word' id='word_1_271' title='bbox 663 2579 764 2617; x_wconf 82' lang='lat' dir='ltr'>aunis</span> <span class='ocrx_word' id='word_1_272' title='bbox 788 2580 952 2628; x_wconf 80' lang='lat' dir='ltr'><strong><em>quatuor.</em></strong></span> 
     </span>
    </p>

    <p class='ocr_par' dir='ltr' id='par_1_17' title="bbox 176 2630 516 2668">
     <span class='ocr_line' id='line_1_38' title="bbox 176 2630 516 2668; baseline -0.003 -3"><span class='ocrx_word' id='word_1_273' title='bbox 176 2631 314 2666; x_wconf 84' lang='lat' dir='ltr'>Summa</span> <span class='ocrx_word' id='word_1_274' title='bbox 334 2630 417 2666; x_wconf 83' lang='lat' dir='ltr'>anni</span> <span class='ocrx_word' id='word_1_275' title='bbox 436 2631 516 2668; x_wconf 87' lang='grc'><strong><em>160.</em></strong></span> 
     </span>
    </p>
   </div>
   <div class='ocr_carea' id='block_1_7' title="bbox 606 2706 1054 2754">
    <p class='ocr_par' dir='ltr' id='par_1_18' title="bbox 606 2706 1054 2754">
     <span class='ocr_line' id='line_1_39' title="bbox 606 2706 1054 2754; baseline -0.007 0"><span class='ocrx_word' id='word_1_276' title='bbox 606 2708 699 2754; x_wconf 90' lang='lat' dir='ltr'><strong><em>EX</em></strong></span> <span class='ocrx_word' id='word_1_277' title='bbox 729 2706 1054 2754; x_wconf 88' lang='lat' dir='ltr'><strong>EUSEBIO.</strong></span> 
     </span>
    </p>
   </div>
   <div class='ocr_carea' id='block_1_8' title="bbox 112 2776 1556 2893">
    <p class='ocr_par' dir='ltr' id='par_1_19' title="bbox 112 2776 1556 2893">
     <span class='ocr_line' id='line_1_40' title="bbox 112 2776 1556 2838; baseline -0.006 -15"><span class='ocrx_word' id='word_1_278' title='bbox 112 2781 227 2824; x_wconf 85' lang='lat' dir='ltr'>Nona</span> <span class='ocrx_word' id='word_1_279' title='bbox 267 2783 458 2838; x_wconf 80' lang='lat' dir='ltr'>dynastia</span> <span class='ocrx_word' id='word_1_280' title='bbox 494 2796 636 2837; x_wconf 84' lang='lat' dir='ltr'>regum</span> <span class='ocrx_word' id='word_1_281' title='bbox 676 2781 734 2823; x_wconf 91' lang='lat' dir='ltr'><strong><em>IV</em></strong></span> <span class='ocrx_word' id='word_1_282' title='bbox 780 2778 1199 2835; x_wconf 79' lang='lat' dir='ltr'>Heracleopolitarum</span> <span class='ocrx_word' id='word_1_283' title='bbox 1235 2776 1352 2819; x_wconf 80' lang='lat' dir='ltr'>annis</span> <span class='ocrx_word' id='word_1_284' title='bbox 1390 2780 1556 2816; x_wconf 87' lang='lat' dir='ltr'>centum</span> 
     </span>
     <span class='ocr_line' id='line_1_41' title="bbox 698 2839 965 2893; baseline 0 -13"><span class='ocrx_word' id='word_1_285' title='bbox 698 2839 965 2893; x_wconf 77' lang='lat' dir='ltr'>regnantium.</span> 
     </span>
    </p>
   </div>
   <div class='ocr_carea' id='block_1_9' title="bbox 82 2899 1587 3002">
    <p class='ocr_par' dir='ltr' id='par_1_20' title="bbox 82 2899 1587 3002">
     <span class='ocr_line' id='line_1_42' title="bbox 178 2899 1587 2951; baseline -0.007 -5"><span class='ocrx_word' id='word_1_286' title='bbox 178 2910 211 2946; x_wconf 88' lang='lat'><strong>1.</strong></span> <span class='ocrx_word' id='word_1_287' title='bbox 236 2910 392 2945; x_wconf 75' lang='lat' dir='ltr'>Achthus</span> <span class='ocrx_word' id='word_1_288' title='bbox 408 2909 555 2945; x_wconf 84' lang='lat' dir='ltr'>omnium</span> <span class='ocrx_word' id='word_1_289' title='bbox 574 2911 669 2945; x_wconf 85' lang='lat' dir='ltr'>retro</span> <span class='ocrx_word' id='word_1_290' title='bbox 688 2920 727 2944; x_wconf 81' lang='lat' dir='ltr'><strong><em>se</em></strong></span> <span class='ocrx_word' id='word_1_291' title='bbox 741 2906 1008 2948; x_wconf 81' lang='lat' dir='ltr'>crudelissimus,</span> <span class='ocrx_word' id='word_1_292' title='bbox 1032 2903 1189 2941; x_wconf 85' lang='lat' dir='ltr'>omnibus</span> <span class='ocrx_word' id='word_1_293' title='bbox 1200 2902 1369 2951; x_wconf 79' lang='lat' dir='ltr'>Aegyptii</span> <span class='ocrx_word' id='word_1_294' title='bbox 1386 2899 1508 2939; x_wconf 74' lang='lat' dir='ltr'>ineolis</span> <span class='ocrx_word' id='word_1_295' title='bbox 1523 2910 1587 2936; x_wconf 84' lang='lat' dir='ltr'><strong><em>no·</em></strong></span> 
     </span>
     <span class='ocr_line' id='line_1_43' title="bbox 82 2955 1021 3002; baseline -0.001 -12"><span class='ocrx_word' id='word_1_296' title='bbox 82 2955 160 2991; x_wconf 76' lang='lat' dir='ltr'>xius</span> <span class='ocrx_word' id='word_1_297' title='bbox 173 2981 184 3002; x_wconf 97' lang='lat'>,</span> <span class='ocrx_word' id='word_1_298' title='bbox 209 2968 326 2993; x_wconf 79' lang='lat' dir='ltr'>amens</span> <span class='ocrx_word' id='word_1_299' title='bbox 346 2958 461 2994; x_wconf 78' lang='lat' dir='ltr'>factus</span> <span class='ocrx_word' id='word_1_300' title='bbox 473 2983 486 3000; x_wconf 92' lang='lat'>,</span> <span class='ocrx_word' id='word_1_301' title='bbox 509 2969 533 2993; x_wconf 76' lang='lat' dir='ltr'><strong>a</strong></span> <span class='ocrx_word' id='word_1_302' title='bbox 551 2955 727 2993; x_wconf 84' lang='lat' dir='ltr'>crocodilo</span> <span class='ocrx_word' id='word_1_303' title='bbox 747 2955 938 2991; x_wconf 72' lang='lat' dir='ltr'>devoratus</span> <span class='ocrx_word' id='word_1_304' title='bbox 954 2958 1021 2989; x_wconf 79' lang='lat' dir='ltr'>est.</span> 
     </span>
    </p>
   </div>
  </div>
 </body>
</html>
