1800 3236
257 144 362 197 590
411 148 414 153 ’
718 151 976 198 GEORGII
1006 152 1297 200 SYNCELLI

96 280 140 317 P.
162 279 236 319 312
361 263 541 325 Εἴρηται
563 262 640 320 μὲν
669 260 770 321 ἡμῖν
802 264 873 308 καὶ
908 261 1099 322 πρόσθεν
1119 263 1364 324 ἀρχομένοις
1384 267 1509 311 τοῦδε
1532 270 1610 312 τοῦ
1633 263 1764 313 πόνου

255 335 314 389 ὥς
347 332 677 394 ἀναγκαιότατον
716 332 886 379 πάντων
922 332 1024 392 ἡμῖν
1060 335 1103 379 ἓν
1134 336 1250 397 αὐτῷ
1282 338 1413 389 δεῖξαι
1444 335 1658 396 πρόκειται
1691 339 1766 383 τὸν

253 405 407 467 χρόνον
428 410 504 463 τῆς
531 406 657 455 θειάς
684 403 935 463 σαρκώσεως
963 409 1041 448 τοῦ
1058 399 1308 464 μονογενοῦς
1327 408 1422 451 υἱοῦ
1449 410 1519 452 καὶ
1539 406 1664 466 λόγου
1686 413 1764 453 τοῦ

252 482 360 523 θεοῦ
371 511 386 533 ,
425 476 569 534 κυρίου
601 475 647 518 δὲ
673 477 743 518 καὶ
775 479 966 533 σωτῆρος
984 473 1106 533 ἡμῶν
1122 476 1260 534 Ἰησοῦ
1281 480 1474 536 Χριστοῦ
1496 483 1556 539 τῷ
1581 477 1660 540 ‘eqo'
1684 479 1765 523 ἔτει

252 553 330 593 τοῦ
369 544 529 602 κόσμου
567 545 854 604 προτρέχοντα
885 547 1160 607 πληρουμένῳ
1196 549 1264 591 καὶ
1299 548 1517 609 ἀρχομένῳ
1558 553 1618 609 τῷ
1653 546 1793 610 Ιεφα’5

251 620 353 676 μηνὶ
369 616 477 661 κατὰ
493 613 727 671 Ῥωμαίους
747 617 935 676 Μαρτίῳ
959 614 1015 660 κε’
1028 650 1043 672 ,
1081 617 1190 661 κατὰ
1210 618 1287 675 τὴν
1307 621 1431 663 θείαν
1451 620 1522 663 διὰ
1548 620 1767 671 Μωϋσέως

252 688 416 733 ἔκδοσιν
445 684 593 745 πρώτῃ
620 691 696 730 τοῦ
729 687 835 745 παρ’
867 685 1080 745 Ἑβραίοις
1110 690 1424 746 πρωτοκτίστου
1453 689 1586 747 μηνὸς
1605 689 1762 744 Νισὰν,

253 758 363 804 καθ’
389 757 442 815 ἣν
471 755 494 801 ὅ
514 753 768 815 ἀρχάγγελος
786 757 980 816 Γαβριὴλ
1008 761 1060 816 τῇ
1083 760 1235 816 κυρίως
1267 761 1335 802 καὶ
1364 759 1541 816 ἀληθῶς
1573 758 1766 820 θεοτόκῳ

250 834 331 887 τῆς
358 828 617 886 παγκοσμιόυ
644 832 785 884 χαρᾶς
803 826 1103 886 προσενήνοχεν
1130 829 1356 886 εὐαγγέλια.
1406 829 1518 874 οὕτω
1544 830 1623 888 γὰρ
1646 828 1763 887 καὶῆ

253 904 332 957 τῆς
355 901 558 953 ζωοποιοῦ
589 896 858 949 ἀναστάσεως
880 898 1012 942 αὐτοῦ
1033 897 1169 957 ἦμέρα
1191 900 1299 943 κατὰ
1318 900 1395 957 τὴν
1427 900 1561 957 αὐτὴν
1597 898 1798 959 πρωτό-1

257 985 426 1015 κτιστον
444 967 605 1027 ἡμέραν
626 966 876 1026 συναντήσει
895 968 1004 1012 κατὰ
1022 969 1098 1022 τὰς
1119 970 1398 1023 ἀποστολικᾶς
1417 968 1686 1030 παραδόσεις,
1706 968 1767 1023 ὦς

256 1039 539 1098 δειχθήσεται.

219 1121 252 1158 Β
363 1109 529 1165 Ἐπειδὴ
552 1109 598 1152 δὲ
618 1107 725 1152 κατὰ
746 1107 795 1152 τὸ
816 1106 944 1170 Ιευοβ’
964 1107 1057 1160 ἴτος
1073 1113 1150 1153 τοῦ
1169 1107 1356 1166 κόσμου,
1397 1108 1498 1169 ὅπερ
1517 1110 1625 1155 κατὰ
1646 1107 1767 1154 τόνδε

255 1181 331 1227 τὸν
357 1181 544 1239 ἀκριβῶς
569 1177 669 1236 ἡμῖν
700 1178 809 1222 κατὰ
836 1177 1015 1235 δύναμιν
1038 1181 1324 1238 ε’φοδευθέντα
1346 1179 1503 1225 κανόνα
1533 1185 1592 1240 τῷ
1623 1178 1669 1224 ιε’
1690 1185 1767 1238 τῆς

255 1249 510 1310 Αὐγούστου
534 1251 750 1305 βασιλείας
772 1249 850 1293 ἔτει
870 1250 1106 1309 συντρέχει,
1148 1250 1228 1295 ἀπὸ
1251 1252 1296 1295 δὲ
1315 1251 1630 1309 Ἀλεξανδρείας
1653 1249 1796 1296 ἁλῶ-1

255 1340 363 1373 σεως
383 1319 444 1376 ς’,
483 1319 531 1364 τὸ
554 1317 773 1377 λεγόμενον
798 1320 1000 1372 Βίσεξτον
1027 1321 1237 1379 προετέθη
1266 1319 1350 1365 ὑπὸ
1376 1320 1631 1380 Αὐγούστου
1653 1323 1766 1366 Καί-

255 1409 390 1452 σαρος
422 1392 492 1435 καὶ
519 1394 606 1434 τῶν
642 1394 873 1447 τηνικαῦτα
905 1395 1072 1450 σοφῶν,
1114 1391 1337 1449 ἀναγκαῖον
1363 1390 1546 1450 ἡγοῦμαι
1577 1394 1766 1449 δηλῶσαι

253 1465 348 1522 περὶ
375 1461 505 1506 αὖτοῦ
535 1464 612 1504 τοῦ
643 1459 818 1517 ἡλιακοῦ
852 1461 1044 1506 ἐνιαυτοῦ
1075 1460 1157 1514 τξε’
1188 1461 1228 1506 α’
1251 1460 1417 1521 ἡμερῶν
1445 1462 1566 1514 ὄντος
1587 1462 1704 1521 παρὰ
1726 1459 1765 1506 δ’

252 1539 355 1592 μιᾶς
377 1531 553 1591 ἡμέρας.
597 1536 726 1576 τοῦτο
748 1532 796 1576 τὸ
823 1530 1152 1591 τεταρτημόριον
1174 1533 1283 1577 κατὰ
1303 1533 1374 1590 ἔτη
1395 1531 1459 1590 κη’
1484 1532 1766 1592 συναγόμενον

247 1603 289 1660 ζ’
319 1602 480 1663 ἡμέρας
509 1601 875 1659 ἀνακυκλουμένας
907 1602 991 1647 ἀπὸ
1029 1601 1199 1662 πρώτης
1229 1602 1392 1663 ἡμέρας
1418 1608 1495 1661 τῆς
1523 1602 1800 1661 ἓβδομάδοςὲ

346 1717 384 1753 3.
412 1714 526 1757 θείας
549 1725 615 1752 om.
641 1715 689 1750 G.
793 1710 828 1750 4.
851 1712 894 1751 δὲ
918 1727 985 1752 om.
1006 1715 1055 1751 G.
1150 1717 1186 1753 5.
1210 1715 1454 1764 προτρέχοντι
1473 1717 1522 1751 G.
1627 1716 1664 1752 7.
1689 1727 1768 1752 νισ-

349 1763 423 1800 σὸἰν
442 1764 484 1798 Α.
509 1760 655 1807 νησσοὶν
676 1762 719 1799 Β.
744 1762 896 1799 Νισσάν
912 1764 960 1799 G.
1058 1760 1112 1801 14.
1135 1762 1204 1801 τὸν
1221 1776 1286 1799 om.
1305 1766 1353 1799 G.
1449 1762 1711 1810 ἐφοδευθέντα
1722 1764 1767 1800 Β.

347 1808 620 1856 ἀφοδευθέντα
645 1810 695 1844 Gr.
811 1811 868 1847 15.
897 1807 974 1848 ἀπὸ
995 1808 1052 1858 δὲ]
1077 1810 1164 1848 κατ’
1184 1809 1321 1854 ἄλλους
1339 1809 1382 1849 δὲ
1403 1809 1482 1850 ἀπὸ
1499 1808 1606 1856 'Alag-
1629 1823 1674 1846 m.

349 1861 409 1895 18.
434 1857 626 1903 ἐνιαυτοῦ]
654 1856 832 1894 ἐνιαυτοῦ
853 1858 923 1894 τοῦ
949 1859 997 1895 G.
1102 1857 1153 1905 α’]
1179 1861 1331 1905 πρῶτον
1350 1861 1397 1895 G.
1496 1857 1607 1901 ὄντος
1629 1859 1672 1893 Β.
1699 1853 1765 1895 οὗ·

345 1919 412 1947 τος
430 1906 510 1940 AG.
536 1903 695 1949 ,,ὄντος,
719 1904 783 1941 καὶ
805 1904 911 1950 πέριξ
929 1904 975 1942 δ’.
998 1907 1090 1953 μιᾶς
1107 1903 1267 1954 ἡμέρας,
1291 1907 1397 1942 Barb.
1419 1906 1506 1952 περὶ
1531 1907 1608 1942 sive
1635 1919 1765 1950 τεταρ-

345 1951 530 2000 τομόριον
546 1954 638 1998 μιᾶς
659 1949 831 2000 ἡμέρας.”
844 1954 964 1990 Gom.
1058 1953 1164 2002 παραὶ
1185 1954 1235 2002 δ’]
1255 1954 1361 2002 παρὰ
1374 1953 1405 1991 λ’
1421 1956 1497 1990 AB.
1521 1951 1628 2000 παρὰ
1646 1952 1703 1990 λα’
1715 1954 1764 1989 G.

426 2003 485 2038 19.
509 2001 627 2046 Vulgo
648 1998 951 2047 τεταρτομόριον.

346 2095 464 2131 Nobis
481 2094 611 2130 dudum
629 2106 796 2141 praesens
816 2106 903 2143 opus
924 2095 1104 2142 aggressis
1132 2108 1174 2131 ac
1200 2096 1237 2132 in
1253 2095 1365 2144 ipsius
1391 2095 1508 2131 limine
1534 2093 1764 2142 praemissum

253 2144 312 2178 est
326 2142 504 2177 scribendi
523 2142 704 2177 consilium
726 2143 793 2177 hoc
810 2154 889 2178 esse
910 2144 1056 2179 maxime
1077 2145 1322 2186 constitutum,
1346 2146 1387 2178 ut
1410 2142 1661 2178 incarnationis
1685 2142 1766 2177 uni-

255 2189 367 2236 geniti
383 2189 447 2223 filii
472 2193 509 2224 et
525 2189 623 2225 verbi
643 2189 702 2224 dei
730 2189 858 2226 domini
879 2195 916 2226 et
942 2191 1131 2226 salvatoris
1156 2191 1266 2226 nostri
1285 2191 1363 2225 Iesu
1384 2190 1520 2224 Christi
1545 2189 1765 2234 designatum

255 2242 395 2282 tempus
414 2248 503 2271 anno
534 2248 554 2272 a
574 2236 691 2271 mundi
717 2238 860 2273 conditu
883 2239 978 2275 5500
1002 2239 1071 2272 iam
1090 2238 1188 2272 finito
1213 2242 1250 2272 et
1268 2239 1412 2272 ineunte
1433 2238 1524 2274 5501
1548 2236 1671 2271 Martii
1691 2237 1766 2271 Ro-

248 2294 429 2319 manorum
443 2284 567 2318 mensis
585 2283 643 2318 die
661 2285 708 2320 25
727 2290 763 2319 et
780 2285 826 2319 ad
845 2297 979 2320 sacrum
989 2285 1101 2320 Mosis
1119 2284 1312 2320 institutum
1323 2285 1434 2319 Nisan
1452 2283 1580 2318 mensis
1589 2283 1762 2318 Hebraeis

253 2331 367 2378 primo
389 2330 496 2376 positi
512 2331 569 2365 die
587 2330 697 2376 primo
708 2357 718 2373 ‚
743 2343 813 2377 quo
832 2331 982 2366 Gabriel
1001 2332 1230 2377 archangelus
1247 2344 1332 2366 vere
1349 2343 1391 2366 ac
1409 2336 1506 2366 certo
1524 2331 1582 2366 dei
1599 2330 1762 2377 genitrici

254 2376 465 2412 universalis
496 2378 617 2422 gaudii
646 2378 809 2413 nuncium
838 2378 997 2425 aperuit,
1031 2379 1223 2425 contigisse
1255 2379 1483 2414 declaremus.
1529 2378 1585 2412 Eo
1615 2389 1763 2423 namque

249 2423 308 2459 ‘ita
325 2424 513 2460 constituto
532 2424 696 2459 vivificae
716 2426 852 2472 pariter
868 2425 1133 2461 resurrectionis
1149 2426 1224 2461 dies
1241 2426 1277 2460 in
1293 2426 1437 2461 eandem
1450 2425 1594 2473 primum
1611 2431 1762 2460 creatam

253 2471 367 2507 lucem
390 2472 579 2507 secundum
598 2471 748 2507 traditas
774 2473 818 2508 ab
838 2472 1006 2521 apostolis
1030 2473 1126 2519 leges
1144 2474 1320 2517 incurret,
1347 2477 1387 2508 ut
1405 2473 1624 2509 manifestius
1650 2472 1687 2507 in
1705 2484 1763 2507 se-

252 2518 447 2566 quentibus
467 2518 673 2555 disseretur.

344 2565 475 2601 Verum
499 2565 588 2600 enim
607 2577 692 2601 vero
714 2577 791 2600 cum
814 2565 859 2600 ad
879 2566 976 2602 orbis
997 2566 1109 2602 creati
1133 2579 1256 2603 annum
1271 2565 1390 2611 5472,
1413 2565 1473 2614 qui
1490 2566 1590 2601 iuxta
1609 2565 1762 2601 latercu-

251 2612 325 2648 lum
359 2615 545 2656 accurato,
570 2616 610 2647 ut
632 2613 728 2648 vires
755 2613 907 2654 dedere,
930 2615 1049 2650 studio
1074 2615 1322 2661 compositum,
1346 2615 1384 2649 in
1409 2625 1532 2650 annum
1557 2613 1761 2659 imperantis

252 2660 404 2706 Augusti
427 2660 470 2697 15
501 2664 537 2695 et
555 2672 598 2695 ex
618 2660 844 2707 quorumdam
865 2661 968 2696 dictis
989 2667 1115 2708 captae
1138 2662 1370 2697 Alexandriae
1392 2665 1527 2696 sextum
1543 2659 1688 2702 incidit,
1715 2661 1762 2695 ab

253 2708 414 2753 Augusto
433 2707 655 2754 caeterisque
669 2707 835 2754 temporis
852 2709 1007 2744 eiusdem
1021 2709 1167 2744 eruditis
1185 2709 1273 2745 viris
1291 2709 1367 2744 dies
1385 2708 1606 2743 intercalaris
1617 2707 1763 2742 Bissex-

253 2758 314 2788 tus
333 2753 469 2790 nomine
485 2754 667 2790 adiunctus
690 2755 816 2798 fuerit,
840 2756 884 2791 de
902 2755 979 2803 ipso
999 2757 1104 2792 solari
1121 2768 1209 2792 anno
1233 2756 1360 2792 diebus
1377 2756 1448 2792 365
1465 2758 1504 2791 et
1524 2754 1598 2790 diei
1618 2753 1763 2789 alterius

254 2801 366 2836 ferme
392 2802 585 2848 quadrante
614 2807 776 2838 constare
803 2803 938 2838 credito
969 2805 1132 2839 nonnulla
1153 2804 1289 2850 liquido
1318 2803 1502 2838 declarare
1526 2801 1761 2837 necessarium

254 2847 352 2882 duxi.
401 2849 592 2891 Quadi-ans
613 2849 684 2885 iste
707 2850 779 2884 diei
800 2861 864 2896 per
889 2862 1053 2886 annorum
1067 2853 1113 2888 28
1143 2851 1325 2897 periodum
1345 2849 1509 2886 collectus
1531 2849 1608 2884 dies
1626 2851 1759 2895 septem

255 2894 379 2931 ordine
398 2907 460 2933 suo
481 2897 526 2934 ab
543 2897 769 2934 hebdomadis
789 2898 847 2933 die
866 2897 976 2946 primo
1003 2898 1049 2935 ad
1068 2898 1252 2946 septimum
1278 2901 1498 2935 recurrentes
1517 2895 1673 2940 inducit,
1697 2893 1760 2942 qui
