<?xml version="1.0" encoding="UTF-8"?>
<!DOCTYPE html PUBLIC "-//W3C//DTD XHTML 1.0 Transitional//EN"
    "http://www.w3.org/TR/xhtml1/DTD/xhtml1-transitional.dtd">
<html xmlns="http://www.w3.org/1999/xhtml" xml:lang="en" lang="en">
 <head>
  <title>
</title>
<meta http-equiv="Content-Type" content="text/html;charset=utf-8" />
  <meta name='ocr-system' content='tesseract 3.04.00' />
  <meta name='ocr-capabilities' content='ocr_page ocr_carea ocr_par ocr_line ocrx_word'/>
</head>
<body>
  <div class='ocr_page' id='page_1' title='image "./corpusscriptorum20niebuoft_0092.png"; bbox 0 0 1754 3236; ppageno 0'>
   <div class='ocr_carea' id='block_1_1' title="bbox 150 182 1200 232">
    <p class='ocr_par' dir='ltr' id='par_1_1' title="bbox 150 182 1200 232">
     <span class='ocr_line' id='line_1_1' title="bbox 150 182 1200 232; baseline -0.005 0"><span class='ocrx_word' id='word_1_1' title='bbox 150 184 218 232; x_wconf 87' lang='grc'><strong><em>78</em></strong></span> <span class='ocrx_word' id='word_1_2' title='bbox 629 183 884 229; x_wconf 89' lang='lat' dir='ltr'>GEORGII</span> <span class='ocrx_word' id='word_1_3' title='bbox 911 182 1200 230; x_wconf 85' lang='lat' dir='ltr'>SYNCELLI</span> 
     </span>
    </p>
   </div>
   <div class='ocr_carea' id='block_1_2' title="bbox 19 293 1729 1702">
    <p class='ocr_par' dir='ltr' id='par_1_2' title="bbox 19 293 1729 1702">
     <span class='ocr_line' id='line_1_2' title="bbox 153 293 1667 362; baseline -0.004 -16"><span class='ocrx_word' id='word_1_4' title='bbox 153 304 306 362; x_wconf 75' lang='grc' dir='ltr'><strong><em>λευτᾷ,</em></strong></span> <span class='ocrx_word' id='word_1_5' title='bbox 347 295 475 356; x_wconf 72' lang='grc' dir='ltr'><strong><em>ζήσας</em></strong></span> <span class='ocrx_word' id='word_1_6' title='bbox 506 298 610 343; x_wconf 70' lang='grc' dir='ltr'><strong><em>ἐτῶν</em></strong></span> <span class='ocrx_word' id='word_1_7' title='bbox 641 295 831 355; x_wconf 76' lang='grc' dir='ltr'><strong><em>ἀριθμὸν</em></strong></span> <span class='ocrx_word' id='word_1_8' title='bbox 863 293 963 351; x_wconf 63' lang='lat'><strong>2312&#39;.</strong></span> <span class='ocrx_word' id='word_1_9' title='bbox 999 297 1147 353; x_wconf 74' lang='grc' dir='ltr'><strong><em>μηδεὶς</em></strong></span> <span class='ocrx_word' id='word_1_10' title='bbox 1180 295 1226 339; x_wconf 78' lang='grc' dir='ltr'><strong><em>δὲ</em></strong></span> <span class='ocrx_word' id='word_1_11' title='bbox 1252 293 1360 353; x_wconf 77' lang='grc' dir='ltr'><strong><em>πρὸς</em></strong></span> <span class='ocrx_word' id='word_1_12' title='bbox 1382 293 1457 340; x_wconf 81' lang='grc' dir='ltr'><strong><em>τόν</em></strong></span> <span class='ocrx_word' id='word_1_13' title='bbox 1476 299 1552 340; x_wconf 86' lang='grc' dir='ltr'><strong><em>νῦν</em></strong></span> <span class='ocrx_word' id='word_1_14' title='bbox 1570 296 1667 352; x_wconf 73' lang='grc' dir='ltr'><strong><em>βίον</em></strong></span> 
     </span>
     <span class='ocr_line' id='line_1_3' title="bbox 153 365 1699 429; baseline -0.004 -13"><span class='ocrx_word' id='word_1_15' title='bbox 153 374 224 418; x_wconf 82' lang='grc' dir='ltr'><strong><em>καὶ</em></strong></span> <span class='ocrx_word' id='word_1_16' title='bbox 253 371 330 428; x_wconf 82' lang='grc' dir='ltr'><strong><em>τὴν</em></strong></span> <span class='ocrx_word' id='word_1_17' title='bbox 356 366 605 429; x_wconf 79' lang='grc' dir='ltr'><em>βραχύτητα</em></span> <span class='ocrx_word' id='word_1_18' title='bbox 634 372 717 412; x_wconf 83' lang='grc' dir='ltr'><strong><em>τῶν</em></strong></span> <span class='ocrx_word' id='word_1_19' title='bbox 749 365 916 426; x_wconf 70' lang='grc' dir='ltr'><strong><em>ἡμερῶν</em></strong></span> <span class='ocrx_word' id='word_1_20' title='bbox 935 368 1004 410; x_wconf 85' lang='grc' dir='ltr'><strong><em>καὶ</em></strong></span> <span class='ocrx_word' id='word_1_21' title='bbox 1027 371 1111 410; x_wconf 83' lang='grc' dir='ltr'><strong><em>τῶν</em></strong></span> <span class='ocrx_word' id='word_1_22' title='bbox 1136 367 1240 410; x_wconf 75' lang='grc' dir='ltr'><strong><em>ἐτῶν</em></strong></span> <span class='ocrx_word' id='word_1_23' title='bbox 1265 366 1517 422; x_wconf 77' lang='grc' dir='ltr'><em>ἀποβλέπων</em></span> <span class='ocrx_word' id='word_1_24' title='bbox 1536 366 1564 410; x_wconf 81' lang='grc' dir='ltr'><strong><em>ἃ</em></strong></span> <span class='ocrx_word' id='word_1_25' title='bbox 1586 370 1667 421; x_wconf 78' lang='grc' dir='ltr'><strong><em>ζιῦ-</em></strong></span> <span class='ocrx_word' id='word_1_26' title='bbox 1690 412 1699 419; x_wconf 21' lang='grc' dir='ltr'><strong>Ν</strong></span> 
     </span>
     <span class='ocr_line' id='line_1_4' title="bbox 154 435 1666 501; baseline -0.005 -14"><span class='ocrx_word' id='word_1_27' title='bbox 154 461 231 501; x_wconf 85' lang='grc' dir='ltr'><strong><em>μεν</em></strong></span> <span class='ocrx_word' id='word_1_28' title='bbox 260 441 489 498; x_wconf 75' lang='grc' dir='ltr'><strong><em>συμβαλών</em></strong></span> <span class='ocrx_word' id='word_1_29' title='bbox 521 440 594 483; x_wconf 80' lang='grc' dir='ltr'><strong><em>τὸν</em></strong></span> <span class='ocrx_word' id='word_1_30' title='bbox 614 442 700 483; x_wconf 83' lang='grc' dir='ltr'><strong><em>τῶν</em></strong></span> <span class='ocrx_word' id='word_1_31' title='bbox 723 442 915 482; x_wconf 79' lang='grc' dir='ltr'><strong><em>παλαιῶν</em></strong></span> <span class='ocrx_word' id='word_1_32' title='bbox 938 435 1076 494; x_wconf 74' lang='grc' dir='ltr'><strong><em>ψεύδη</em></strong></span> <span class='ocrx_word' id='word_1_33' title='bbox 1097 437 1295 492; x_wconf 72' lang='grc' dir='ltr'><strong><em>νομιζέτω</em></strong></span> <span class='ocrx_word' id='word_1_34' title='bbox 1315 437 1370 481; x_wconf 79' lang='grc' dir='ltr'><strong><em>τὰ</em></strong></span> <span class='ocrx_word' id='word_1_35' title='bbox 1391 440 1484 495; x_wconf 83' lang='grc' dir='ltr'><strong><em>περὶ</em></strong></span> <span class='ocrx_word' id='word_1_36' title='bbox 1503 438 1666 482; x_wconf 72' lang='grc' dir='ltr'><strong><em>ἐκείνων</em></strong></span> 
     </span>
     <span class='ocr_line' id='line_1_5' title="bbox 105 506 1669 572; baseline -0.004 -14"><span class='ocrx_word' id='word_1_37' title='bbox 105 568 107 570; x_wconf 20' lang='lat'><strong><em>¹</em></strong></span> <span class='ocrx_word' id='word_1_38' title='bbox 154 511 352 572; x_wconf 85' lang='grc' dir='ltr'><strong><em>λεγόμενα</em></strong></span> <span class='ocrx_word' id='word_1_39' title='bbox 362 546 375 566; x_wconf 89' lang='grc'><strong><em>,</em></strong></span> <span class='ocrx_word' id='word_1_40' title='bbox 412 516 472 571; x_wconf 77' lang='grc' dir='ltr'><strong><em>τῷ</em></strong></span> <span class='ocrx_word' id='word_1_41' title='bbox 503 510 611 567; x_wconf 75' lang='grc' dir='ltr'><strong><em>μηδὲ</em></strong></span> <span class='ocrx_word' id='word_1_42' title='bbox 641 513 716 553; x_wconf 82' lang='grc' dir='ltr'><strong><em>νῦν</em></strong></span> <span class='ocrx_word' id='word_1_43' title='bbox 746 515 951 553; x_wconf 87' lang='grc' dir='ltr'><strong><em>τοσοῦτον</em></strong></span> <span class='ocrx_word' id='word_1_44' title='bbox 983 509 1026 551; x_wconf 75' lang='grc' dir='ltr'><strong><em>ἐν</em></strong></span> <span class='ocrx_word' id='word_1_45' title='bbox 1054 513 1113 567; x_wconf 77' lang='grc' dir='ltr'><strong><em>τῷ</em></strong></span> <span class='ocrx_word' id='word_1_46' title='bbox 1134 510 1215 567; x_wconf 74' lang='grc' dir='ltr'><strong><em>βίῳ</em></strong></span> <span class='ocrx_word' id='word_1_47' title='bbox 1233 509 1494 567; x_wconf 74' lang='grc' dir='ltr'><strong><em>παρατείνειν</em></strong></span> <span class='ocrx_word' id='word_1_48' title='bbox 1511 506 1669 566; x_wconf 85' lang='grc' dir='ltr'><strong><em>χρόνον</em></strong></span> 
     </span>
     <span class='ocr_line' id='line_1_6' title="bbox 19 578 1696 641; baseline -0.005 -12"><span class='ocrx_word' id='word_1_49' title='bbox 19 586 61 622; x_wconf 86' lang='lat' dir='ltr'><strong><em>P·</em></strong></span> <span class='ocrx_word' id='word_1_50' title='bbox 89 582 136 623; x_wconf 85' lang='lat'><strong><em>43</em></strong></span> <span class='ocrx_word' id='word_1_51' title='bbox 159 581 504 641; x_wconf 70' lang='grc' dir='ltr'><strong><em>τεκμαιρόμενος,</em></strong></span> <span class='ocrx_word' id='word_1_52' title='bbox 542 580 650 636; x_wconf 73' lang='grc' dir='ltr'><strong><em>μηδὲ</em></strong></span> <span class='ocrx_word' id='word_1_53' title='bbox 680 581 858 631; x_wconf 72' lang='grc' dir='ltr'><strong><em>ἐκείνους</em></strong></span> <span class='ocrx_word' id='word_1_54' title='bbox 880 582 937 630; x_wconf 78' lang='grc' dir='ltr'><strong><em>εἷς</em></strong></span> <span class='ocrx_word' id='word_1_55' title='bbox 961 580 1087 622; x_wconf 66' lang='grc' dir='ltr'><strong><em>ἐκεῖνο</em></strong></span> <span class='ocrx_word' id='word_1_56' title='bbox 1115 578 1161 622; x_wconf 79' lang='grc' dir='ltr'><strong><em>τὸ</em></strong></span> <span class='ocrx_word' id='word_1_57' title='bbox 1182 583 1318 635; x_wconf 76' lang='grc' dir='ltr'><strong><em>μῆκος</em></strong></span> <span class='ocrx_word' id='word_1_58' title='bbox 1335 583 1412 635; x_wconf 75' lang='grc' dir='ltr'><strong><em>τῆς</em></strong></span> <span class='ocrx_word' id='word_1_59' title='bbox 1438 580 1544 635; x_wconf 81' lang='grc' dir='ltr'><strong><em>ζωῆς</em></strong></span> <span class='ocrx_word' id='word_1_60' title='bbox 1564 578 1696 637; x_wconf 66' lang='grc' dir='ltr'><strong><em>(ἶφι-5</em></strong></span> 
     </span>
     <span class='ocr_line' id='line_1_7' title="bbox 155 647 1664 708; baseline -0.005 -8"><span class='ocrx_word' id='word_1_61' title='bbox 155 652 333 700; x_wconf 74' lang='grc' dir='ltr'><strong><em>κε’σθαι·</em></strong></span> <span class='ocrx_word' id='word_1_62' title='bbox 379 653 419 697; x_wconf 81' lang='grc' dir='ltr'><strong><em>οἳ</em></strong></span> <span class='ocrx_word' id='word_1_63' title='bbox 446 653 523 708; x_wconf 75' lang='grc' dir='ltr'><strong><em>μὲν</em></strong></span> <span class='ocrx_word' id='word_1_64' title='bbox 553 650 633 708; x_wconf 73' lang='grc' dir='ltr'><strong><em>γὰρ</em></strong></span> <span class='ocrx_word' id='word_1_65' title='bbox 667 654 883 708; x_wconf 71' lang='grc' dir='ltr'><strong><em>θεοφιλεῖς</em></strong></span> <span class='ocrx_word' id='word_1_66' title='bbox 915 649 1031 700; x_wconf 74' lang='grc' dir='ltr'><strong><em>ὄντες</em></strong></span> <span class='ocrx_word' id='word_1_67' title='bbox 1064 651 1132 692; x_wconf 82' lang='grc' dir='ltr'><strong><em>καὶ</em></strong></span> <span class='ocrx_word' id='word_1_68' title='bbox 1163 647 1244 692; x_wconf 70' lang='grc' dir='ltr'><strong><em>ὑπ’</em></strong></span> <span class='ocrx_word' id='word_1_69' title='bbox 1282 649 1415 693; x_wconf 82' lang='grc' dir='ltr'><strong><em>αὐτοῦ</em></strong></span> <span class='ocrx_word' id='word_1_70' title='bbox 1444 653 1521 693; x_wconf 85' lang='grc' dir='ltr'><strong><em>τοῦ</em></strong></span> <span class='ocrx_word' id='word_1_71' title='bbox 1555 653 1664 693; x_wconf 74' lang='grc' dir='ltr'><strong><em>θεοῦ</em></strong></span> 
     </span>
     <span class='ocr_line' id='line_1_8' title="bbox 155 718 1668 785; baseline -0.004 -15"><span class='ocrx_word' id='word_1_72' title='bbox 155 724 364 785; x_wconf 83' lang='grc' dir='ltr'><strong><em>γενόμενοι</em></strong></span> <span class='ocrx_word' id='word_1_73' title='bbox 396 724 465 767; x_wconf 80' lang='grc' dir='ltr'><strong><em>καὶ</em></strong></span> <span class='ocrx_word' id='word_1_74' title='bbox 496 721 567 765; x_wconf 76' lang='grc' dir='ltr'><strong><em>διὰ</em></strong></span> <span class='ocrx_word' id='word_1_75' title='bbox 594 720 671 772; x_wconf 76' lang='grc' dir='ltr'><strong><em>τὰς</em></strong></span> <span class='ocrx_word' id='word_1_76' title='bbox 695 721 858 779; x_wconf 69' lang='grc' dir='ltr'><strong><em>τροφὰς</em></strong></span> <span class='ocrx_word' id='word_1_77' title='bbox 883 721 1215 778; x_wconf 71' lang='grc' dir='ltr'><strong><em>ἐπιτηδειοτέρας</em></strong></span> <span class='ocrx_word' id='word_1_78' title='bbox 1238 719 1344 778; x_wconf 78' lang='grc' dir='ltr'><strong><em>πρὸς</em></strong></span> <span class='ocrx_word' id='word_1_79' title='bbox 1369 722 1542 764; x_wconf 75' lang='grc' dir='ltr'><strong><em>πλείονα</em></strong></span> <span class='ocrx_word' id='word_1_80' title='bbox 1561 718 1668 777; x_wconf 85' lang='grc' dir='ltr'><strong><em>χρό-</em></strong></span> 
     </span>
     <span class='ocr_line' id='line_1_9' title="bbox 155 790 1668 849; baseline -0.005 -8"><span class='ocrx_word' id='word_1_81' title='bbox 155 815 229 842; x_wconf 85' lang='grc' dir='ltr'><strong><em>νον</em></strong></span> <span class='ocrx_word' id='word_1_82' title='bbox 253 794 383 846; x_wconf 72' lang='grc' dir='ltr'><strong><em>οῦσας</em></strong></span> <span class='ocrx_word' id='word_1_83' title='bbox 405 790 572 843; x_wconf 84' lang='grc' dir='ltr'><strong><em>εῗκότως</em></strong></span> <span class='ocrx_word' id='word_1_84' title='bbox 594 791 696 845; x_wconf 69' lang='grc' dir='ltr'><strong><em>ἔζων</em></strong></span> <span class='ocrx_word' id='word_1_85' title='bbox 721 795 890 848; x_wconf 73' lang='grc' dir='ltr'><strong><em>πλῆθος</em></strong></span> <span class='ocrx_word' id='word_1_86' title='bbox 913 790 1129 836; x_wconf 82' lang='grc' dir='ltr'><strong><em>τοσούτων</em></strong></span> <span class='ocrx_word' id='word_1_87' title='bbox 1150 793 1269 836; x_wconf 74' lang='grc' dir='ltr'><strong><em>ἐτῶν.</em></strong></span> <span class='ocrx_word' id='word_1_88' title='bbox 1309 790 1447 834; x_wconf 64' lang='grc' dir='ltr'><strong><em>ἔπειτα</em></strong></span> <span class='ocrx_word' id='word_1_89' title='bbox 1477 791 1540 834; x_wconf 71' lang='grc' dir='ltr'><strong><em>δι’</em></strong></span> <span class='ocrx_word' id='word_1_90' title='bbox 1568 791 1668 849; x_wconf 82' lang='grc' dir='ltr'><strong><em>ἀρε-</em></strong></span> 
     </span>
     <span class='ocr_line' id='line_1_10' title="bbox 154 856 1670 924; baseline -0.005 -12"><span class='ocrx_word' id='word_1_91' title='bbox 154 867 233 924; x_wconf 80' lang='grc' dir='ltr'><strong><em>τὴν</em></strong></span> <span class='ocrx_word' id='word_1_92' title='bbox 257 867 334 920; x_wconf 23' lang='grc' dir='ltr'><strong><em>καὶ,</em></strong></span> <span class='ocrx_word' id='word_1_93' title='bbox 350 864 427 922; x_wconf 83' lang='grc' dir='ltr'><strong><em>τὴν</em></strong></span> <span class='ocrx_word' id='word_1_94' title='bbox 447 860 696 922; x_wconf 71' lang='grc' dir='ltr'><strong><em>εὖχρὴστίαν</em></strong></span> <span class='ocrx_word' id='word_1_95' title='bbox 720 856 777 906; x_wconf 77' lang='grc' dir='ltr'><strong><em>ὧν</em></strong></span> <span class='ocrx_word' id='word_1_96' title='bbox 801 861 997 907; x_wconf 75' lang='grc' dir='ltr'><strong><em>ἐπενόουν</em></strong></span> <span class='ocrx_word' id='word_1_97' title='bbox 1021 862 1304 921; x_wconf 80' lang='grc' dir='ltr'><strong><em>ἀστρονομίας</em></strong></span> <span class='ocrx_word' id='word_1_98' title='bbox 1325 863 1394 905; x_wconf 80' lang='grc' dir='ltr'><strong><em>καὶ</em></strong></span> <span class='ocrx_word' id='word_1_99' title='bbox 1416 864 1670 919; x_wconf 82' lang='grc' dir='ltr'><strong><em>γεωμετρίας</em></strong></span> 
     </span>
     <span class='ocr_line' id='line_1_11' title="bbox 156 928 1726 993; baseline -0.004 -11"><span class='ocrx_word' id='word_1_100' title='bbox 156 942 297 983; x_wconf 75' lang='grc' dir='ltr'><strong><em>πλεῖον</em></strong></span> <span class='ocrx_word' id='word_1_101' title='bbox 328 938 399 993; x_wconf 82' lang='grc' dir='ltr'><strong><em>ζῆν</em></strong></span> <span class='ocrx_word' id='word_1_102' title='bbox 427 935 500 979; x_wconf 83' lang='grc' dir='ltr'><strong><em>τὸν</em></strong></span> <span class='ocrx_word' id='word_1_103' title='bbox 532 933 636 978; x_wconf 75' lang='grc' dir='ltr'><strong><em>θεὸν</em></strong></span> <span class='ocrx_word' id='word_1_104' title='bbox 666 932 811 984; x_wconf 75' lang='grc' dir='ltr'><strong><em>αὐτοῖς</em></strong></span> <span class='ocrx_word' id='word_1_105' title='bbox 843 941 1086 991; x_wconf 80' lang='grc' dir='ltr'><strong><em>παρασχεῖν.</em></strong></span> <span class='ocrx_word' id='word_1_106' title='bbox 1135 931 1242 991; x_wconf 82' lang='grc' dir='ltr'><strong><em>ἅπερ</em></strong></span> <span class='ocrx_word' id='word_1_107' title='bbox 1279 932 1356 976; x_wconf 80' lang='grc' dir='ltr'><strong><em>οῦκ</em></strong></span> <span class='ocrx_word' id='word_1_108' title='bbox 1387 928 1439 991; x_wconf 71' lang='grc' dir='ltr'><strong><em>ἦν</em></strong></span> <span class='ocrx_word' id='word_1_109' title='bbox 1464 932 1669 992; x_wconf 77' lang='grc' dir='ltr'><strong><em>ἀσφαλῶς</em></strong></span> <span class='ocrx_word' id='word_1_110' title='bbox 1682 939 1726 976; x_wconf 83' lang='grc'><strong><em>10</em></strong></span> 
     </span>
     <span class='ocr_line' id='line_1_12' title="bbox 161 1001 1672 1065; baseline -0.004 -13"><span class='ocrx_word' id='word_1_111' title='bbox 161 1008 306 1058; x_wconf 66' lang='grc' dir='ltr'><strong><em>αὐτοῖς</em></strong></span> <span class='ocrx_word' id='word_1_112' title='bbox 329 1011 561 1065; x_wconf 81' lang='grc' dir='ltr'><strong><em>προειπεῖν,</em></strong></span> <span class='ocrx_word' id='word_1_113' title='bbox 597 1003 657 1061; x_wconf 84' lang='grc' dir='ltr'><strong><em>μὴ</em></strong></span> <span class='ocrx_word' id='word_1_114' title='bbox 686 1002 857 1061; x_wconf 73' lang='grc' dir='ltr'><strong><em>ζήσασιν</em></strong></span> <span class='ocrx_word' id='word_1_115' title='bbox 890 1002 1132 1056; x_wconf 72' lang='grc' dir='ltr'><strong><em>ἑξακοσίους</em></strong></span> <span class='ocrx_word' id='word_1_116' title='bbox 1155 1001 1384 1054; x_wconf 75' lang='grc' dir='ltr'><strong><em>ἐνιαυτούς.</em></strong></span> <span class='ocrx_word' id='word_1_117' title='bbox 1426 1003 1496 1046; x_wconf 78' lang='grc' dir='ltr'><strong><em>διὰ</em></strong></span> <span class='ocrx_word' id='word_1_118' title='bbox 1517 1001 1672 1047; x_wconf 76' lang='grc' dir='ltr'><strong><em>τοσού-</em></strong></span> 
     </span>
     <span class='ocr_line' id='line_1_13' title="bbox 157 1074 1671 1134; baseline -0.004 -11"><span class='ocrx_word' id='word_1_119' title='bbox 157 1097 243 1123; x_wconf 86' lang='grc' dir='ltr'><strong><em>των</em></strong></span> <span class='ocrx_word' id='word_1_120' title='bbox 270 1078 374 1121; x_wconf 60' lang='lat' dir='ltr'><strong><em>{vav</em></strong></span> <span class='ocrx_word' id='word_1_121' title='bbox 403 1075 424 1120; x_wconf 83' lang='grc' dir='ltr'><em>ὃ</em></span> <span class='ocrx_word' id='word_1_122' title='bbox 458 1077 585 1133; x_wconf 84' lang='grc' dir='ltr'><strong><em>με’γας</em></strong></span> <span class='ocrx_word' id='word_1_123' title='bbox 615 1074 803 1126; x_wconf 75' lang='grc' dir='ltr'><strong><em>ἐνιαυτὸς</em></strong></span> <span class='ocrx_word' id='word_1_124' title='bbox 836 1079 1084 1132; x_wconf 77' lang='grc' dir='ltr'><strong><em>πληροῦται.</em></strong></span> <span class='ocrx_word' id='word_1_125' title='bbox 1122 1078 1387 1133; x_wconf 77' lang='grc' dir='ltr'><strong><em>μαρτυροῦσι</em></strong></span> <span class='ocrx_word' id='word_1_126' title='bbox 1426 1074 1476 1117; x_wconf 71' lang='grc' dir='ltr'><strong><em>δέ</em></strong></span> <span class='ocrx_word' id='word_1_127' title='bbox 1499 1092 1585 1131; x_wconf 88' lang='grc' dir='ltr'><strong><em>μου</em></strong></span> <span class='ocrx_word' id='word_1_128' title='bbox 1609 1078 1671 1134; x_wconf 76' lang='grc' dir='ltr'><strong><em>τῷ</em></strong></span> 
     </span>
     <span class='ocr_line' id='line_1_14' title="bbox 161 1143 1673 1209; baseline -0.003 -16"><span class='ocrx_word' id='word_1_129' title='bbox 161 1147 271 1209; x_wconf 79' lang='grc' dir='ltr'><strong><em>λόγῳ</em></strong></span> <span class='ocrx_word' id='word_1_130' title='bbox 298 1146 449 1197; x_wconf 81' lang='grc' dir='ltr'><strong><em>πάντες</em></strong></span> <span class='ocrx_word' id='word_1_131' title='bbox 484 1147 522 1190; x_wconf 81' lang='grc' dir='ltr'><strong><em>οἳ</em></strong></span> <span class='ocrx_word' id='word_1_132' title='bbox 550 1145 656 1203; x_wconf 63' lang='grc' dir='ltr'><strong><em>παρ’</em></strong></span> <span class='ocrx_word' id='word_1_133' title='bbox 682 1144 853 1202; x_wconf 76' lang='grc' dir='ltr'><strong><em>Ἕλλησι</em></strong></span> <span class='ocrx_word' id='word_1_134' title='bbox 879 1148 947 1189; x_wconf 80' lang='grc' dir='ltr'><strong><em>καὶ</em></strong></span> <span class='ocrx_word' id='word_1_135' title='bbox 970 1144 1208 1204; x_wconf 76' lang='grc' dir='ltr'><strong><em>βαρβάροις</em></strong></span> <span class='ocrx_word' id='word_1_136' title='bbox 1230 1143 1572 1203; x_wconf 76' lang='grc' dir='ltr'><strong><em>συγγραψάμενοι</em></strong></span> <span class='ocrx_word' id='word_1_137' title='bbox 1595 1144 1673 1196; x_wconf 81' lang='grc' dir='ltr'><strong><em>τὰς</em></strong></span> 
     </span>
     <span class='ocr_line' id='line_1_15' title="bbox 158 1213 1672 1278; baseline -0.003 -14"><span class='ocrx_word' id='word_1_138' title='bbox 158 1219 466 1278; x_wconf 83' lang='grc' dir='ltr'><strong><em>ἀρχαιολογίας,</em></strong></span> <span class='ocrx_word' id='word_1_139' title='bbox 504 1219 729 1262; x_wconf 70' lang='grc' dir='ltr'><strong><em>Μανεθιῦν</em></strong></span> <span class='ocrx_word' id='word_1_140' title='bbox 751 1213 772 1260; x_wconf 82' lang='grc' dir='ltr'><strong><em>ὅ</em></strong></span> <span class='ocrx_word' id='word_1_141' title='bbox 794 1216 871 1273; x_wconf 83' lang='grc' dir='ltr'><strong><em>τὴν</em></strong></span> <span class='ocrx_word' id='word_1_142' title='bbox 891 1221 975 1260; x_wconf 81' lang='grc' dir='ltr'><strong><em>τῶν</em></strong></span> <span class='ocrx_word' id='word_1_143' title='bbox 993 1219 1241 1274; x_wconf 82' lang='grc' dir='ltr'><strong><em>Αἰγυπτίων</em></strong></span> <span class='ocrx_word' id='word_1_144' title='bbox 1262 1214 1543 1273; x_wconf 78' lang='grc' dir='ltr'><strong><em>ποιησάμενος</em></strong></span> <span class='ocrx_word' id='word_1_145' title='bbox 1564 1215 1672 1260; x_wconf 76' lang='grc' dir='ltr'><strong><em>ἄνα-</em></strong></span> 
     </span>
     <span class='ocr_line' id='line_1_16' title="bbox 123 1284 1729 1349; baseline -0.003 -14"><span class='ocrx_word' id='word_1_146' title='bbox 123 1289 332 1349; x_wconf 73' lang='grc' dir='ltr'><strong><em>Βγραφὴν</em></strong></span> <span class='ocrx_word' id='word_1_147' title='bbox 359 1290 427 1332; x_wconf 87' lang='grc' dir='ltr'><strong><em>καὶ</em></strong></span> <span class='ocrx_word' id='word_1_148' title='bbox 447 1285 682 1346; x_wconf 78' lang='grc' dir='ltr'><strong><em>Βήρωσσος</em></strong></span> <span class='ocrx_word' id='word_1_149' title='bbox 715 1284 737 1330; x_wconf 80' lang='grc' dir='ltr'><strong><em>ὃ</em></strong></span> <span class='ocrx_word' id='word_1_150' title='bbox 769 1286 822 1330; x_wconf 80' lang='grc' dir='ltr'><strong><em>τὰ</em></strong></span> <span class='ocrx_word' id='word_1_151' title='bbox 845 1287 1074 1331; x_wconf 75' lang='grc' dir='ltr'><strong><em>Χαλδαϊκὰ</em></strong></span> <span class='ocrx_word' id='word_1_152' title='bbox 1106 1285 1312 1345; x_wconf 79' lang='grc' dir='ltr'><strong><em>συνάγων,</em></strong></span> <span class='ocrx_word' id='word_1_153' title='bbox 1350 1285 1517 1343; x_wconf 78' lang='grc' dir='ltr'><strong><em>Μῶχός</em></strong></span> <span class='ocrx_word' id='word_1_154' title='bbox 1538 1305 1582 1331; x_wconf 86' lang='grc' dir='ltr'><strong><em>τε</em></strong></span> <span class='ocrx_word' id='word_1_155' title='bbox 1602 1288 1671 1330; x_wconf 83' lang='grc' dir='ltr'><strong><em>καὶ</em></strong></span> <span class='ocrx_word' id='word_1_156' title='bbox 1685 1295 1729 1331; x_wconf 89' lang='grc'><strong><em>15</em></strong></span> 
     </span>
     <span class='ocr_line' id='line_1_17' title="bbox 155 1355 1672 1417; baseline -0.003 -12"><span class='ocrx_word' id='word_1_157' title='bbox 155 1359 385 1414; x_wconf 81' lang='grc' dir='ltr'><strong><em>Ἑστιαῖος,</em></strong></span> <span class='ocrx_word' id='word_1_158' title='bbox 435 1360 503 1403; x_wconf 84' lang='grc' dir='ltr'><strong><em>καὶ</em></strong></span> <span class='ocrx_word' id='word_1_159' title='bbox 535 1357 642 1417; x_wconf 84' lang='grc' dir='ltr'><strong><em>πρὸς</em></strong></span> <span class='ocrx_word' id='word_1_160' title='bbox 670 1357 814 1409; x_wconf 74' lang='grc' dir='ltr'><strong><em>αὐτοῖς</em></strong></span> <span class='ocrx_word' id='word_1_161' title='bbox 844 1365 933 1408; x_wconf 78' lang='grc' dir='ltr'><strong><em>τοῖς</em></strong></span> <span class='ocrx_word' id='word_1_162' title='bbox 962 1359 1213 1416; x_wconf 79' lang='grc' dir='ltr'><strong><em>Αἰγυπτίοις</em></strong></span> <span class='ocrx_word' id='word_1_163' title='bbox 1238 1355 1484 1416; x_wconf 82' lang='grc' dir='ltr'><strong><em>Ἱερώνυμος</em></strong></span> <span class='ocrx_word' id='word_1_164' title='bbox 1492 1391 1507 1412; x_wconf 86' lang='grc'><strong><em>,</em></strong></span> <span class='ocrx_word' id='word_1_165' title='bbox 1548 1358 1589 1402; x_wconf 83' lang='grc' dir='ltr'><strong><em>οἳ</em></strong></span> <span class='ocrx_word' id='word_1_166' title='bbox 1617 1357 1672 1402; x_wconf 77' lang='grc' dir='ltr'><strong><em>τὰ</em></strong></span> 
     </span>
     <span class='ocr_line' id='line_1_18' title="bbox 163 1426 1667 1487; baseline -0.001 -12"><span class='ocrx_word' id='word_1_167' title='bbox 163 1429 379 1483; x_wconf 78' lang='grc' dir='ltr'><strong><em>Φοινικικὰ</em></strong></span> <span class='ocrx_word' id='word_1_168' title='bbox 409 1426 750 1487; x_wconf 80' lang='grc' dir='ltr'><strong><em>συγγραψάμενοι</em></strong></span> <span class='ocrx_word' id='word_1_169' title='bbox 783 1435 1058 1487; x_wconf 74' lang='grc' dir='ltr'><strong><em>συμφωνοῦσι</em></strong></span> <span class='ocrx_word' id='word_1_170' title='bbox 1083 1437 1172 1481; x_wconf 79' lang='grc' dir='ltr'><strong><em>τοῖς</em></strong></span> <span class='ocrx_word' id='word_1_171' title='bbox 1192 1427 1268 1473; x_wconf 65' lang='grc' dir='ltr'><strong><em>ὕπ’</em></strong></span> <span class='ocrx_word' id='word_1_172' title='bbox 1296 1431 1398 1486; x_wconf 72' lang='grc' dir='ltr'><strong><em>ἐμοῦ</em></strong></span> <span class='ocrx_word' id='word_1_173' title='bbox 1420 1429 1667 1486; x_wconf 74' lang='grc' dir='ltr'><strong><em>λεγομένοις.</em></strong></span> 
     </span>
     <span class='ocr_line' id='line_1_19' title="bbox 154 1498 1673 1554; baseline -0.002 -9"><span class='ocrx_word' id='word_1_174' title='bbox 154 1499 351 1551; x_wconf 78' lang='grc' dir='ltr'><strong><em>Ἡσίοδός</em></strong></span> <span class='ocrx_word' id='word_1_175' title='bbox 384 1517 428 1543; x_wconf 88' lang='grc' dir='ltr'><strong><em>τε</em></strong></span> <span class='ocrx_word' id='word_1_176' title='bbox 455 1501 523 1542; x_wconf 86' lang='grc' dir='ltr'><strong><em>καὶ</em></strong></span> <span class='ocrx_word' id='word_1_177' title='bbox 553 1498 773 1550; x_wconf 77' lang='grc' dir='ltr'><strong><em>Ἑκαταῖος</em></strong></span> <span class='ocrx_word' id='word_1_178' title='bbox 805 1501 874 1543; x_wconf 86' lang='grc' dir='ltr'><strong><em>καὶ</em></strong></span> <span class='ocrx_word' id='word_1_179' title='bbox 907 1498 1146 1551; x_wconf 80' lang='grc' dir='ltr'><strong><em>Ἑλλάνικος</em></strong></span> <span class='ocrx_word' id='word_1_180' title='bbox 1173 1502 1241 1544; x_wconf 84' lang='grc' dir='ltr'><strong><em>καὶ</em></strong></span> <span class='ocrx_word' id='word_1_181' title='bbox 1269 1500 1562 1554; x_wconf 82' lang='grc' dir='ltr'><strong><em>Ἀκουσίλαος,</em></strong></span> <span class='ocrx_word' id='word_1_182' title='bbox 1602 1500 1673 1542; x_wconf 82' lang='grc' dir='ltr'><strong><em>καὶ</em></strong></span> 
     </span>
     <span class='ocr_line' id='line_1_20' title="bbox 157 1568 1671 1631; baseline -0.002 -15"><span class='ocrx_word' id='word_1_183' title='bbox 157 1572 262 1631; x_wconf 80' lang='grc' dir='ltr'><strong><em>πρὸς</em></strong></span> <span class='ocrx_word' id='word_1_184' title='bbox 290 1568 456 1621; x_wconf 78' lang='grc' dir='ltr'><strong><em>τούτοις</em></strong></span> <span class='ocrx_word' id='word_1_185' title='bbox 480 1570 664 1629; x_wconf 76' lang='grc' dir='ltr'><strong><em>Ἔφορος</em></strong></span> <span class='ocrx_word' id='word_1_186' title='bbox 684 1571 753 1612; x_wconf 86' lang='grc' dir='ltr'><strong><em>καὶ</em></strong></span> <span class='ocrx_word' id='word_1_187' title='bbox 771 1568 984 1622; x_wconf 81' lang='grc' dir='ltr'><strong><em>Νικόλαος</em></strong></span> <span class='ocrx_word' id='word_1_188' title='bbox 1012 1571 1228 1630; x_wconf 80' lang='grc' dir='ltr'><strong><em>ἱστοροῦσι</em></strong></span> <span class='ocrx_word' id='word_1_189' title='bbox 1250 1570 1350 1622; x_wconf 72' lang='grc' dir='ltr'><strong><em>τοὺς</em></strong></span> <span class='ocrx_word' id='word_1_190' title='bbox 1373 1571 1575 1630; x_wconf 79' lang='grc' dir='ltr'><strong><em>ἀρχαίους</em></strong></span> <span class='ocrx_word' id='word_1_191' title='bbox 1600 1568 1671 1627; x_wconf 81' lang='grc' dir='ltr'><strong><em>ζή-</em></strong></span> 
     </span>
     <span class='ocr_line' id='line_1_21' title="bbox 158 1639 1728 1702; baseline -0.003 -15"><span class='ocrx_word' id='word_1_192' title='bbox 158 1659 318 1694; x_wconf 90' lang='grc' dir='ltr'><strong><em>σαντας</em></strong></span> <span class='ocrx_word' id='word_1_193' title='bbox 352 1640 423 1698; x_wconf 68' lang='grc' dir='ltr'><strong><em>ἔτη</em></strong></span> <span class='ocrx_word' id='word_1_194' title='bbox 452 1642 580 1698; x_wconf 87' lang='grc' dir='ltr'><strong><em>χίλια.</em></strong></span> <span class='ocrx_word' id='word_1_195' title='bbox 629 1641 668 1684; x_wconf 81' lang='grc' dir='ltr'><strong><em>οἳ</em></strong></span> <span class='ocrx_word' id='word_1_196' title='bbox 699 1641 744 1684; x_wconf 73' lang='grc' dir='ltr'><strong><em>δὲ</em></strong></span> <span class='ocrx_word' id='word_1_197' title='bbox 764 1639 922 1698; x_wconf 79' lang='grc' dir='ltr'><strong><em>Νώχου</em></strong></span> <span class='ocrx_word' id='word_1_198' title='bbox 954 1644 1100 1694; x_wconf 71' lang='grc' dir='ltr'><strong><em>παῖδες</em></strong></span> <span class='ocrx_word' id='word_1_199' title='bbox 1120 1650 1230 1702; x_wconf 79' lang='grc' dir='ltr'><strong><em>τρεῖς</em></strong></span> <span class='ocrx_word' id='word_1_200' title='bbox 1250 1641 1388 1697; x_wconf 72' lang='grc' dir='ltr'><strong><em>ὄντες,</em></strong></span> <span class='ocrx_word' id='word_1_201' title='bbox 1427 1646 1581 1699; x_wconf 78' lang='grc' dir='ltr'><strong><em>Σημᾶς</em></strong></span> <span class='ocrx_word' id='word_1_202' title='bbox 1597 1642 1667 1684; x_wconf 84' lang='grc' dir='ltr'><strong><em>καὶ</em></strong></span> <span class='ocrx_word' id='word_1_203' title='bbox 1681 1649 1728 1683; x_wconf 78' lang='lat'><strong><em>20</em></strong></span> 
     </span>
    </p>
   </div>
   <div class='ocr_carea' id='block_1_3' title="bbox 220 1773 1673 2208">
    <p class='ocr_par' dir='ltr' id='par_1_3' title="bbox 220 1773 1673 2208">
     <span class='ocr_line' id='line_1_22' title="bbox 254 1773 1672 1826; baseline -0.001 -11"><span class='ocrx_word' id='word_1_204' title='bbox 254 1779 290 1816; x_wconf 85' lang='lat'><strong>3.</strong></span> <span class='ocrx_word' id='word_1_205' title='bbox 316 1776 518 1826; x_wconf 77' lang='grc' dir='ltr'><strong><em>συμβαλών</em></strong></span> <span class='ocrx_word' id='word_1_206' title='bbox 539 1773 608 1814; x_wconf 85' lang='grc' dir='ltr'><strong><em>τόν</em></strong></span> <span class='ocrx_word' id='word_1_207' title='bbox 628 1789 672 1814; x_wconf 86' lang='grc' dir='ltr'><strong><em>ιιι.</em></strong></span> <span class='ocrx_word' id='word_1_208' title='bbox 706 1775 976 1824; x_wconf 79' lang='grc' dir='ltr'><strong><em>συμβαλόντων</em></strong></span> <span class='ocrx_word' id='word_1_209' title='bbox 997 1780 1045 1816; x_wconf 86' lang='lat' dir='ltr'><strong>G.</strong></span> <span class='ocrx_word' id='word_1_210' title='bbox 1141 1779 1176 1815; x_wconf 88' lang='lat'><strong>5.</strong></span> <span class='ocrx_word' id='word_1_211' title='bbox 1204 1773 1374 1824; x_wconf 75' lang='grc' dir='ltr'><strong><em>ἀφῖχθαι</em></strong></span> <span class='ocrx_word' id='word_1_212' title='bbox 1392 1790 1438 1815; x_wconf 88' lang='grc' dir='ltr'><strong><em>ιιι.</em></strong></span> <span class='ocrx_word' id='word_1_213' title='bbox 1545 1779 1579 1814; x_wconf 87' lang='lat'><strong><em>7.</em></strong></span> <span class='ocrx_word' id='word_1_214' title='bbox 1605 1776 1672 1814; x_wconf 66' lang='grc' dir='ltr'><strong><em>διὰ</em></strong></span> 
     </span>
     <span class='ocr_line' id='line_1_23' title="bbox 253 1824 1673 1873; baseline 0 -11"><span class='ocrx_word' id='word_1_215' title='bbox 253 1824 298 1863; x_wconf 83' lang='grc' dir='ltr'><strong><em>τὰ</em></strong></span> <span class='ocrx_word' id='word_1_216' title='bbox 325 1825 394 1868; x_wconf 80' lang='grc' dir='ltr'><strong><em>τοὶς</em></strong></span> <span class='ocrx_word' id='word_1_217' title='bbox 418 1837 462 1860; x_wconf 86' lang='grc' dir='ltr'><strong><em>ιιι.</em></strong></span> <span class='ocrx_word' id='word_1_218' title='bbox 548 1827 581 1861; x_wconf 77' lang='grc'><strong><em>8.</em></strong></span> <span class='ocrx_word' id='word_1_219' title='bbox 608 1824 738 1871; x_wconf 78' lang='grc' dir='ltr'><strong><em>οὔσας]</em></strong></span> <span class='ocrx_word' id='word_1_220' title='bbox 766 1825 863 1862; x_wconf 85' lang='grc' dir='ltr'><strong><em>εἶναι</em></strong></span> <span class='ocrx_word' id='word_1_221' title='bbox 887 1839 931 1861; x_wconf 87' lang='grc' dir='ltr'><strong><em>ιιι.</em></strong></span> <span class='ocrx_word' id='word_1_222' title='bbox 1019 1828 1076 1863; x_wconf 91' lang='grc'><strong><em>11.</em></strong></span> <span class='ocrx_word' id='word_1_223' title='bbox 1099 1826 1165 1863; x_wconf 84' lang='grc' dir='ltr'><strong><em>καὶ</em></strong></span> <span class='ocrx_word' id='word_1_224' title='bbox 1185 1825 1255 1872; x_wconf 71' lang='grc' dir='ltr'><strong><em>γάρ</em></strong></span> <span class='ocrx_word' id='word_1_225' title='bbox 1278 1825 1344 1862; x_wconf 79' lang='grc' dir='ltr'><strong><em>ὄιοὶ</em></strong></span> <span class='ocrx_word' id='word_1_226' title='bbox 1371 1838 1415 1861; x_wconf 86' lang='grc' dir='ltr'><strong><em>ιιι-</em></strong></span> <span class='ocrx_word' id='word_1_227' title='bbox 1511 1824 1567 1862; x_wconf 86' lang='grc'><strong><em>14.</em></strong></span> <span class='ocrx_word' id='word_1_228' title='bbox 1596 1828 1673 1873; x_wconf 86' lang='grc' dir='ltr'><strong><em>Ση·</em></strong></span> 
     </span>
     <span class='ocr_line' id='line_1_24' title="bbox 255 1869 1670 1920; baseline 0 -10"><span class='ocrx_word' id='word_1_229' title='bbox 255 1874 433 1920; x_wconf 84' lang='grc' dir='ltr'><strong><em>μείωσον.</em></strong></span> <span class='ocrx_word' id='word_1_230' title='bbox 457 1871 550 1910; x_wconf 80' lang='grc' dir='ltr'><strong><em>εἰσὶν</em></strong></span> <span class='ocrx_word' id='word_1_231' title='bbox 562 1872 599 1909; x_wconf 81' lang='grc' dir='ltr'><strong><em>οἱ</em></strong></span> <span class='ocrx_word' id='word_1_232' title='bbox 619 1877 846 1920; x_wconf 81' lang='grc' dir='ltr'><strong><em>συγγραφεῖς</em></strong></span> <span class='ocrx_word' id='word_1_233' title='bbox 857 1875 1067 1920; x_wconf 85' lang='grc' dir='ltr'><strong><em>Αἰγυπτίων</em></strong></span> <span class='ocrx_word' id='word_1_234' title='bbox 1085 1875 1149 1911; x_wconf 82' lang='grc' dir='ltr'><strong><em>καὶ</em></strong></span> <span class='ocrx_word' id='word_1_235' title='bbox 1159 1875 1364 1910; x_wconf 78' lang='grc' dir='ltr'><strong><em>Χαλδαίων</em></strong></span> <span class='ocrx_word' id='word_1_236' title='bbox 1382 1869 1452 1916; x_wconf 69' lang='grc' dir='ltr'><strong><em>οὓς</em></strong></span> <span class='ocrx_word' id='word_1_237' title='bbox 1469 1872 1670 1920; x_wconf 70' lang='grc' dir='ltr'><strong><em>μέμνηται,</em></strong></span> 
     </span>
     <span class='ocr_line' id='line_1_25' title="bbox 220 1920 1670 1968; baseline -0.001 -10"><span class='ocrx_word' id='word_1_238' title='bbox 220 1940 221 1943; x_wconf 43' lang='grc'><strong>“</strong></span> <span class='ocrx_word' id='word_1_239' title='bbox 256 1922 475 1964; x_wconf 77' lang='grc' dir='ltr'><strong><em>Μανεθαῒν,</em></strong></span> <span class='ocrx_word' id='word_1_240' title='bbox 514 1921 735 1967; x_wconf 83' lang='grc' dir='ltr'><strong><em>Βηρωσσὸς,</em></strong></span> <span class='ocrx_word' id='word_1_241' title='bbox 779 1924 942 1967; x_wconf 66' lang='lat' dir='ltr'><strong>Mnizos,</strong></span> <span class='ocrx_word' id='word_1_242' title='bbox 987 1925 1183 1965; x_wconf 85' lang='grc' dir='ltr'><strong><em>Αστιαῖος,</em></strong></span> <span class='ocrx_word' id='word_1_243' title='bbox 1218 1920 1452 1968; x_wconf 80' lang='grc' dir='ltr'><strong><em>Ιερώνυμος,</em></strong></span> <span class='ocrx_word' id='word_1_244' title='bbox 1487 1923 1670 1965; x_wconf 72' lang='grc' dir='ltr'><strong><em>Ησίοδος,</em></strong></span> 
     </span>
     <span class='ocr_line' id='line_1_26' title="bbox 262 1965 1671 2016; baseline 0 -10"><span class='ocrx_word' id='word_1_245' title='bbox 262 1968 446 2011; x_wconf 62' lang='lat' dir='ltr'><strong>Enalos,</strong></span> <span class='ocrx_word' id='word_1_246' title='bbox 479 1967 704 2012; x_wconf 78' lang='grc' dir='ltr'><strong><em>Ελλάνικος,</em></strong></span> <span class='ocrx_word' id='word_1_247' title='bbox 730 1968 931 2015; x_wconf 78' lang='grc' dir='ltr'><strong><em>Ακούριος,</em></strong></span> <span class='ocrx_word' id='word_1_248' title='bbox 958 1972 1135 2016; x_wconf 79' lang='grc' dir='ltr'><strong><em>Εφορος,</em></strong></span> <span class='ocrx_word' id='word_1_249' title='bbox 1160 1970 1373 2013; x_wconf 80' lang='grc' dir='ltr'><strong><em>Νικόλαος,</em></strong></span> <span class='ocrx_word' id='word_1_250' title='bbox 1396 1965 1607 2016; x_wconf 69' lang='grc' dir='ltr'><strong><em>’ψεύδοντες</em></strong></span> <span class='ocrx_word' id='word_1_251' title='bbox 1629 1968 1671 2006; x_wconf 81' lang='grc' dir='ltr'><strong><em>ἐν</em></strong></span> 
     </span>
     <span class='ocr_line' id='line_1_27' title="bbox 258 2015 1673 2065; baseline 0.001 -13"><span class='ocrx_word' id='word_1_252' title='bbox 258 2015 384 2065; x_wconf 78' lang='grc' dir='ltr'><strong><em>τούτῳ</em></strong></span> <span class='ocrx_word' id='word_1_253' title='bbox 408 2028 527 2061; x_wconf 80' lang='lat' dir='ltr'><strong>margo</strong></span> <span class='ocrx_word' id='word_1_254' title='bbox 550 2018 592 2051; x_wconf 90' lang='lat' dir='ltr'><strong><em>A.</em></strong></span> <span class='ocrx_word' id='word_1_255' title='bbox 690 2019 746 2056; x_wconf 89' lang='lat'><strong><em>15.</em></strong></span> <span class='ocrx_word' id='word_1_256' title='bbox 773 2017 988 2064; x_wconf 85' lang='grc' dir='ltr'><strong><em>Βήρωσσος]</em></strong></span> <span class='ocrx_word' id='word_1_257' title='bbox 1020 2020 1131 2064; x_wconf 80' lang='lat' dir='ltr'><strong>Vulgo</strong></span> <span class='ocrx_word' id='word_1_258' title='bbox 1162 2016 1374 2062; x_wconf 77' lang='grc' dir='ltr'><strong><em>Βηρωσσός.</em></strong></span> <span class='ocrx_word' id='word_1_259' title='bbox 1472 2019 1531 2054; x_wconf 86' lang='grc'><strong><em>16.</em></strong></span> <span class='ocrx_word' id='word_1_260' title='bbox 1557 2020 1673 2054; x_wconf 87' lang='grc' dir='ltr'><strong><em>Εστι-</em></strong></span> 
     </span>
     <span class='ocr_line' id='line_1_28' title="bbox 258 2063 1671 2111; baseline 0.001 -11"><span class='ocrx_word' id='word_1_261' title='bbox 258 2068 344 2106; x_wconf 63' lang='lat' dir='ltr'><strong>atos</strong></span> <span class='ocrx_word' id='word_1_262' title='bbox 368 2077 412 2100; x_wconf 85' lang='grc' dir='ltr'><strong><em>ιιι.</em></strong></span> <span class='ocrx_word' id='word_1_263' title='bbox 447 2066 639 2105; x_wconf 80' lang='grc' dir='ltr'><strong><em>Αἰστιαῖος</em></strong></span> <span class='ocrx_word' id='word_1_264' title='bbox 664 2065 712 2100; x_wconf 88' lang='lat' dir='ltr'><strong><em>G.</em></strong></span> <span class='ocrx_word' id='word_1_265' title='bbox 810 2067 865 2102; x_wconf 90' lang='lat'><strong><em>17.</em></strong></span> <span class='ocrx_word' id='word_1_266' title='bbox 902 2067 1123 2111; x_wconf 68' lang='grc' dir='ltr'><strong><em>Φοινικικὰ]</em></strong></span> <span class='ocrx_word' id='word_1_267' title='bbox 1166 2065 1281 2111; x_wconf 83' lang='lat' dir='ltr'>Vulgo</span> <span class='ocrx_word' id='word_1_268' title='bbox 1310 2063 1483 2102; x_wconf 77' lang='grc' dir='ltr'><strong><em>Φοινικοὶ.</em></strong></span> <span class='ocrx_word' id='word_1_269' title='bbox 1583 2078 1671 2102; x_wconf 83' lang='grc' dir='ltr'><strong><em>συν-</em></strong></span> 
     </span>
     <span class='ocr_line' id='line_1_29' title="bbox 257 2108 1670 2158; baseline 0.001 -10"><span class='ocrx_word' id='word_1_270' title='bbox 257 2110 459 2157; x_wconf 79' lang='grc' dir='ltr'><strong><em>ταξάμενοι</em></strong></span> <span class='ocrx_word' id='word_1_271' title='bbox 485 2123 529 2148; x_wconf 86' lang='grc' dir='ltr'><strong><em>ιιι.</em></strong></span> <span class='ocrx_word' id='word_1_272' title='bbox 624 2108 696 2148; x_wconf 78' lang='grc' dir='ltr'><strong><em>ὑπ’</em></strong></span> <span class='ocrx_word' id='word_1_273' title='bbox 720 2114 762 2149; x_wconf 90' lang='grc' dir='ltr'><strong><em>Α.</em></strong></span> <span class='ocrx_word' id='word_1_274' title='bbox 796 2110 892 2158; x_wconf 79' lang='grc' dir='ltr'><strong><em>παρ’</em></strong></span> <span class='ocrx_word' id='word_1_275' title='bbox 921 2114 970 2149; x_wconf 86' lang='lat' dir='ltr'><strong>G.</strong></span> <span class='ocrx_word' id='word_1_276' title='bbox 1063 2116 1122 2151; x_wconf 87' lang='grc'><strong><em>18.</em></strong></span> <span class='ocrx_word' id='word_1_277' title='bbox 1147 2115 1338 2157; x_wconf 82' lang='grc' dir='ltr'><strong><em>Εκαταῐος</em></strong></span> <span class='ocrx_word' id='word_1_278' title='bbox 1360 2125 1403 2150; x_wconf 81' lang='grc' dir='ltr'><strong><em>ιιι.</em></strong></span> <span class='ocrx_word' id='word_1_279' title='bbox 1428 2115 1594 2156; x_wconf 83' lang='grc' dir='ltr'><strong><em>Εκταῒος</em></strong></span> <span class='ocrx_word' id='word_1_280' title='bbox 1620 2114 1670 2150; x_wconf 86' lang='lat' dir='ltr'><strong>G.</strong></span> 
     </span>
     <span class='ocr_line' id='line_1_30' title="bbox 348 2157 918 2208; baseline 0 -11"><span class='ocrx_word' id='word_1_281' title='bbox 348 2162 410 2197; x_wconf 79' lang='lat'><strong>20.</strong></span> <span class='ocrx_word' id='word_1_282' title='bbox 437 2159 475 2196; x_wconf 76' lang='grc' dir='ltr'><strong><em>οἱ</em></strong></span> <span class='ocrx_word' id='word_1_283' title='bbox 496 2157 537 2196; x_wconf 76' lang='grc' dir='ltr'><strong><em>δὲ</em></strong></span> <span class='ocrx_word' id='word_1_284' title='bbox 558 2157 720 2207; x_wconf 75' lang='grc' dir='ltr'><strong><em>Νώχου]</em></strong></span> <span class='ocrx_word' id='word_1_285' title='bbox 751 2161 840 2208; x_wconf 84' lang='lat' dir='ltr'><strong>Cap.</strong></span> <span class='ocrx_word' id='word_1_286' title='bbox 859 2162 918 2198; x_wconf 89' lang='lat'><strong><em>50.</em></strong></span> 
     </span>
    </p>
   </div>
   <div class='ocr_carea' id='block_1_4' title="bbox 143 2276 1683 2989">
    <p class='ocr_par' dir='ltr' id='par_1_4' title="bbox 143 2276 1683 2989">
     <span class='ocr_line' id='line_1_31' title="bbox 165 2276 1675 2326; baseline 0.002 -15"><span class='ocrx_word' id='word_1_287' title='bbox 165 2287 273 2312; x_wconf 81' lang='lat' dir='ltr'><strong>mero.</strong></span> <span class='ocrx_word' id='word_1_288' title='bbox 322 2276 403 2312; x_wconf 89' lang='lat' dir='ltr'><strong><em>Nec</em></strong></span> <span class='ocrx_word' id='word_1_289' title='bbox 423 2280 477 2313; x_wconf 88' lang='lat' dir='ltr'><strong><em>est</em></strong></span> <span class='ocrx_word' id='word_1_290' title='bbox 498 2290 559 2313; x_wconf 88' lang='lat' dir='ltr'><strong><em>cur</em></strong></span> <span class='ocrx_word' id='word_1_291' title='bbox 580 2278 707 2325; x_wconf 85' lang='lat' dir='ltr'><strong>aliquis</strong></span> <span class='ocrx_word' id='word_1_292' title='bbox 723 2283 939 2326; x_wconf 83' lang='lat' dir='ltr'><strong>praesentem</strong></span> <span class='ocrx_word' id='word_1_293' title='bbox 958 2278 1065 2315; x_wconf 79' lang='lat' dir='ltr'><strong>vitam</strong></span> <span class='ocrx_word' id='word_1_294' title='bbox 1077 2304 1088 2322; x_wconf 92' lang='lat'><strong>,</strong></span> <span class='ocrx_word' id='word_1_295' title='bbox 1112 2290 1346 2325; x_wconf 83' lang='lat' dir='ltr'><strong>annorumque</strong></span> <span class='ocrx_word' id='word_1_296' title='bbox 1365 2278 1577 2325; x_wconf 80' lang='lat' dir='ltr'><strong>paucitatem</strong></span> <span class='ocrx_word' id='word_1_297' title='bbox 1597 2290 1675 2314; x_wconf 89' lang='lat' dir='ltr'><strong><em>cum</em></strong></span> 
     </span>
     <span class='ocr_line' id='line_1_32' title="bbox 165 2324 1675 2373; baseline 0.002 -15"><span class='ocrx_word' id='word_1_298' title='bbox 165 2324 360 2370; x_wconf 84' lang='lat' dir='ltr'><strong>priscorum</strong></span> <span class='ocrx_word' id='word_1_299' title='bbox 378 2326 482 2360; x_wconf 89' lang='lat' dir='ltr'><strong>rebus</strong></span> <span class='ocrx_word' id='word_1_300' title='bbox 504 2326 714 2362; x_wconf 85' lang='lat' dir='ltr'><strong>conferendo</strong></span> <span class='ocrx_word' id='word_1_301' title='bbox 733 2327 837 2362; x_wconf 86' lang='lat' dir='ltr'><strong>fidem</strong></span> <span class='ocrx_word' id='word_1_302' title='bbox 855 2327 954 2362; x_wconf 85' lang='lat' dir='ltr'><strong>nobis</strong></span> <span class='ocrx_word' id='word_1_303' title='bbox 974 2328 1140 2372; x_wconf 82' lang='lat' dir='ltr'><strong>abroget,</strong></span> <span class='ocrx_word' id='word_1_304' title='bbox 1166 2333 1227 2361; x_wconf 86' lang='lat' dir='ltr'><strong><em>aut</em></strong></span> <span class='ocrx_word' id='word_1_305' title='bbox 1249 2326 1333 2373; x_wconf 85' lang='lat' dir='ltr'><strong>quia</strong></span> <span class='ocrx_word' id='word_1_306' title='bbox 1351 2339 1442 2362; x_wconf 92' lang='lat' dir='ltr'><strong>nunc</strong></span> <span class='ocrx_word' id='word_1_307' title='bbox 1457 2339 1525 2362; x_wconf 91' lang='lat' dir='ltr'><strong><em>non</em></strong></span> <span class='ocrx_word' id='word_1_308' title='bbox 1547 2338 1675 2373; x_wconf 86' lang='lat' dir='ltr'><strong>perae-</strong></span> 
     </span>
     <span class='ocr_line' id='line_1_33' title="bbox 166 2373 1675 2419; baseline 0.002 -14"><span class='ocrx_word' id='word_1_309' title='bbox 166 2383 237 2417; x_wconf 92' lang='lat' dir='ltr'><strong><em>que</em></strong></span> <span class='ocrx_word' id='word_1_310' title='bbox 262 2373 444 2418; x_wconf 84' lang='lat' dir='ltr'><strong>prorogari</strong></span> <span class='ocrx_word' id='word_1_311' title='bbox 463 2373 581 2416; x_wconf 84' lang='lat' dir='ltr'><strong>videt,</strong></span> <span class='ocrx_word' id='word_1_312' title='bbox 606 2374 840 2410; x_wconf 83' lang='lat' dir='ltr'><strong>coniecturam</strong></span> <span class='ocrx_word' id='word_1_313' title='bbox 861 2374 940 2409; x_wconf 89' lang='lat' dir='ltr'><strong>hinc</strong></span> <span class='ocrx_word' id='word_1_314' title='bbox 960 2375 1004 2409; x_wconf 88' lang='lat' dir='ltr'><strong><em>de</em></strong></span> <span class='ocrx_word' id='word_1_315' title='bbox 1034 2374 1172 2409; x_wconf 89' lang='lat' dir='ltr'><strong>illorum</strong></span> <span class='ocrx_word' id='word_1_316' title='bbox 1190 2374 1429 2419; x_wconf 82' lang='lat' dir='ltr'><strong>longaevitate</strong></span> <span class='ocrx_word' id='word_1_317' title='bbox 1446 2374 1567 2410; x_wconf 81' lang='lat' dir='ltr'><strong>faciat.</strong></span> <span class='ocrx_word' id='word_1_318' title='bbox 1618 2373 1675 2408; x_wconf 91' lang='lat' dir='ltr'><strong>Illi</strong></span> 
     </span>
     <span class='ocr_line' id='line_1_34' title="bbox 167 2418 1674 2468; baseline 0.003 -16"><span class='ocrx_word' id='word_1_319' title='bbox 167 2418 257 2453; x_wconf 87' lang='lat' dir='ltr'><strong>enim</strong></span> <span class='ocrx_word' id='word_1_320' title='bbox 285 2419 349 2454; x_wconf 89' lang='lat' dir='ltr'><strong><em>deo</em></strong></span> <span class='ocrx_word' id='word_1_321' title='bbox 371 2420 444 2454; x_wconf 85' lang='lat' dir='ltr'><strong>cari</strong></span> <span class='ocrx_word' id='word_1_322' title='bbox 473 2432 549 2455; x_wconf 92' lang='lat' dir='ltr'><strong><em>cum</em></strong></span> <span class='ocrx_word' id='word_1_323' title='bbox 569 2426 705 2465; x_wconf 87' lang='lat' dir='ltr'><strong>essent,</strong></span> <span class='ocrx_word' id='word_1_324' title='bbox 730 2421 909 2468; x_wconf 78' lang='lat' dir='ltr'><strong>ipsiusque</strong></span> <span class='ocrx_word' id='word_1_325' title='bbox 928 2434 1051 2457; x_wconf 87' lang='lat' dir='ltr'><strong>recens</strong></span> <span class='ocrx_word' id='word_1_326' title='bbox 1072 2422 1177 2457; x_wconf 83' lang='lat' dir='ltr'><strong>etiam</strong></span> <span class='ocrx_word' id='word_1_327' title='bbox 1195 2427 1266 2456; x_wconf 85' lang='lat' dir='ltr'><strong><em>tum</em></strong></span> <span class='ocrx_word' id='word_1_328' title='bbox 1295 2422 1490 2468; x_wconf 87' lang='lat' dir='ltr'><strong>opificium,</strong></span> <span class='ocrx_word' id='word_1_329' title='bbox 1514 2426 1552 2457; x_wconf 86' lang='lat' dir='ltr'><strong><em>et</em></strong></span> <span class='ocrx_word' id='word_1_330' title='bbox 1579 2433 1674 2456; x_wconf 86' lang='lat' dir='ltr'><strong>com-</strong></span> 
     </span>
     <span class='ocr_line' id='line_1_35' title="bbox 166 2465 1676 2515; baseline 0.003 -16"><span class='ocrx_word' id='word_1_331' title='bbox 166 2465 323 2500; x_wconf 90' lang='lat' dir='ltr'><strong>modiore</strong></span> <span class='ocrx_word' id='word_1_332' title='bbox 340 2466 439 2502; x_wconf 86' lang='lat' dir='ltr'><strong>victu</strong></span> <span class='ocrx_word' id='word_1_333' title='bbox 458 2467 502 2501; x_wconf 81' lang='lat' dir='ltr'><strong><em>ad</em></strong></span> <span class='ocrx_word' id='word_1_334' title='bbox 520 2467 778 2504; x_wconf 83' lang='lat' dir='ltr'><strong>diuturnitatem</strong></span> <span class='ocrx_word' id='word_1_335' title='bbox 795 2474 989 2512; x_wconf 85' lang='lat' dir='ltr'><strong>uterentur,</strong></span> <span class='ocrx_word' id='word_1_336' title='bbox 1013 2469 1120 2504; x_wconf 83' lang='lat' dir='ltr'><strong>facile</strong></span> <span class='ocrx_word' id='word_1_337' title='bbox 1136 2469 1387 2504; x_wconf 83' lang='lat' dir='ltr'><strong>diuturniorem</strong></span> <span class='ocrx_word' id='word_1_338' title='bbox 1408 2470 1517 2504; x_wconf 85' lang='lat' dir='ltr'><strong>vitam</strong></span> <span class='ocrx_word' id='word_1_339' title='bbox 1533 2473 1676 2515; x_wconf 70' lang='lat' dir='ltr'><strong>protra-</strong></span> 
     </span>
     <span class='ocr_line' id='line_1_36' title="bbox 166 2511 1674 2568; baseline 0.003 -22"><span class='ocrx_word' id='word_1_340' title='bbox 166 2511 308 2568; x_wconf 62' lang='lat' dir='ltr'><strong>lnebant.</strong></span> <span class='ocrx_word' id='word_1_341' title='bbox 355 2515 547 2549; x_wconf 84' lang='lat' dir='ltr'><strong>Praeterea</strong></span> <span class='ocrx_word' id='word_1_342' title='bbox 567 2527 643 2550; x_wconf 90' lang='lat' dir='ltr'><strong><em>cum</em></strong></span> <span class='ocrx_word' id='word_1_343' title='bbox 662 2521 807 2562; x_wconf 87' lang='lat' dir='ltr'><strong>propter</strong></span> <span class='ocrx_word' id='word_1_344' title='bbox 837 2516 990 2552; x_wconf 84' lang='lat' dir='ltr'><strong>studium</strong></span> <span class='ocrx_word' id='word_1_345' title='bbox 1016 2517 1184 2559; x_wconf 85' lang='lat' dir='ltr'><strong>virtutis,</strong></span> <span class='ocrx_word' id='word_1_346' title='bbox 1207 2521 1281 2551; x_wconf 88' lang='lat' dir='ltr'><strong><em>tum</em></strong></span> <span class='ocrx_word' id='word_1_347' title='bbox 1313 2521 1460 2563; x_wconf 89' lang='lat' dir='ltr'><strong>propter</strong></span> <span class='ocrx_word' id='word_1_348' title='bbox 1485 2517 1674 2551; x_wconf 81' lang='lat' dir='ltr'><strong>utilitatem</strong></span> 
     </span>
     <span class='ocr_line' id='line_1_37' title="bbox 166 2562 1676 2610; baseline 0.002 -16"><span class='ocrx_word' id='word_1_349' title='bbox 166 2565 386 2595; x_wconf 69' lang='lat' dir='ltr'><strong>inventarum</strong></span> <span class='ocrx_word' id='word_1_350' title='bbox 401 2562 527 2596; x_wconf 86' lang='lat' dir='ltr'><strong>artium</strong></span> <span class='ocrx_word' id='word_1_351' title='bbox 552 2567 594 2597; x_wconf 82' lang='lat' dir='ltr'><strong><em>ut</em></strong></span> <span class='ocrx_word' id='word_1_352' title='bbox 616 2563 847 2598; x_wconf 83' lang='lat' dir='ltr'><strong>astronomiae</strong></span> <span class='ocrx_word' id='word_1_353' title='bbox 865 2568 908 2599; x_wconf 80' lang='lat' dir='ltr'><strong>et·-</strong></span> <span class='ocrx_word' id='word_1_354' title='bbox 925 2564 1160 2610; x_wconf 84' lang='lat' dir='ltr'><strong>geometriae,</strong></span> <span class='ocrx_word' id='word_1_355' title='bbox 1186 2575 1330 2610; x_wconf 86' lang='lat' dir='ltr'><strong>quarum</strong></span> <span class='ocrx_word' id='word_1_356' title='bbox 1354 2564 1619 2606; x_wconf 83' lang='lat' dir='ltr'><strong>certitudinem,</strong></span> <span class='ocrx_word' id='word_1_357' title='bbox 1644 2562 1676 2597; x_wconf 91' lang='lat' dir='ltr'><strong><em>si</em></strong></span> 
     </span>
     <span class='ocr_line' id='line_1_38' title="bbox 167 2606 1676 2658; baseline 0.002 -17"><span class='ocrx_word' id='word_1_358' title='bbox 167 2606 278 2642; x_wconf 84' lang='lat' dir='ltr'><strong>minus</strong></span> <span class='ocrx_word' id='word_1_359' title='bbox 297 2609 472 2643; x_wconf 83' lang='lat' dir='ltr'><strong>sexcentis</strong></span> <span class='ocrx_word' id='word_1_360' title='bbox 492 2609 589 2649; x_wconf 80' lang='lat' dir='ltr'><strong>annis</strong></span> <span class='ocrx_word' id='word_1_361' title='bbox 609 2611 673 2655; x_wconf 89' lang='lat' dir='ltr'><strong><em>(ex</em></strong></span> <span class='ocrx_word' id='word_1_362' title='bbox 689 2611 833 2646; x_wconf 76' lang='lat' dir='ltr'><strong>totidem</strong></span> <span class='ocrx_word' id='word_1_363' title='bbox 852 2612 985 2658; x_wconf 88' lang='lat' dir='ltr'><strong>quippe</strong></span> <span class='ocrx_word' id='word_1_364' title='bbox 1002 2623 1146 2657; x_wconf 84' lang='lat' dir='ltr'><strong>magnus</strong></span> <span class='ocrx_word' id='word_1_365' title='bbox 1167 2623 1275 2646; x_wconf 83' lang='lat' dir='ltr'><strong>annus</strong></span> <span class='ocrx_word' id='word_1_366' title='bbox 1294 2612 1472 2657; x_wconf 83' lang='lat' dir='ltr'><strong>constat),</strong></span> <span class='ocrx_word' id='word_1_367' title='bbox 1492 2611 1676 2654; x_wconf 83' lang='lat' dir='ltr'><strong>vixissent,</strong></span> 
     </span>
     <span class='ocr_line' id='line_1_39' title="bbox 143 2655 1675 2705; baseline 0.003 -17"><span class='ocrx_word' id='word_1_368' title='bbox 143 2655 312 2700; x_wconf 63' lang='lat' dir='ltr'><strong>assequi</strong></span> <span class='ocrx_word' id='word_1_369' title='bbox 338 2667 406 2690; x_wconf 91' lang='lat' dir='ltr'><strong><em>non</em></strong></span> <span class='ocrx_word' id='word_1_370' title='bbox 434 2661 616 2702; x_wconf 82' lang='lat' dir='ltr'><strong>poterant,</strong></span> <span class='ocrx_word' id='word_1_371' title='bbox 653 2658 739 2693; x_wconf 86' lang='lat' dir='ltr'><strong>deus</strong></span> <span class='ocrx_word' id='word_1_372' title='bbox 769 2658 838 2692; x_wconf 87' lang='lat' dir='ltr'><strong>illis</strong></span> <span class='ocrx_word' id='word_1_373' title='bbox 869 2670 1083 2693; x_wconf 83' lang='lat' dir='ltr'><strong>numerosam</strong></span> <span class='ocrx_word' id='word_1_374' title='bbox 1117 2670 1285 2693; x_wconf 86' lang='lat' dir='ltr'><strong>annorum</strong></span> <span class='ocrx_word' id='word_1_375' title='bbox 1315 2659 1450 2705; x_wconf 84' lang='lat' dir='ltr'><strong>copiam</strong></span> <span class='ocrx_word' id='word_1_376' title='bbox 1481 2658 1675 2694; x_wconf 80' lang='lat' dir='ltr'><strong>tribuebat.</strong></span> 
     </span>
     <span class='ocr_line' id='line_1_40' title="bbox 167 2703 1678 2752; baseline 0.001 -15"><span class='ocrx_word' id='word_1_377' title='bbox 167 2703 394 2737; x_wconf 80' lang='lat' dir='ltr'><strong>Attestantur</strong></span> <span class='ocrx_word' id='word_1_378' title='bbox 405 2708 520 2738; x_wconf 82' lang='lat' dir='ltr'><strong>autem</strong></span> <span class='ocrx_word' id='word_1_379' title='bbox 543 2703 625 2737; x_wconf 85' lang='lat' dir='ltr'><strong>mihi</strong></span> <span class='ocrx_word' id='word_1_380' title='bbox 643 2704 776 2747; x_wconf 81' lang='lat' dir='ltr'><strong>cuncti,</strong></span> <span class='ocrx_word' id='word_1_381' title='bbox 803 2705 866 2751; x_wconf 89' lang='lat' dir='ltr'><strong><em>qui</em></strong></span> <span class='ocrx_word' id='word_1_382' title='bbox 882 2706 1040 2741; x_wconf 79' lang='lat' dir='ltr'><strong>Graecas</strong></span> <span class='ocrx_word' id='word_1_383' title='bbox 1059 2705 1309 2741; x_wconf 83' lang='lat' dir='ltr'><strong>barbaricasve</strong></span> <span class='ocrx_word' id='word_1_384' title='bbox 1337 2705 1564 2752; x_wconf 82' lang='lat' dir='ltr'><strong>antiquitates</strong></span> <span class='ocrx_word' id='word_1_385' title='bbox 1580 2705 1678 2740; x_wconf 87' lang='lat' dir='ltr'><strong>litte-</strong></span> 
     </span>
     <span class='ocr_line' id='line_1_41' title="bbox 167 2748 1683 2799; baseline 0.001 -15"><span class='ocrx_word' id='word_1_386' title='bbox 167 2748 219 2784; x_wconf 84' lang='lat' dir='ltr'><strong><em>ris</em></strong></span> <span class='ocrx_word' id='word_1_387' title='bbox 238 2749 480 2795; x_wconf 86' lang='lat' dir='ltr'><strong>prodiderunt.</strong></span> <span class='ocrx_word' id='word_1_388' title='bbox 528 2751 688 2797; x_wconf 87' lang='lat' dir='ltr'><strong>Namque</strong></span> <span class='ocrx_word' id='word_1_389' title='bbox 707 2756 744 2787; x_wconf 87' lang='lat' dir='ltr'><strong><em>et</em></strong></span> <span class='ocrx_word' id='word_1_390' title='bbox 769 2752 937 2787; x_wconf 81' lang='lat' dir='ltr'><strong>Manetho</strong></span> <span class='ocrx_word' id='word_1_391' title='bbox 955 2753 1207 2799; x_wconf 85' lang='lat' dir='ltr'><strong>Aegyptiarum</strong></span> <span class='ocrx_word' id='word_1_392' title='bbox 1238 2765 1352 2787; x_wconf 89' lang='lat' dir='ltr'><strong>rerum</strong></span> <span class='ocrx_word' id='word_1_393' title='bbox 1379 2753 1532 2799; x_wconf 82' lang='lat' dir='ltr'><strong>scriptor</strong></span> <span class='ocrx_word' id='word_1_394' title='bbox 1556 2758 1594 2788; x_wconf 84' lang='lat' dir='ltr'><strong><em>et</em></strong></span> <span class='ocrx_word' id='word_1_395' title='bbox 1605 2752 1683 2786; x_wconf 63' lang='lat' dir='ltr'><strong>Bes-⁵</strong></span> 
     </span>
     <span class='ocr_line' id='line_1_42' title="bbox 167 2796 1677 2846; baseline 0.003 -16"><span class='ocrx_word' id='word_1_396' title='bbox 167 2807 268 2830; x_wconf 86' lang='lat' dir='ltr'><strong>rosus</strong></span> <span class='ocrx_word' id='word_1_397' title='bbox 289 2796 579 2841; x_wconf 75' lang='lat' dir='ltr'><strong>Chafflaicarum,</strong></span> <span class='ocrx_word' id='word_1_398' title='bbox 609 2798 654 2832; x_wconf 85' lang='lat' dir='ltr'><strong><em>ad</em></strong></span> <span class='ocrx_word' id='word_1_399' title='bbox 679 2799 767 2834; x_wconf 87' lang='lat' dir='ltr'><strong>haec</strong></span> <span class='ocrx_word' id='word_1_400' title='bbox 786 2799 960 2842; x_wconf 72' lang='lat' dir='ltr'><strong>Moenus,</strong></span> <span class='ocrx_word' id='word_1_401' title='bbox 992 2801 1180 2843; x_wconf 82' lang='lat' dir='ltr'><strong>Estiaeus,</strong></span> <span class='ocrx_word' id='word_1_402' title='bbox 1205 2800 1440 2845; x_wconf 87' lang='lat' dir='ltr'><strong>Hieronymus</strong></span> <span class='ocrx_word' id='word_1_403' title='bbox 1461 2800 1677 2846; x_wconf 83' lang='lat' dir='ltr'><strong>Aegyptius,</strong></span> 
     </span>
     <span class='ocr_line' id='line_1_43' title="bbox 169 2843 1676 2893; baseline 0.003 -15"><span class='ocrx_word' id='word_1_404' title='bbox 169 2843 229 2889; x_wconf 94' lang='lat' dir='ltr'><strong><em>qui</em></strong></span> <span class='ocrx_word' id='word_1_405' title='bbox 247 2843 460 2879; x_wconf 87' lang='lat' dir='ltr'><strong>Phoenicum</strong></span> <span class='ocrx_word' id='word_1_406' title='bbox 478 2849 582 2891; x_wconf 82' lang='lat' dir='ltr'><strong>gesta</strong></span> <span class='ocrx_word' id='word_1_407' title='bbox 602 2845 806 2892; x_wconf 83' lang='lat' dir='ltr'><strong>prosequuti</strong></span> <span class='ocrx_word' id='word_1_408' title='bbox 827 2850 918 2889; x_wconf 80' lang='lat' dir='ltr'><strong>sunt,</strong></span> <span class='ocrx_word' id='word_1_409' title='bbox 943 2847 1121 2882; x_wconf 88' lang='lat' dir='ltr'><strong>nobiscum</strong></span> <span class='ocrx_word' id='word_1_410' title='bbox 1140 2852 1343 2882; x_wconf 79' lang='lat' dir='ltr'><strong>consonant.</strong></span> <span class='ocrx_word' id='word_1_411' title='bbox 1389 2847 1568 2882; x_wconf 84' lang='lat' dir='ltr'><strong>Hesiodus</strong></span> <span class='ocrx_word' id='word_1_412' title='bbox 1588 2858 1676 2893; x_wconf 90' lang='lat' dir='ltr'><strong>quo-</strong></span> 
     </span>
     <span class='ocr_line' id='line_1_44' title="bbox 168 2892 1679 2941; baseline 0.002 -16"><span class='ocrx_word' id='word_1_413' title='bbox 168 2901 238 2936; x_wconf 90' lang='lat' dir='ltr'><strong><em>que</em></strong></span> <span class='ocrx_word' id='word_1_414' title='bbox 267 2903 343 2926; x_wconf 89' lang='lat' dir='ltr'><strong><em>cum</em></strong></span> <span class='ocrx_word' id='word_1_415' title='bbox 373 2892 577 2934; x_wconf 82' lang='lat' dir='ltr'><strong>Hecataeo,</strong></span> <span class='ocrx_word' id='word_1_416' title='bbox 607 2893 813 2927; x_wconf 82' lang='lat' dir='ltr'><strong>Hellanicus</strong></span> <span class='ocrx_word' id='word_1_417' title='bbox 839 2898 875 2928; x_wconf 89' lang='lat' dir='ltr'><strong><em>et</em></strong></span> <span class='ocrx_word' id='word_1_418' title='bbox 901 2895 1105 2935; x_wconf 65' lang='lat' dir='ltr'><strong>Acmilaus,</strong></span> <span class='ocrx_word' id='word_1_419' title='bbox 1141 2895 1305 2941; x_wconf 89' lang='lat' dir='ltr'><strong>Ephorus</strong></span> <span class='ocrx_word' id='word_1_420' title='bbox 1330 2898 1366 2928; x_wconf 87' lang='lat' dir='ltr'><strong><em>et</em></strong></span> <span class='ocrx_word' id='word_1_421' title='bbox 1390 2895 1562 2929; x_wconf 80' lang='lat' dir='ltr'><strong>Nicolaus</strong></span> <span class='ocrx_word' id='word_1_422' title='bbox 1594 2904 1679 2928; x_wconf 84' lang='lat' dir='ltr'><strong>nar-</strong></span> 
     </span>
     <span class='ocr_line' id='line_1_45' title="bbox 167 2938 1678 2989; baseline 0.003 -17"><span class='ocrx_word' id='word_1_423' title='bbox 167 2941 249 2974; x_wconf 83' lang='lat' dir='ltr'><strong>rant</strong></span> <span class='ocrx_word' id='word_1_424' title='bbox 269 2938 406 2986; x_wconf 86' lang='lat' dir='ltr'><strong>priscos</strong></span> <span class='ocrx_word' id='word_1_425' title='bbox 426 2939 581 2977; x_wconf 79' lang='lat' dir='ltr'><strong>homines</strong></span> <span class='ocrx_word' id='word_1_426' title='bbox 600 2940 647 2976; x_wconf 85' lang='lat' dir='ltr'><strong><em>ad</em></strong></span> <span class='ocrx_word' id='word_1_427' title='bbox 664 2952 771 2976; x_wconf 82' lang='lat' dir='ltr'><strong>annos</strong></span> <span class='ocrx_word' id='word_1_428' title='bbox 786 2939 881 2977; x_wconf 85' lang='lat' dir='ltr'><strong>mille</strong></span> <span class='ocrx_word' id='word_1_429' title='bbox 899 2941 1009 2977; x_wconf 85' lang='lat' dir='ltr'><strong>vitam</strong></span> <span class='ocrx_word' id='word_1_430' title='bbox 1026 2941 1243 2989; x_wconf 84' lang='lat' dir='ltr'><strong>produxisse.</strong></span> <span class='ocrx_word' id='word_1_431' title='bbox 1293 2942 1375 2978; x_wconf 85' lang='lat' dir='ltr'><strong><em>Noe</em></strong></span> <span class='ocrx_word' id='word_1_432' title='bbox 1404 2953 1489 2978; x_wconf 84' lang='lat' dir='ltr'><strong>vero</strong></span> <span class='ocrx_word' id='word_1_433' title='bbox 1517 2940 1582 2977; x_wconf 80' lang='lat' dir='ltr'><strong>filii</strong></span> <span class='ocrx_word' id='word_1_434' title='bbox 1603 2945 1678 2977; x_wconf 80' lang='lat' dir='ltr'><strong>tres</strong></span> 
     </span>
    </p>
   </div>
  </div>
 </body>
</html>
