1800 3236
259 222 369 272 262
733 226 984 276 GEORGII
1014 225 1304 275 SYNCELLI

259 357 351 393 τας.
373 339 443 385 καὶ
465 334 688 398 εὗξάμενος
709 342 908 397 Μωῢσῆς
925 336 1031 399 ὖπέρ
1054 338 1195 383 αὐτῶν
1212 333 1450 396 προσετάγη
1469 343 1640 397 ποιῆσαι
1658 344 1768 396 χαλ-

261 415 362 456 κοῦν
404 409 527 470 ὅφιν,
565 410 673 469 πρὸς
711 408 760 455 ὃν
787 409 1097 466 ἀποβλέποντες
1125 409 1310 466 κείμενον
1333 409 1405 453 ἐπί
1443 426 1558 461 τινος
1592 412 1767 467 σημείου

260 479 362 535 ἔζων
402 481 443 526 οἱ
469 481 708 538 δηχθέντες.
757 478 883 525 ἔνθεν
911 477 1150 539 ἀπάραντες
1178 481 1236 531 εἷς
1267 478 1420 536 Ὠβώθ
1445 475 1598 537 ἦλθον.
1645 481 1690 524 ἐκ
1722 481 1768 527 δὲ

257 550 412 607 Ὠβώθ
433 553 492 604 εἷς
504 551 728 608 Ἀχελσεεὶν
758 549 867 594 κατὰ
884 547 1111 609 πρόσωπον
1136 546 1301 605 Μωάβ.
1338 549 1532 594 κάκεῖθεν
1548 545 1688 606 ἦλθον
1711 553 1770 602 εἷς

109 630 153 667 Ρ.
175 631 244 669 139
266 621 463 683 φάραγγα
492 621 648 681 Ζαρέδ.
686 620 770 665 ἀπὸ
802 618 1018 679 φάραγγος
1039 620 1184 680 Ζαρέδ
1212 621 1270 672 εἷς
1288 619 1337 665 τὸ
1357 620 1489 679 πέραν
1505 616 1645 678 ἦλθον
1665 620 1796 680 Ἀρ-5

89 688 91 690 ’
260 698 346 739 νῶν
369 692 479 738 κατὰ
498 692 548 736 τὸ
570 691 731 752 φρέαρ,
770 689 793 735 ὃ
815 689 901 735 εἶπε
923 689 1065 751 κύριος
1085 690 1191 750 πρὸς
1211 691 1433 748 Μωῢσῆν,
1471 689 1675 749 συνάγαγε
1692 691 1768 735 τὸν

261 764 367 809 λαὸν
389 764 459 808 καὶ
478 760 603 808 δώσω
624 762 768 813 αὗτοῒς
788 759 906 821 ὕδωρ
928 767 1035 807 πιεῖν
1050 775 1061 786 ·
1085 760 1168 806 ἀπὸ
1190 765 1266 805 τοῦ
1279 761 1462 820 φρέατος
1482 762 1540 813 εἷς
1549 764 1766 807 Maera?-

264 834 348 879 ἀπὸ
370 835 570 879 Μαθναῖ·
595 835 652 886 εῗς
686 830 906 890 Ναχαιήλ·
943 833 1013 876 καὶ
1043 831 1126 876 ἀπὸ
1155 831 1353 888 Ναχαιὴλ
1378 833 1437 883 εἷς
1465 829 1663 888 Βαμώθ·
1699 834 1771 876 καὶ

264 905 346 950 ἀπὸ
368 904 544 961 Βαμὼθ
565 906 622 956 εἲς
642 901 799 960 Νάπην
819 903 862 948 ἓν
879 908 943 964 τῷ·
958 903 1085 963 πεδίῳ
1106 900 1278 957 Μωάβ·
1301 903 1371 946 καὶ
1393 902 1605 946 ἀπέστειλε
1627 893 1770 946 Μωῢ-

263 981 342 1032 σῆς
358 975 465 1034 πρὸς
494 975 618 1032 Σηῶν
653 973 831 1030 βασιλέα
863 979 950 1019 τῶν
962 972 1252 1032 Ἀμορραίων,
1292 974 1423 1017 αἰτῶν
1449 977 1680 1031 παρελθεῖν
1699 973 1799 1017 διεὶί

262 1051 340 1104 τῆς
368 1050 444 1104 γῆς
470 1045 616 1091 αὗτοῧ.
655 1047 724 1089 καὶ
756 1044 834 1089 οὔκ
853 1043 979 1102 ἔδωκε
1008 1043 1157 1101 Σηὼν,
1197 1042 1295 1088 ἀλλ’
1322 1044 1679 1101 ἐξῆλθεπολεμῶν
1696 1043 1769 1088 τὸν

257 1114 444 1176 Ἰσραήλ.
482 1118 550 1160 καὶ
583 1113 787 1167 ἐπάταξεν
830 1113 960 1160 αὐτὸν
992 1112 1014 1158 ὅ
1043 1114 1215 1173 Ἰσραὴλ
1246 1114 1289 1158 ἓν
1322 1115 1514 1176 μαχαίρᾳ
1524 1147 1538 1168 ,
1577 1116 1646 1158 καὶ
1674 1114 1770 1158 ἔκυ-

266 1189 402 1246 ριέυσε
435 1186 513 1244 τὴν
542 1190 619 1245 γῆν
650 1188 719 1231 καὶ
751 1185 829 1238 τὰς
846 1184 986 1237 πόλεις
1008 1184 1149 1230 αὐτῶν
1158 1218 1172 1239 ,
1210 1178 1269 1229 ὧν
1287 1180 1340 1242 ’ἦν
1366 1182 1771 1243 πρωτεύουσαἘσε-

228 1256 374 1315 Ββών.
412 1259 482 1302 καὶ
507 1255 747 1318 κατῴκησεν
776 1258 818 1302 ἓν
837 1256 997 1308 αὗταΐς.
1036 1254 1360 1313 ἐπιστρέψαντες
1381 1256 1426 1299 δὲ
1448 1256 1515 1299 ἐπὶ
1531 1255 1705 1310 Βασὰν,
1741 1254 1771 1312 ἥ

266 1330 354 1372 ἔστι
394 1326 689 1383 Σκυθόπολις,
728 1328 904 1385 ἐξῆλθεν
928 1326 1011 1384 ’Ὼγ
1046 1325 1243 1384 βασιλεὺς
1283 1326 1436 1371 Βασάν
1470 1329 1664 1382 πολεμῶν
1694 1325 1800 1370 τὸν1

260 1396 445 1458 Ἰσραήλ.
484 1401 551 1443 καὶ
571 1397 772 1450 ἐπάταξεν
792 1393 920 1442 αὐτὸν
952 1398 1022 1441 καὶ
1046 1397 1148 1449 τοὺς
1166 1396 1286 1449 υἱοὺς
1308 1396 1439 1442 αὐτοῦ
1462 1397 1532 1441 καὶ
1553 1396 1627 1443 τὸν
1647 1395 1766 1453 λαὸν,

266 1471 338 1514 καὶ
359 1467 701 1527 ἔκληρονόμησαν
719 1469 797 1526 τὴν
816 1473 894 1527 γῆν
915 1468 1060 1514 αὐτοῦ.

366 1539 550 1584 Ἐκεῖθεν
580 1537 817 1598 ἀπάραντες
846 1535 988 1596 ἦλθον
1010 1540 1068 1591 εἷς
1082 1537 1287 1596 'Apamia
1307 1537 1459 1595 Μωᾶβ
1479 1538 1545 1582 ἐπὶ
1562 1541 1640 1582 τοῦ
1660 1536 1770 1596 Ἰορ-

266 1607 396 1655 δάνου
427 1610 536 1655 κατὰ
562 1608 732 1669 Ἱεριχώ.
770 1608 865 1654 τότε
899 1609 1048 1654 Βαλὰκ
1071 1610 1162 1661 υἱὸς
1189 1609 1374 1668 Σεπφώρ
1402 1608 1600 1666 βασιλεὺς
1621 1608 1772 1664 Mearm

266 1679 453 1733 ἀκούσας
481 1681 537 1726 τὰ
566 1683 658 1741 περὶ
687 1699 764 1726 του
783 1679 907 1739 Σηὼν
926 1682 995 1725 καὶ
1017 1685 1092 1725 τοῦ
1103 1679 1186 1739 ’Ὼγ
1194 1714 1208 1736 ,
1249 1679 1362 1732 ὅπως
1386 1676 1691 1739 παρεδόθησαν
1710 1682 1800 1740 τῷέ

362 1772 395 1807 1.
421 1765 442 1807 ὁ
464 1771 633 1819 Μωῢσῆς
652 1769 700 1806 G.
822 1767 859 1807 4.
885 1765 1069 1816 ἇχελσεεὶν
1085 1769 1128 1804 Β.
1153 1769 1334 1816 Αχελαίην
1350 1768 1400 1804 G.
1420 1763 1592 1815 Ἀχαλγαὶ
1623 1767 1771 1803 Numer.

361 1817 529 1860 XX1‚11.
607 1819 643 1856 5.
669 1815 790 1863 Ζαρὲδ
807 1830 840 1853 m
859 1829 903 1853 ex
911 1818 1057 1854 Numer.
1077 1815 1198 1864 Ζερὲθ
1207 1817 1257 1853 G.
1342 1814 1478 1862 Ζαρὲδ]
1492 1816 1606 1862 Vulgo
1630 1814 1771 1862 Ζαρὲθ.

432 1865 488 1908 εἰς
513 1863 557 1901 τὸ
589 1879 630 1902 π.
653 1860 777 1912 ἦλθον
794 1866 839 1901 Β.
863 1859 988 1911 ἦλθον
1013 1866 1066 1907 εἰς
1085 1864 1129 1902 τὸ
1148 1878 1187 1902 π.
1211 1866 1261 1901 G.
1363 1862 1491 1911 ἀρνῶν
1505 1863 1546 1898 Β.
1571 1862 1703 1908 Αρνσὸν
1721 1864 1770 1900 G.

430 1913 468 1948 7.
490 1913 682 1957 Μαθναΐ]
708 1912 963 1949 Μανθαναεὶν
979 1913 1129 1949 Numer.
1141 1911 1242 1955 XXI,
1265 1913 1320 1948 18.
1346 1917 1384 1949 et
1400 1909 1576 1956 Νααλιήλ
1599 1923 1663 1958 pro
1687 1913 1771 1948 Noc-

359 1957 483 2007 χαιήλ.
577 1964 612 1998 9.
638 1958 795 2007 Νάπην]
822 1959 955 2007 Ράπην
977 1961 1028 1995 G.
1047 1958 1173 2005 Ἰανὴν
1190 1960 1337 1995 Numer.
1434 1956 1576 2005 Μωάβ]
1600 1960 1709 2003 νωᾶμ
1728 1961 1769 1993 Α.

435 2008 491 2044 13.
513 2005 675 2056 Ἐσεβών
693 2008 839 2044 Numer.
855 2006 1015 2057 ἐσσεβών
1033 2008 1075 2042 Β.
1101 2005 1279 2052 Εὐσεβιὸν
1299 2007 1348 2042 G.
1387 2005 1398 2033 s
1445 2004 1492 2043 14
1513 2011 1550 2040 et
1572 2007 1626 2042 15.
1650 2005 1772 2053 βασοὶν

277 2069 297 2081 κ
361 2054 406 2088 Β.
429 2055 574 2102 βασσᾶν
593 2059 634 2092 Α.
661 2053 815 2091 Βασσοὶν
838 2056 887 2090 G.
1009 2056 1065 2092 15.
1097 2054 1164 2091 τόν
1191 2053 1324 2101 ἰσραήλ
1348 2054 1389 2090 Α.
1421 2055 1475 2102 τῷ
1494 2052 1634 2099 Ισραὴλ
1651 2054 1699 2088 G.

364 2103 419 2140 16.
444 2101 539 2138 λαὸν
565 2103 610 2139 Β.
640 2100 733 2140 λαὸν
759 2099 883 2139 αὐτοῦ
912 2103 960 2138 G.
1081 2104 1138 2140 17.
1163 2099 1468 2149 ἐκληρονόμησαν
1495 2101 1537 2136 Β.
1574 2099 1770 2148 ἐκληρονό-

362 2160 457 2195 μησε
484 2150 533 2185 G.
637 2152 694 2188 18.
718 2146 883 2199 ἄραβιόθ
905 2147 1019 2196 μωάμ
1042 2150 1084 2185 Β.
1189 2152 1247 2188 19.
1272 2150 1397 2198 ἰεριχῷ
1416 2151 1459 2186 Α.
1483 2148 1609 2197 ἰεριχῶ
1624 2149 1667 2185 Β.

268 2219 448 2263 dominus,
472 2222 704 2268 precatusque
720 2232 784 2268 pro
801 2220 852 2257 eis
875 2221 993 2257 Moses
1019 2231 1162 2256 aeneum
1180 2223 1376 2268 serpentem
1401 2220 1516 2255 iussus
1528 2222 1583 2254 est
1603 2219 1768 2262 conflare,

269 2271 311 2300 ut
328 2267 495 2303 coniectis
516 2267 553 2302 in
575 2280 652 2303 eum
674 2280 718 2304 ex
737 2269 887 2315 quodam
910 2268 1010 2315 signo
1036 2279 1242 2314 suspensum
1263 2267 1394 2310 oculis,
1420 2267 1480 2314 qui
1498 2267 1680 2302 venenatis
1698 2279 1770 2302 ser-

269 2316 410 2359 pentum
446 2314 618 2350 morsibus
640 2316 905 2362 asffigerentur,
940 2316 1049 2351 vitam
1074 2316 1188 2350 denuo
1214 2314 1425 2360 reciperent.
1480 2314 1568 2349 Inde
1595 2314 1771 2349 solventes

268 2365 441 2396 venerunt
460 2362 497 2397 in
517 2361 660 2406 oboth,
686 2375 730 2398 ex
750 2364 871 2399 Oboth
895 2363 934 2398 in
955 2362 1124 2409 Achalgai
1149 2373 1192 2397 ex
1218 2361 1365 2397 adverso
1389 2362 1495 2397 Moab
1517 2361 1667 2407 profecti
1689 2364 1770 2396 sunt

269 2411 308 2442 et
332 2407 412 2442 hinc
435 2408 472 2443 in
502 2414 692 2456 praerupta
718 2411 856 2456 Zared,
889 2421 911 2444 a
937 2410 1138 2456 praeruptis
1168 2408 1286 2444 Zared
1318 2413 1490 2444 venerunt
1511 2412 1608 2443 trans
1637 2408 1769 2450 Arnon,

269 2454 369 2490 iuxta
389 2461 552 2501 puteum,
576 2456 621 2491 de
642 2469 712 2504 quo
731 2457 821 2492 dixit
847 2458 1004 2492 dominus
1026 2455 1139 2492 Mosi:
1163 2467 1342 2502 congrega
1362 2455 1526 2502 populum
1547 2461 1583 2490 et
1605 2455 1695 2490 dabo
1718 2455 1771 2489 eis

271 2513 398 2548 aquam
413 2502 449 2538 in
465 2507 605 2549 potum3
625 2516 646 2538 a
663 2508 769 2550 puteo
780 2503 816 2538 in
824 2504 1066 2546 Manthanain,
1086 2516 1107 2538 a
1120 2503 1348 2538 Manthanain
1364 2504 1400 2538 in
1422 2502 1572 2543 Nauliel,
1589 2514 1611 2537 a
1628 2502 1770 2537 Naaliel

268 2548 307 2584 in
325 2549 483 2593 Bamoth,
502 2562 524 2585 a
540 2551 688 2587 Bamoth
704 2551 741 2585 in
758 2551 866 2586 Ianen
884 2552 921 2586 in
939 2551 1193 2598 campestribus
1212 2551 1331 2585 Moab.
1356 2549 1527 2596 Misitque
1537 2549 1657 2584 Moses
1669 2549 1770 2595 lega-

272 2600 329 2632 tos
348 2596 393 2632 ad
405 2597 511 2640 seon,
529 2598 818 2633 Amorrhaeorum
833 2609 965 2644 regem,
981 2598 1166 2634 transitum
1183 2610 1248 2644 per
1265 2597 1340 2632 eius
1358 2601 1487 2632 terram
1505 2597 1768 2642 deprecaturos.

271 2643 466 2679 Recusavit
485 2645 580 2679 Seon
599 2651 636 2680 et
657 2657 819 2691 egressus
831 2649 885 2679 est
902 2645 1026 2680 bellum
1045 2657 1121 2680 cum
1130 2645 1240 2679 Israel
1253 2644 1504 2679 commissurus.
1527 2643 1578 2678 Et
1594 2643 1771 2689 percussit

272 2701 350 2725 eum
372 2691 484 2727 Israel
503 2691 620 2738 gladio
643 2697 680 2727 et
698 2697 827 2727 terram
847 2693 924 2727 eius
944 2693 1098 2727 obtinuit
1119 2696 1156 2727 et
1184 2691 1368 2736 civitates,
1394 2701 1537 2738 quarum
1566 2691 1678 2736 prima
1698 2690 1769 2725 fuit

272 2737 415 2774 Esebon
438 2742 475 2774 et
500 2739 673 2774 habitavit
694 2739 731 2774 in
753 2739 817 2774 eis.
865 2740 1086 2785 Arreptoque
1108 2751 1233 2774 versus
1249 2740 1389 2781 Basan,
1413 2749 1502 2784 quae
1529 2737 1657 2772 deinde
1676 2737 1769 2781 Scy-

271 2785 447 2831 thopolis,
471 2785 598 2822 itinere
619 2797 684 2822 rex
720 2786 836 2821 Basan
859 2786 918 2831 Og
949 2786 1122 2832 processit
1146 2786 1282 2821 obviam
1304 2785 1415 2821 Israel
1431 2784 1467 2819 in
1489 2783 1670 2830 praelium.
1717 2784 1770 2819 Et

272 2832 463 2868 debellavit
477 2844 553 2868 eum
570 2837 608 2869 et
625 2832 717 2868 filios
733 2836 770 2867 et
787 2833 950 2879 populum
968 2832 1041 2867 eius
1059 2838 1096 2868 et
1113 2837 1243 2868 terram
1260 2833 1334 2868 eius
1351 2831 1516 2879 possedit.

365 2879 475 2914 Motis
502 2892 547 2915 ue
570 2880 655 2916 inde
682 2879 808 2915 castris
836 2884 1009 2915 venerunt
1029 2879 1067 2914 in
1086 2881 1244 2915 Araboth
1267 2880 1372 2916 Moab
1400 2878 1444 2914 ad
1464 2878 1644 2914 Iordanem
1670 2877 1769 2913 iuxta

269 2924 421 2962 Iericho.
502 2940 522 2962 o
546 2929 703 2974 tempore
725 2926 854 2969 Balac,
878 2926 972 2960 filius
991 2926 1153 2972 Sephor,
1176 2938 1239 2961 rex
1261 2927 1370 2962 Moab
1397 2926 1518 2961 audita
1535 2926 1629 2961 Seon
1649 2929 1687 2961 et
1708 2925 1768 2970 Og

270 2984 358 3009 nece
390 2977 428 3009 et
450 2978 490 3011 ut
515 2972 551 3010 in
580 2977 788 3023 potestatem
806 2973 919 3011 Israel
941 2977 1134 3020 venerunt,
1166 2985 1291 3022 magno
1323 2977 1456 3011 terrore
1482 2979 1664 3021 correptus
1690 2980 1766 3016 est;
