<?xml version="1.0" encoding="UTF-8"?>
<!DOCTYPE html PUBLIC "-//W3C//DTD XHTML 1.0 Transitional//EN"
    "http://www.w3.org/TR/xhtml1/DTD/xhtml1-transitional.dtd">
<html xmlns="http://www.w3.org/1999/xhtml" xml:lang="en" lang="en">
 <head>
  <title>
</title>
<meta http-equiv="Content-Type" content="text/html;charset=utf-8" />
  <meta name='ocr-system' content='tesseract 3.04.00' />
  <meta name='ocr-capabilities' content='ocr_page ocr_carea ocr_par ocr_line ocrx_word'/>
</head>
<body>
  <div class='ocr_page' id='page_1' title='image "./corpusscriptorum20niebuoft_0632.png"; bbox 0 0 1800 3236; ppageno 0'>
   <div class='ocr_carea' id='block_1_1' title="bbox 239 165 1266 219">
    <p class='ocr_par' dir='ltr' id='par_1_1' title="bbox 239 165 1266 219">
     <span class='ocr_line' id='line_1_1' title="bbox 239 165 1266 219; baseline 0.003 -5"><span class='ocrx_word' id='word_1_1' title='bbox 239 166 298 215; x_wconf 89' lang='lat'><strong>61</strong></span> <span class='ocrx_word' id='word_1_2' title='bbox 311 165 343 214; x_wconf 79' lang='lat'>8</span> <span class='ocrx_word' id='word_1_3' title='bbox 697 171 951 218; x_wconf 85' lang='lat' dir='ltr'>GEORGII</span> <span class='ocrx_word' id='word_1_4' title='bbox 979 169 1266 219; x_wconf 91' lang='lat' dir='ltr'>SYNCELLI</span> 
     </span>
    </p>
   </div>
   <div class='ocr_carea' id='block_1_2' title="bbox 81 277 1800 1691">
    <p class='ocr_par' dir='ltr' id='par_1_2' title="bbox 81 277 1800 1691">
     <span class='ocr_line' id='line_1_2' title="bbox 237 277 1748 343; baseline 0.001 -13"><span class='ocrx_word' id='word_1_5' title='bbox 237 280 446 342; x_wconf 76' lang='grc' dir='ltr'><strong><em>ἀλήθειαν</em></strong></span> <span class='ocrx_word' id='word_1_6' title='bbox 467 277 766 340; x_wconf 73' lang='grc' dir='ltr'><strong><em>ἀσπασάμενος</em></strong></span> <span class='ocrx_word' id='word_1_7' title='bbox 782 284 826 328; x_wconf 76' lang='grc' dir='ltr'><strong>ἓν</strong></span> <span class='ocrx_word' id='word_1_8' title='bbox 846 288 1032 339; x_wconf 74' lang='grc' dir='ltr'><strong><em>πολλοῖς,</em></strong></span> <span class='ocrx_word' id='word_1_9' title='bbox 1056 281 1090 338; x_wconf 78' lang='grc' dir='ltr'><em>ζ</em></span> <span class='ocrx_word' id='word_1_10' title='bbox 1110 282 1338 343; x_wconf 83' lang='grc' dir='ltr'><strong><em>διήμαρτεν</em></strong></span> <span class='ocrx_word' id='word_1_11' title='bbox 1361 281 1507 341; x_wconf 55' lang='grc' dir='ltr'><strong><em>ἔτεσιν,</em></strong></span> <span class='ocrx_word' id='word_1_12' title='bbox 1533 284 1673 331; x_wconf 74' lang='grc' dir='ltr'><strong><em>ἐλθών</em></strong></span> <span class='ocrx_word' id='word_1_13' title='bbox 1690 288 1748 339; x_wconf 79' lang='grc' dir='ltr'><strong>εἷς</strong></span> 
     </span>
     <span class='ocr_line' id='line_1_3' title="bbox 234 351 1747 416; baseline 0.001 -15"><span class='ocrx_word' id='word_1_14' title='bbox 234 357 314 413; x_wconf 75' lang='grc' dir='ltr'><strong><em>τὴν</em></strong></span> <span class='ocrx_word' id='word_1_15' title='bbox 335 352 544 413; x_wconf 82' lang='grc' dir='ltr'><strong><em>σωτήριον</em></strong></span> <span class='ocrx_word' id='word_1_16' title='bbox 571 351 782 411; x_wconf 81' lang='grc' dir='ltr'><strong><em>σάρκωσιν</em></strong></span> <span class='ocrx_word' id='word_1_17' title='bbox 799 359 860 414; x_wconf 80' lang='grc' dir='ltr'><strong><em>τῷ</em></strong></span> <span class='ocrx_word' id='word_1_18' title='bbox 881 353 1006 416; x_wconf 52' lang='grc' dir='ltr'><strong><em>ἐυ5γ’</em></strong></span> <span class='ocrx_word' id='word_1_19' title='bbox 1031 353 1111 399; x_wconf 68' lang='grc' dir='ltr'><strong><em>ἴτει</em></strong></span> <span class='ocrx_word' id='word_1_20' title='bbox 1137 354 1297 413; x_wconf 87' lang='grc' dir='ltr'><strong><em>ταύτην</em></strong></span> <span class='ocrx_word' id='word_1_21' title='bbox 1318 354 1682 414; x_wconf 79' lang='grc' dir='ltr'><strong><em>συλλογισάμενος.</em></strong></span> <span class='ocrx_word' id='word_1_22' title='bbox 1720 356 1747 414; x_wconf 77' lang='grc' dir='ltr'><strong><em>ἦ</em></strong></span> 
     </span>
     <span class='ocr_line' id='line_1_4' title="bbox 238 422 1746 487; baseline 0 -15"><span class='ocrx_word' id='word_1_23' title='bbox 238 428 288 472; x_wconf 75' lang='grc' dir='ltr'><strong>δὲ</strong></span> <span class='ocrx_word' id='word_1_24' title='bbox 300 427 415 471; x_wconf 79' lang='grc' dir='ltr'><strong><em>αἰτία</em></strong></span> <span class='ocrx_word' id='word_1_25' title='bbox 436 428 511 470; x_wconf 81' lang='grc' dir='ltr'><strong>τοῦ</strong></span> <span class='ocrx_word' id='word_1_26' title='bbox 533 422 785 484; x_wconf 79' lang='grc' dir='ltr'><strong><em>σφάλματος</em></strong></span> <span class='ocrx_word' id='word_1_27' title='bbox 804 424 937 468; x_wconf 76' lang='grc' dir='ltr'><strong><em>αὐτοῦ</em></strong></span> <span class='ocrx_word' id='word_1_28' title='bbox 955 425 1116 483; x_wconf 82' lang='grc' dir='ltr'><strong><em>γέγονεν</em></strong></span> <span class='ocrx_word' id='word_1_29' title='bbox 1134 425 1269 478; x_wconf 77' lang='grc' dir='ltr'><strong><em>οὕτως</em></strong></span> <span class='ocrx_word' id='word_1_30' title='bbox 1283 441 1293 452; x_wconf 86' lang='grc'><em>·</em></span> <span class='ocrx_word' id='word_1_31' title='bbox 1319 428 1386 470; x_wconf 75' lang='grc' dir='ltr'><strong>ἐπὶ</strong></span> <span class='ocrx_word' id='word_1_32' title='bbox 1403 427 1484 487; x_wconf 78' lang='grc' dir='ltr'><strong>γὰρ</strong></span> <span class='ocrx_word' id='word_1_33' title='bbox 1507 427 1556 472; x_wconf 84' lang='grc' dir='ltr'><strong><em>τὸ</em></strong></span> <span class='ocrx_word' id='word_1_34' title='bbox 1578 432 1746 486; x_wconf 83' lang='grc' dir='ltr'><strong><em>πρῶτον</em></strong></span> 
     </span>
     <span class='ocr_line' id='line_1_5' title="bbox 238 494 1747 558; baseline 0 -15"><span class='ocrx_word' id='word_1_35' title='bbox 238 497 334 549; x_wconf 64' lang='grc' dir='ltr'><strong><em>ἴτυς</em></strong></span> <span class='ocrx_word' id='word_1_36' title='bbox 369 497 583 541; x_wconf 86' lang='grc' dir='ltr'><strong><em>Φιλίππου</em></strong></span> <span class='ocrx_word' id='word_1_37' title='bbox 612 499 688 539; x_wconf 85' lang='grc' dir='ltr'><strong>τοῦ</strong></span> <span class='ocrx_word' id='word_1_38' title='bbox 709 494 923 553; x_wconf 76' lang='grc' dir='ltr'><strong><em>Ἀριδαίου</em></strong></span> <span class='ocrx_word' id='word_1_39' title='bbox 955 500 1032 541; x_wconf 80' lang='grc' dir='ltr'><strong>τοῦ</strong></span> <span class='ocrx_word' id='word_1_40' title='bbox 1065 497 1173 554; x_wconf 82' lang='grc' dir='ltr'><strong><em>μετὰ</em></strong></span> <span class='ocrx_word' id='word_1_41' title='bbox 1194 497 1469 558; x_wconf 75' lang='grc' dir='ltr'><strong><em>Ἀλέξανδρον</em></strong></span> <span class='ocrx_word' id='word_1_42' title='bbox 1497 498 1571 552; x_wconf 82' lang='grc' dir='ltr'><strong><em>τὸν</em></strong></span> <span class='ocrx_word' id='word_1_43' title='bbox 1592 502 1747 543; x_wconf 81' lang='grc' dir='ltr'><strong><em>Μακε-</em></strong></span> 
     </span>
     <span class='ocr_line' id='line_1_6' title="bbox 237 563 1775 624; baseline -0.001 -10"><span class='ocrx_word' id='word_1_44' title='bbox 237 566 344 614; x_wconf 82' lang='grc' dir='ltr'><strong><em>δόνα</em></strong></span> <span class='ocrx_word' id='word_1_45' title='bbox 367 563 699 624; x_wconf 79' lang='grc' dir='ltr'><strong><em>βασιλεύσαντος</em></strong></span> <span class='ocrx_word' id='word_1_46' title='bbox 716 564 983 612; x_wconf 69' lang='grc' dir='ltr'><strong><em>ΖΙἸακεδόνων</em></strong></span> <span class='ocrx_word' id='word_1_47' title='bbox 1004 565 1071 623; x_wconf 85' lang='grc' dir='ltr'><strong><em>α’,</em></strong></span> <span class='ocrx_word' id='word_1_48' title='bbox 1110 569 1218 613; x_wconf 74' lang='grc' dir='ltr'><strong><em>καθ’</em></strong></span> <span class='ocrx_word' id='word_1_49' title='bbox 1243 569 1264 613; x_wconf 78' lang='grc' dir='ltr'>ὃ</span> <span class='ocrx_word' id='word_1_50' title='bbox 1286 569 1377 621; x_wconf 73' lang='grc' dir='ltr'><strong><em>ἴτος</em></strong></span> <span class='ocrx_word' id='word_1_51' title='bbox 1398 571 1468 613; x_wconf 84' lang='grc' dir='ltr'><strong>καὶ</strong></span> <span class='ocrx_word' id='word_1_52' title='bbox 1485 567 1507 614; x_wconf 84' lang='grc' dir='ltr'><em>ὃ</em></span> <span class='ocrx_word' id='word_1_53' title='bbox 1527 567 1775 621; x_wconf 72' lang='grc' dir='ltr'><strong><em>Κλαύδιοςῦ</em></strong></span> 
     </span>
     <span class='ocr_line' id='line_1_7' title="bbox 235 636 1743 699; baseline 0 -15"><span class='ocrx_word' id='word_1_54' title='bbox 235 643 507 695; x_wconf 84' lang='grc' dir='ltr'><strong><em>Πτολεμαῖος</em></strong></span> <span class='ocrx_word' id='word_1_55' title='bbox 533 636 610 694; x_wconf 86' lang='grc' dir='ltr'><strong><em>τὴν</em></strong></span> <span class='ocrx_word' id='word_1_56' title='bbox 639 641 725 682; x_wconf 82' lang='grc' dir='ltr'><strong><em>τῶν</em></strong></span> <span class='ocrx_word' id='word_1_57' title='bbox 751 639 984 697; x_wconf 75' lang='grc' dir='ltr'><strong><em>προχείρων</em></strong></span> <span class='ocrx_word' id='word_1_58' title='bbox 1013 636 1201 684; x_wconf 86' lang='grc' dir='ltr'><strong><em>κανόνων</em></strong></span> <span class='ocrx_word' id='word_1_59' title='bbox 1228 641 1515 699; x_wconf 78' lang='grc' dir='ltr'><strong><em>ψηφηφορίαν</em></strong></span> <span class='ocrx_word' id='word_1_60' title='bbox 1543 638 1743 697; x_wconf 73' lang='grc' dir='ltr'><strong><em>ἐπήξατο,</em></strong></span> 
     </span>
     <span class='ocr_line' id='line_1_8' title="bbox 236 707 1745 770; baseline 0.001 -16"><span class='ocrx_word' id='word_1_61' title='bbox 236 709 371 768; x_wconf 78' lang='grc' dir='ltr'><strong><em>ἀρχὴν</em></strong></span> <span class='ocrx_word' id='word_1_62' title='bbox 404 710 701 766; x_wconf 82' lang='grc' dir='ltr'><strong><em>Αἷγυπτιακοῢ</em></strong></span> <span class='ocrx_word' id='word_1_63' title='bbox 732 709 802 753; x_wconf 86' lang='grc' dir='ltr'><strong>καὶ</strong></span> <span class='ocrx_word' id='word_1_64' title='bbox 830 707 1073 767; x_wconf 83' lang='grc' dir='ltr'><strong><em>Ἑλληνικοῦ</em></strong></span> <span class='ocrx_word' id='word_1_65' title='bbox 1100 710 1221 762; x_wconf 68' lang='grc' dir='ltr'><strong><em>ἔτους</em></strong></span> <span class='ocrx_word' id='word_1_66' title='bbox 1249 711 1358 755; x_wconf 75' lang='grc' dir='ltr'><strong><em>κατὰ</em></strong></span> <span class='ocrx_word' id='word_1_67' title='bbox 1381 711 1460 768; x_wconf 84' lang='grc' dir='ltr'><strong><em>τὴν</em></strong></span> <span class='ocrx_word' id='word_1_68' title='bbox 1479 708 1650 770; x_wconf 77' lang='grc' dir='ltr'><strong><em>πρώτην</em></strong></span> <span class='ocrx_word' id='word_1_69' title='bbox 1668 715 1745 755; x_wconf 83' lang='grc' dir='ltr'><strong>τοῦ</strong></span> 
     </span>
     <span class='ocr_line' id='line_1_9' title="bbox 239 779 1745 840; baseline 0 -14"><span class='ocrx_word' id='word_1_70' title='bbox 239 780 354 826; x_wconf 83' lang='grc' dir='ltr'><strong>Θώθ</strong></span> <span class='ocrx_word' id='word_1_71' title='bbox 391 779 527 837; x_wconf 83' lang='grc' dir='ltr'><strong><em>μηνὸς</em></strong></span> <span class='ocrx_word' id='word_1_72' title='bbox 562 779 670 838; x_wconf 75' lang='grc' dir='ltr'><strong><em>παρ’</em></strong></span> <span class='ocrx_word' id='word_1_73' title='bbox 703 781 954 838; x_wconf 77' lang='grc' dir='ltr'><strong><em>Αἰγυπτίοις</em></strong></span> <span class='ocrx_word' id='word_1_74' title='bbox 985 781 1209 840; x_wconf 74' lang='grc' dir='ltr'><strong><em>λεγομένου</em></strong></span> <span class='ocrx_word' id='word_1_75' title='bbox 1239 779 1338 836; x_wconf 85' lang='grc' dir='ltr'><strong><em>κθ’,</em></strong></span> <span class='ocrx_word' id='word_1_76' title='bbox 1384 786 1461 826; x_wconf 77' lang='grc' dir='ltr'><strong>τοῦ</strong></span> <span class='ocrx_word' id='word_1_77' title='bbox 1489 780 1745 840; x_wconf 79' lang='grc' dir='ltr'><strong><em>Αὐγούστου</em></strong></span> 
     </span>
     <span class='ocr_line' id='line_1_10' title="bbox 81 846 1746 911; baseline -0.002 -12"><span class='ocrx_word' id='word_1_78' title='bbox 81 863 125 898; x_wconf 89' lang='grc' dir='ltr'><strong>Ρ.</strong></span> <span class='ocrx_word' id='word_1_79' title='bbox 147 860 218 899; x_wconf 82' lang='grc'><strong>327</strong></span> <span class='ocrx_word' id='word_1_80' title='bbox 237 851 371 909; x_wconf 89' lang='grc' dir='ltr'><strong><em>μηνὸς</em></strong></span> <span class='ocrx_word' id='word_1_81' title='bbox 407 846 540 895; x_wconf 66' lang='grc' dir='ltr'><strong><em>οὖσαν</em></strong></span> <span class='ocrx_word' id='word_1_82' title='bbox 569 849 992 909; x_wconf 83' lang='grc' dir='ltr'><strong><em>ἄποκαταστατικὴν,</em></strong></span> <span class='ocrx_word' id='word_1_83' title='bbox 1030 850 1264 911; x_wconf 82' lang='grc' dir='ltr'><strong><em>ὃμόχρονον</em></strong></span> <span class='ocrx_word' id='word_1_84' title='bbox 1293 850 1635 910; x_wconf 77' lang='grc' dir='ltr'><strong><em>ὁμολογουμένως</em></strong></span> <span class='ocrx_word' id='word_1_85' title='bbox 1657 853 1746 897; x_wconf 72' lang='grc' dir='ltr'><strong><em>ἐστὶ</em></strong></span> 
     </span>
     <span class='ocr_line' id='line_1_11' title="bbox 236 919 1800 984; baseline -0.001 -16"><span class='ocrx_word' id='word_1_86' title='bbox 236 927 298 983; x_wconf 78' lang='grc' dir='ltr'><strong><em>τῷ</em></strong></span> <span class='ocrx_word' id='word_1_87' title='bbox 332 919 430 984; x_wconf 51' lang='lat' dir='ltr'><strong>‘epo&#39;</strong></span> <span class='ocrx_word' id='word_1_88' title='bbox 459 920 538 966; x_wconf 71' lang='grc' dir='ltr'><strong><em>ἴτει</em></strong></span> <span class='ocrx_word' id='word_1_89' title='bbox 566 925 643 966; x_wconf 78' lang='grc' dir='ltr'><strong>τοῦ</strong></span> <span class='ocrx_word' id='word_1_90' title='bbox 672 920 848 979; x_wconf 87' lang='grc' dir='ltr'><strong><em>κόσμου.</em></strong></span> <span class='ocrx_word' id='word_1_91' title='bbox 887 922 970 966; x_wconf 79' lang='grc' dir='ltr'><strong>ἀπὸ</strong></span> <span class='ocrx_word' id='word_1_92' title='bbox 997 924 1043 967; x_wconf 77' lang='grc' dir='ltr'><strong>δὲ</strong></span> <span class='ocrx_word' id='word_1_93' title='bbox 1066 928 1143 968; x_wconf 82' lang='grc' dir='ltr'><strong>τοῦ</strong></span> <span class='ocrx_word' id='word_1_94' title='bbox 1174 923 1306 968; x_wconf 79' lang='grc' dir='ltr'><strong><em>αὐτοῦ</em></strong></span> <span class='ocrx_word' id='word_1_95' title='bbox 1331 921 1500 982; x_wconf 84' lang='grc' dir='ltr'><strong><em>πρώτου</em></strong></span> <span class='ocrx_word' id='word_1_96' title='bbox 1522 922 1640 975; x_wconf 70' lang='grc' dir='ltr'><strong><em>ἔτους</em></strong></span> <span class='ocrx_word' id='word_1_97' title='bbox 1665 928 1745 968; x_wconf 82' lang='grc' dir='ltr'><strong><em>Φι-</em></strong></span> <span class='ocrx_word' id='word_1_98' title='bbox 1758 932 1800 967; x_wconf 83' lang='grc'><strong>10</strong></span> 
     </span>
     <span class='ocr_line' id='line_1_12' title="bbox 237 992 1747 1053; baseline 0 -15"><span class='ocrx_word' id='word_1_99' title='bbox 237 995 392 1039; x_wconf 86' lang='grc' dir='ltr'><strong><em>λίππου</em></strong></span> <span class='ocrx_word' id='word_1_100' title='bbox 421 992 543 1051; x_wconf 87' lang='grc' dir='ltr'><strong><em>μέχρι</em></strong></span> <span class='ocrx_word' id='word_1_101' title='bbox 570 996 647 1049; x_wconf 79' lang='grc' dir='ltr'><strong>τῆς</strong></span> <span class='ocrx_word' id='word_1_102' title='bbox 665 994 954 1053; x_wconf 73' lang='grc' dir='ltr'><strong><em>καθαιρέσεως</em></strong></span> <span class='ocrx_word' id='word_1_103' title='bbox 971 993 1252 1053; x_wconf 77' lang='grc' dir='ltr'><strong><em>Κλεοπάτρας</em></strong></span> <span class='ocrx_word' id='word_1_104' title='bbox 1270 993 1340 1052; x_wconf 70' lang='grc' dir='ltr'><strong><em>’ἴτη</em></strong></span> <span class='ocrx_word' id='word_1_105' title='bbox 1363 994 1472 1039; x_wconf 83' lang='grc' dir='ltr'><strong><em>κατὰ</em></strong></span> <span class='ocrx_word' id='word_1_106' title='bbox 1491 993 1747 1053; x_wconf 83' lang='grc' dir='ltr'><strong><em>ἀστρονομι-</em></strong></span> 
     </span>
     <span class='ocr_line' id='line_1_13' title="bbox 236 1061 1746 1126; baseline 0.001 -17"><span class='ocrx_word' id='word_1_107' title='bbox 236 1064 338 1116; x_wconf 79' lang='grc' dir='ltr'><strong><em>κοῦς</em></strong></span> <span class='ocrx_word' id='word_1_108' title='bbox 369 1061 549 1114; x_wconf 83' lang='grc' dir='ltr'><strong><em>κανόνας</em></strong></span> <span class='ocrx_word' id='word_1_109' title='bbox 580 1062 870 1122; x_wconf 77' lang='grc' dir='ltr'><strong><em>ἐπισυνάγεται</em></strong></span> <span class='ocrx_word' id='word_1_110' title='bbox 898 1062 1004 1112; x_wconf 48' lang='grc' dir='ltr'><strong>σθδῖ</strong></span> <span class='ocrx_word' id='word_1_111' title='bbox 1044 1064 1128 1109; x_wconf 81' lang='grc' dir='ltr'><strong>ἀπὸ</strong></span> <span class='ocrx_word' id='word_1_112' title='bbox 1161 1069 1238 1109; x_wconf 83' lang='grc' dir='ltr'><strong>τοῦ</strong></span> <span class='ocrx_word' id='word_1_113' title='bbox 1262 1065 1394 1109; x_wconf 78' lang='grc' dir='ltr'><strong><em>αὐτοῦ</em></strong></span> <span class='ocrx_word' id='word_1_114' title='bbox 1414 1063 1512 1126; x_wconf 51' lang='lat' dir='ltr'><strong>‘epo&#39;</strong></span> <span class='ocrx_word' id='word_1_115' title='bbox 1544 1070 1746 1122; x_wconf 82' lang='grc' dir='ltr'><strong><em>κοσμικοῦ</em></strong></span> 
     </span>
     <span class='ocr_line' id='line_1_14' title="bbox 236 1133 1747 1196; baseline 0 -16"><span class='ocrx_word' id='word_1_116' title='bbox 236 1134 358 1187; x_wconf 69' lang='grc' dir='ltr'><strong><em>ἴτους</em></strong></span> <span class='ocrx_word' id='word_1_117' title='bbox 379 1134 450 1192; x_wconf 73' lang='grc' dir='ltr'><strong><em>ἴτη</em></strong></span> <span class='ocrx_word' id='word_1_118' title='bbox 467 1135 653 1192; x_wconf 87' lang='grc' dir='ltr'><strong><em>γίνονται</em></strong></span> <span class='ocrx_word' id='word_1_119' title='bbox 673 1133 792 1196; x_wconf 53' lang='grc' dir='ltr'><strong><em>Ιευξγ’</em></strong></span> <span class='ocrx_word' id='word_1_120' title='bbox 819 1135 902 1179; x_wconf 80' lang='grc' dir='ltr'><strong>ἀπὸ</strong></span> <span class='ocrx_word' id='word_1_121' title='bbox 915 1135 1052 1192; x_wconf 76' lang='grc' dir='ltr'><strong><em>Ἀδὰμ</em></strong></span> <span class='ocrx_word' id='word_1_122' title='bbox 1072 1135 1150 1187; x_wconf 71' lang='grc' dir='ltr'><strong><em>ἕως</em></strong></span> <span class='ocrx_word' id='word_1_123' title='bbox 1168 1136 1455 1195; x_wconf 72' lang='grc' dir='ltr'><strong><em>καθαιρέσεως</em></strong></span> <span class='ocrx_word' id='word_1_124' title='bbox 1466 1134 1747 1195; x_wconf 81' lang='grc' dir='ltr'><strong><em>Κλεοπάτρας</em></strong></span> 
     </span>
     <span class='ocr_line' id='line_1_15' title="bbox 237 1204 1747 1267; baseline 0 -16"><span class='ocrx_word' id='word_1_125' title='bbox 237 1206 348 1252; x_wconf 81' lang='grc' dir='ltr'><strong><em>κατὰ</em></strong></span> <span class='ocrx_word' id='word_1_126' title='bbox 376 1210 526 1259; x_wconf 78' lang='grc' dir='ltr'><strong><em>τοῦτο,</em></strong></span> <span class='ocrx_word' id='word_1_127' title='bbox 567 1204 669 1264; x_wconf 79' lang='grc' dir='ltr'><strong><em>ὅπερ</em></strong></span> <span class='ocrx_word' id='word_1_128' title='bbox 702 1205 751 1250; x_wconf 79' lang='grc' dir='ltr'><strong>οὗ</strong></span> <span class='ocrx_word' id='word_1_129' title='bbox 783 1204 953 1267; x_wconf 70' lang='grc' dir='ltr'><strong><em>συνᾴδει</em></strong></span> <span class='ocrx_word' id='word_1_130' title='bbox 976 1210 1028 1264; x_wconf 84' lang='grc' dir='ltr'><strong><em>τῇ</em></strong></span> <span class='ocrx_word' id='word_1_131' title='bbox 1049 1207 1368 1265; x_wconf 77' lang='grc' dir='ltr'><strong><em>ἐκκλησιαστικῇ</em></strong></span> <span class='ocrx_word' id='word_1_132' title='bbox 1391 1204 1648 1265; x_wconf 75' lang='grc' dir='ltr'><strong><em>παραδόσει,</em></strong></span> <span class='ocrx_word' id='word_1_133' title='bbox 1689 1205 1747 1259; x_wconf 76' lang='grc' dir='ltr'><strong><em>ὥς</em></strong></span> 
     </span>
     <span class='ocr_line' id='line_1_16' title="bbox 235 1273 1800 1336; baseline 0.002 -15"><span class='ocrx_word' id='word_1_134' title='bbox 235 1277 342 1334; x_wconf 81' lang='grc' dir='ltr'><strong><em>πρὸς</em></strong></span> <span class='ocrx_word' id='word_1_135' title='bbox 354 1276 403 1321; x_wconf 81' lang='grc' dir='ltr'><strong><em>τὸ</em></strong></span> <span class='ocrx_word' id='word_1_136' title='bbox 426 1274 495 1333; x_wconf 87' lang='grc' dir='ltr'><strong><em>μγ’</em></strong></span> <span class='ocrx_word' id='word_1_137' title='bbox 519 1274 610 1327; x_wconf 69' lang='grc' dir='ltr'><strong><em>ἔτος</em></strong></span> <span class='ocrx_word' id='word_1_138' title='bbox 620 1273 875 1334; x_wconf 79' lang='grc' dir='ltr'><strong><em>Αὐγούστου</em></strong></span> <span class='ocrx_word' id='word_1_139' title='bbox 887 1278 1125 1336; x_wconf 85' lang='grc' dir='ltr'><strong><em>Καίσαρος,</em></strong></span> <span class='ocrx_word' id='word_1_140' title='bbox 1147 1275 1270 1334; x_wconf 68' lang='grc' dir='ltr'><strong><em>ἡνίκα</em></strong></span> <span class='ocrx_word' id='word_1_141' title='bbox 1293 1275 1471 1335; x_wconf 81' lang='grc' dir='ltr'><strong><em>ὅκύριος</em></strong></span> <span class='ocrx_word' id='word_1_142' title='bbox 1482 1275 1603 1334; x_wconf 74' lang='grc' dir='ltr'><strong><em>ἡμῶν</em></strong></span> <span class='ocrx_word' id='word_1_143' title='bbox 1616 1278 1745 1335; x_wconf 77' lang='grc' dir='ltr'><strong><em>ἓσαρ-</em></strong></span> <span class='ocrx_word' id='word_1_144' title='bbox 1758 1287 1800 1324; x_wconf 90' lang='grc'><strong>15</strong></span> 
     </span>
     <span class='ocr_line' id='line_1_17' title="bbox 236 1345 1745 1408; baseline -0.001 -15"><span class='ocrx_word' id='word_1_145' title='bbox 236 1346 374 1405; x_wconf 81' lang='grc' dir='ltr'><strong><em>κώθη.</em></strong></span> <span class='ocrx_word' id='word_1_146' title='bbox 411 1345 524 1404; x_wconf 84' lang='grc' dir='ltr'><strong><em>μόνα</em></strong></span> <span class='ocrx_word' id='word_1_147' title='bbox 555 1346 636 1406; x_wconf 76' lang='grc' dir='ltr'><strong>γὰρ</strong></span> <span class='ocrx_word' id='word_1_148' title='bbox 667 1347 750 1391; x_wconf 78' lang='grc' dir='ltr'><strong>ἀπὸ</strong></span> <span class='ocrx_word' id='word_1_149' title='bbox 778 1353 854 1405; x_wconf 79' lang='grc' dir='ltr'><strong>τῆς</strong></span> <span class='ocrx_word' id='word_1_150' title='bbox 875 1348 1007 1405; x_wconf 76' lang='grc' dir='ltr'><strong><em>αὐτῆς</em></strong></span> <span class='ocrx_word' id='word_1_151' title='bbox 1029 1349 1318 1408; x_wconf 74' lang='grc' dir='ltr'><strong><em>καθαιρέσεως</em></strong></span> <span class='ocrx_word' id='word_1_152' title='bbox 1339 1349 1408 1392; x_wconf 82' lang='grc' dir='ltr'><strong>καὶ</strong></span> <span class='ocrx_word' id='word_1_153' title='bbox 1422 1346 1637 1406; x_wconf 75' lang='grc' dir='ltr'><strong><em>ὑποταγῆς</em></strong></span> <span class='ocrx_word' id='word_1_154' title='bbox 1657 1351 1745 1392; x_wconf 84' lang='grc' dir='ltr'><strong>Αἷ-</strong></span> 
     </span>
     <span class='ocr_line' id='line_1_18' title="bbox 235 1415 1746 1478; baseline 0.001 -16"><span class='ocrx_word' id='word_1_155' title='bbox 235 1417 395 1477; x_wconf 84' lang='grc' dir='ltr'><strong><em>γύπτου</em></strong></span> <span class='ocrx_word' id='word_1_156' title='bbox 426 1415 496 1476; x_wconf 90' lang='grc' dir='ltr'><strong><em>μγ’</em></strong></span> <span class='ocrx_word' id='word_1_157' title='bbox 522 1416 593 1475; x_wconf 68' lang='grc' dir='ltr'><strong><em>ἔτη</em></strong></span> <span class='ocrx_word' id='word_1_158' title='bbox 628 1417 786 1476; x_wconf 86' lang='grc' dir='ltr'><strong><em>λέγεται</em></strong></span> <span class='ocrx_word' id='word_1_159' title='bbox 809 1419 1149 1476; x_wconf 78' lang='grc' dir='ltr'><strong><em>βεβασιλευκέναι</em></strong></span> <span class='ocrx_word' id='word_1_160' title='bbox 1178 1420 1295 1478; x_wconf 84' lang='grc' dir='ltr'><strong><em>παρὰ</em></strong></span> <span class='ocrx_word' id='word_1_161' title='bbox 1317 1426 1406 1470; x_wconf 76' lang='grc' dir='ltr'><strong><em>τοῖς</em></strong></span> <span class='ocrx_word' id='word_1_162' title='bbox 1427 1424 1746 1476; x_wconf 75' lang='grc' dir='ltr'><strong><em>μαθηματικοῖς</em></strong></span> 
     </span>
     <span class='ocr_line' id='line_1_19' title="bbox 200 1487 1743 1549; baseline -0.001 -13"><span class='ocrx_word' id='word_1_163' title='bbox 200 1487 262 1536; x_wconf 80' lang='grc' dir='ltr'><em>Βὸ</em></span> <span class='ocrx_word' id='word_1_164' title='bbox 290 1488 565 1547; x_wconf 70' lang='grc' dir='ltr'><strong><em>Αὔγουστος,</em></strong></span> <span class='ocrx_word' id='word_1_165' title='bbox 604 1487 706 1548; x_wconf 80' lang='grc' dir='ltr'><strong><em>ὅπερ</em></strong></span> <span class='ocrx_word' id='word_1_166' title='bbox 735 1491 770 1533; x_wconf 81' lang='grc' dir='ltr'><strong><em>εἲ</em></strong></span> <span class='ocrx_word' id='word_1_167' title='bbox 796 1492 934 1546; x_wconf 79' lang='grc' dir='ltr'><strong><em>δῶμεν</em></strong></span> <span class='ocrx_word' id='word_1_168' title='bbox 966 1488 1188 1547; x_wconf 76' lang='grc' dir='ltr'><strong><em>ἀληθεύειν</em></strong></span> <span class='ocrx_word' id='word_1_169' title='bbox 1198 1524 1212 1546; x_wconf 92' lang='grc'><strong><em>,</em></strong></span> <span class='ocrx_word' id='word_1_170' title='bbox 1252 1488 1525 1549; x_wconf 72' lang='grc' dir='ltr'><strong><em>εὑρεθήσεται</em></strong></span> <span class='ocrx_word' id='word_1_171' title='bbox 1559 1490 1668 1534; x_wconf 81' lang='grc' dir='ltr'><strong><em>κατὰ</em></strong></span> <span class='ocrx_word' id='word_1_172' title='bbox 1695 1490 1743 1534; x_wconf 85' lang='grc' dir='ltr'><strong><em>τὸ</em></strong></span> 
     </span>
     <span class='ocr_line' id='line_1_20' title="bbox 237 1557 1767 1622; baseline -0.001 -17"><span class='ocrx_word' id='word_1_173' title='bbox 237 1558 335 1622; x_wconf 56' lang='grc' dir='ltr'><strong><em>,εφέ</em></strong></span> <span class='ocrx_word' id='word_1_174' title='bbox 367 1559 460 1611; x_wconf 72' lang='grc' dir='ltr'><strong><em>ἔτος</em></strong></span> <span class='ocrx_word' id='word_1_175' title='bbox 486 1564 563 1604; x_wconf 80' lang='grc' dir='ltr'><strong>τοῦ</strong></span> <span class='ocrx_word' id='word_1_176' title='bbox 591 1557 753 1616; x_wconf 87' lang='grc' dir='ltr'><strong><em>κόσμου</em></strong></span> <span class='ocrx_word' id='word_1_177' title='bbox 785 1559 1036 1619; x_wconf 80' lang='grc' dir='ltr'><strong><em>τελευτήσας</em></strong></span> <span class='ocrx_word' id='word_1_178' title='bbox 1064 1559 1086 1605; x_wconf 83' lang='grc' dir='ltr'><em>ὃ</em></span> <span class='ocrx_word' id='word_1_179' title='bbox 1115 1560 1381 1619; x_wconf 71' lang='grc' dir='ltr'><strong><em>Αὔγουστος.</em></strong></span> <span class='ocrx_word' id='word_1_180' title='bbox 1420 1561 1469 1605; x_wconf 82' lang='grc' dir='ltr'><strong><em>τὸ</em></strong></span> <span class='ocrx_word' id='word_1_181' title='bbox 1503 1562 1528 1605; x_wconf 89' lang='grc' dir='ltr'><strong><em>δ</em></strong></span> <span class='ocrx_word' id='word_1_182' title='bbox 1538 1560 1551 1577; x_wconf 81' lang='lat'>²</span> <span class='ocrx_word' id='word_1_183' title='bbox 1588 1560 1691 1605; x_wconf 80' lang='grc' dir='ltr'><strong><em>αὐτὸ</em></strong></span> <span class='ocrx_word' id='word_1_184' title='bbox 1714 1559 1767 1612; x_wconf 60' lang='grc' dir='ltr'><strong>ε’,</strong></span> 
     </span>
     <span class='ocr_line' id='line_1_21' title="bbox 236 1628 1800 1691; baseline 0 -15"><span class='ocrx_word' id='word_1_185' title='bbox 236 1632 354 1677; x_wconf 67' lang='grc' dir='ltr'><strong><em>ἔσται</em></strong></span> <span class='ocrx_word' id='word_1_186' title='bbox 376 1635 452 1689; x_wconf 82' lang='grc' dir='ltr'><strong>τῆς</strong></span> <span class='ocrx_word' id='word_1_187' title='bbox 469 1635 545 1676; x_wconf 87' lang='grc' dir='ltr'><strong>τοῦ</strong></span> <span class='ocrx_word' id='word_1_188' title='bbox 568 1635 760 1691; x_wconf 83' lang='grc' dir='ltr'><strong><em>σωτῆρος</em></strong></span> <span class='ocrx_word' id='word_1_189' title='bbox 778 1630 954 1690; x_wconf 76' lang='grc' dir='ltr'><strong><em>ἡλικίας.</em></strong></span> <span class='ocrx_word' id='word_1_190' title='bbox 994 1632 1094 1676; x_wconf 76' lang='grc' dir='ltr'><strong><em>ἀλλ’</em></strong></span> <span class='ocrx_word' id='word_1_191' title='bbox 1119 1631 1182 1677; x_wconf 82' lang='grc' dir='ltr'><strong>ὅτι</strong></span> <span class='ocrx_word' id='word_1_192' title='bbox 1204 1632 1280 1690; x_wconf 85' lang='grc' dir='ltr'><strong><em>μέν</em></strong></span> <span class='ocrx_word' id='word_1_193' title='bbox 1305 1633 1392 1691; x_wconf 78' lang='grc' dir='ltr'><strong><em>ἐστι</em></strong></span> <span class='ocrx_word' id='word_1_194' title='bbox 1410 1628 1639 1691; x_wconf 88' lang='grc' dir='ltr'><strong><em>πρόδηλον,</em></strong></span> <span class='ocrx_word' id='word_1_195' title='bbox 1679 1630 1742 1676; x_wconf 82' lang='grc' dir='ltr'><strong>ὅτι</strong></span> <span class='ocrx_word' id='word_1_196' title='bbox 1753 1641 1800 1677; x_wconf 74' lang='grc'><strong>20</strong></span> 
     </span>
    </p>
   </div>
   <div class='ocr_carea' id='block_1_3' title="bbox 333 1741 1744 1802">
    <p class='ocr_par' dir='ltr' id='par_1_3' title="bbox 333 1741 1744 1802">
     <span class='ocr_line' id='line_1_22' title="bbox 333 1741 1744 1802; baseline -0.002 -19"><span class='ocrx_word' id='word_1_197' title='bbox 333 1741 369 1783; x_wconf 65' lang='lat' dir='ltr'><strong>1ss</strong></span> <span class='ocrx_word' id='word_1_198' title='bbox 393 1741 600 1792; x_wconf 81' lang='grc' dir='ltr'><strong><em>διήμαρτεν</em></strong></span> <span class='ocrx_word' id='word_1_199' title='bbox 617 1741 647 1789; x_wconf 73' lang='grc' dir='ltr'><strong>ζ’</strong></span> <span class='ocrx_word' id='word_1_200' title='bbox 673 1745 717 1781; x_wconf 89' lang='grc' dir='ltr'><strong>Β.</strong></span> <span class='ocrx_word' id='word_1_201' title='bbox 833 1743 869 1783; x_wconf 87' lang='grc'><strong>4.</strong></span> <span class='ocrx_word' id='word_1_202' title='bbox 894 1741 1050 1791; x_wconf 76' lang='grc' dir='ltr'><strong><em>ἀριδέου</em></strong></span> <span class='ocrx_word' id='word_1_203' title='bbox 1072 1747 1116 1783; x_wconf 91' lang='grc' dir='ltr'><strong>Β.</strong></span> <span class='ocrx_word' id='word_1_204' title='bbox 1220 1747 1255 1783; x_wconf 92' lang='grc'><strong>6.</strong></span> <span class='ocrx_word' id='word_1_205' title='bbox 1279 1744 1539 1802; x_wconf 66' lang='grc' dir='ltr'><strong><em>ψηφηφορίαν</em></strong></span> <span class='ocrx_word' id='word_1_206' title='bbox 1557 1745 1599 1781; x_wconf 83' lang='grc' dir='ltr'><strong>Α.</strong></span> <span class='ocrx_word' id='word_1_207' title='bbox 1623 1751 1744 1791; x_wconf 80' lang='grc' dir='ltr'><strong><em>ψηφι-</em></strong></span> 
     </span>
    </p>
   </div>
   <div class='ocr_carea' id='block_1_4' title="bbox 330 1790 1743 1936">
    <p class='ocr_par' dir='ltr' id='par_1_4' title="bbox 330 1790 1743 1936">
     <span class='ocr_line' id='line_1_23' title="bbox 333 1790 1743 1842; baseline -0.001 -13"><span class='ocrx_word' id='word_1_208' title='bbox 333 1794 475 1840; x_wconf 84' lang='grc' dir='ltr'><strong><em>φορίαν</em></strong></span> <span class='ocrx_word' id='word_1_209' title='bbox 500 1794 549 1828; x_wconf 87' lang='lat' dir='ltr'><strong>G.</strong></span> <span class='ocrx_word' id='word_1_210' title='bbox 664 1795 700 1830; x_wconf 88' lang='lat'><strong>9.</strong></span> <span class='ocrx_word' id='word_1_211' title='bbox 727 1790 1032 1842; x_wconf 78' lang='grc' dir='ltr'><strong><em>ἀποκαταστικὴν</em></strong></span> <span class='ocrx_word' id='word_1_212' title='bbox 1057 1795 1105 1831; x_wconf 86' lang='lat' dir='ltr'><strong>G.</strong></span> <span class='ocrx_word' id='word_1_213' title='bbox 1222 1795 1278 1829; x_wconf 78' lang='lat'><strong>12.</strong></span> <span class='ocrx_word' id='word_1_214' title='bbox 1302 1793 1568 1840; x_wconf 79' lang='grc' dir='ltr'><strong><em>ἐπισυναγεται</em></strong></span> <span class='ocrx_word' id='word_1_215' title='bbox 1585 1793 1630 1828; x_wconf 94' lang='lat' dir='ltr'><strong>B.</strong></span> <span class='ocrx_word' id='word_1_216' title='bbox 1655 1804 1743 1828; x_wconf 87' lang='grc' dir='ltr'><strong><em>συν-</em></strong></span> 
     </span>
     <span class='ocr_line' id='line_1_24' title="bbox 330 1839 1743 1889; baseline -0.001 -13"><span class='ocrx_word' id='word_1_217' title='bbox 330 1841 461 1885; x_wconf 77' lang='grc' dir='ltr'><strong><em>άγεται</em></strong></span> <span class='ocrx_word' id='word_1_218' title='bbox 486 1841 536 1876; x_wconf 88' lang='lat' dir='ltr'><strong>G.</strong></span> <span class='ocrx_word' id='word_1_219' title='bbox 646 1839 732 1888; x_wconf 50' lang='lat' dir='ltr'><strong>‘spo&#39;</strong></span> <span class='ocrx_word' id='word_1_220' title='bbox 753 1842 796 1877; x_wconf 91' lang='lat' dir='ltr'><strong>B.</strong></span> <span class='ocrx_word' id='word_1_221' title='bbox 823 1841 911 1887; x_wconf 85' lang='grc' dir='ltr'><strong><em>φρο’</em></strong></span> <span class='ocrx_word' id='word_1_222' title='bbox 937 1843 985 1878; x_wconf 89' lang='lat' dir='ltr'><strong>G.</strong></span> <span class='ocrx_word' id='word_1_223' title='bbox 1103 1842 1159 1878; x_wconf 90' lang='lat'><strong>13.</strong></span> <span class='ocrx_word' id='word_1_224' title='bbox 1187 1840 1307 1889; x_wconf 53' lang='grc' dir='ltr'><strong><em>,φυξγ’</em></strong></span> <span class='ocrx_word' id='word_1_225' title='bbox 1332 1843 1375 1877; x_wconf 88' lang='grc' dir='ltr'><strong>Α.</strong></span> <span class='ocrx_word' id='word_1_226' title='bbox 1502 1842 1556 1878; x_wconf 92' lang='lat'><strong>15.</strong></span> <span class='ocrx_word' id='word_1_227' title='bbox 1581 1840 1743 1884; x_wconf 78' lang='lat' dir='ltr'><strong>„Forsan</strong></span> 
     </span>
     <span class='ocr_line' id='line_1_25' title="bbox 332 1886 1647 1936; baseline 0 -12"><span class='ocrx_word' id='word_1_228' title='bbox 332 1886 385 1930; x_wconf 81' lang='grc' dir='ltr'><strong><em>ὡς</em></strong></span> <span class='ocrx_word' id='word_1_229' title='bbox 408 1886 481 1934; x_wconf 86' lang='grc' dir='ltr'><strong>πρὸ</strong></span> <span class='ocrx_word' id='word_1_230' title='bbox 507 1889 581 1925; x_wconf 78' lang='grc' dir='ltr'><strong>τοῦ</strong></span> <span class='ocrx_word' id='word_1_231' title='bbox 601 1888 674 1935; x_wconf 86' lang='grc' dir='ltr'><strong>μγ’.</strong></span> <span class='ocrx_word' id='word_1_232' title='bbox 699 1887 833 1931; x_wconf 78' lang='grc' dir='ltr'><strong><em>ἐ’τους”</em></strong></span> <span class='ocrx_word' id='word_1_233' title='bbox 859 1902 904 1926; x_wconf 87' lang='lat' dir='ltr'><strong>m.</strong></span> <span class='ocrx_word' id='word_1_234' title='bbox 1030 1891 1086 1927; x_wconf 88' lang='grc'><strong>18.</strong></span> <span class='ocrx_word' id='word_1_235' title='bbox 1112 1890 1148 1927; x_wconf 87' lang='grc' dir='ltr'><strong><em>εἰ</em></strong></span> <span class='ocrx_word' id='word_1_236' title='bbox 1166 1889 1292 1936; x_wconf 78' lang='grc' dir='ltr'><strong><em>δῶμεν</em></strong></span> <span class='ocrx_word' id='word_1_237' title='bbox 1310 1901 1355 1925; x_wconf 81' lang='grc' dir='ltr'><strong><em>ιιι.</em></strong></span> <span class='ocrx_word' id='word_1_238' title='bbox 1379 1889 1520 1936; x_wconf 78' lang='grc' dir='ltr'><strong><em>ἴδωμεν</em></strong></span> <span class='ocrx_word' id='word_1_239' title='bbox 1543 1889 1579 1925; x_wconf 83' lang='grc' dir='ltr'><strong><em>εἰ</em></strong></span> <span class='ocrx_word' id='word_1_240' title='bbox 1598 1888 1647 1924; x_wconf 85' lang='lat' dir='ltr'><strong>G.</strong></span> 
     </span>
    </p>
   </div>
   <div class='ocr_carea' id='block_1_5' title="bbox 330 1934 998 1986">
    <p class='ocr_par' dir='ltr' id='par_1_5' title="bbox 330 1934 998 1986">
     <span class='ocr_line' id='line_1_26' title="bbox 330 1934 998 1986; baseline 0.001 -13"><span class='ocrx_word' id='word_1_241' title='bbox 330 1934 376 1973; x_wconf 82' lang='grc' dir='ltr'><strong><em>τὰ</em></strong></span> <span class='ocrx_word' id='word_1_242' title='bbox 395 1935 486 1985; x_wconf 45' lang='lat' dir='ltr'><strong>‘ape&#39;</strong></span> <span class='ocrx_word' id='word_1_243' title='bbox 505 1935 590 1979; x_wconf 76' lang='grc' dir='ltr'><strong><em>ἔτος</em></strong></span> <span class='ocrx_word' id='word_1_244' title='bbox 608 1937 650 1972; x_wconf 93' lang='grc' dir='ltr'><strong>Β.</strong></span> <span class='ocrx_word' id='word_1_245' title='bbox 675 1938 729 1986; x_wconf 75' lang='grc' dir='ltr'><strong><em>τῷ</em></strong></span> <span class='ocrx_word' id='word_1_246' title='bbox 747 1935 836 1986; x_wconf 54' lang='lat' dir='ltr'><strong>‘aps&#39;</strong></span> <span class='ocrx_word' id='word_1_247' title='bbox 854 1936 928 1974; x_wconf 78' lang='grc' dir='ltr'><strong><em>ἔτει</em></strong></span> <span class='ocrx_word' id='word_1_248' title='bbox 950 1937 998 1974; x_wconf 81' lang='lat' dir='ltr'><strong>G.</strong></span> 
     </span>
    </p>
   </div>
   <div class='ocr_carea' id='block_1_6' title="bbox 237 2029 1744 2980">
    <p class='ocr_par' dir='ltr' id='par_1_6' title="bbox 237 2029 1744 2980">
     <span class='ocr_line' id='line_1_27' title="bbox 238 2029 1744 2079; baseline -0.002 -11"><span class='ocrx_word' id='word_1_249' title='bbox 238 2030 472 2068; x_wconf 73' lang='lat' dir='ltr'>Alexandriae</span> <span class='ocrx_word' id='word_1_250' title='bbox 488 2031 656 2067; x_wconf 83' lang='lat' dir='ltr'><strong>antistitis</strong></span> <span class='ocrx_word' id='word_1_251' title='bbox 676 2034 793 2068; x_wconf 85' lang='lat' dir='ltr'><strong>aetate</strong></span> <span class='ocrx_word' id='word_1_252' title='bbox 809 2031 935 2078; x_wconf 82' lang='lat' dir='ltr'><strong>vigens</strong></span> <span class='ocrx_word' id='word_1_253' title='bbox 952 2031 1138 2068; x_wconf 81' lang='lat' dir='ltr'><strong>veritatem</strong></span> <span class='ocrx_word' id='word_1_254' title='bbox 1163 2030 1199 2066; x_wconf 91' lang='lat' dir='ltr'><strong>in</strong></span> <span class='ocrx_word' id='word_1_255' title='bbox 1217 2030 1395 2079; x_wconf 84' lang='lat' dir='ltr'><strong>plerisque</strong></span> <span class='ocrx_word' id='word_1_256' title='bbox 1415 2030 1558 2078; x_wconf 78' lang='lat' dir='ltr'><strong>attigit,</strong></span> <span class='ocrx_word' id='word_1_257' title='bbox 1582 2029 1627 2066; x_wconf 88' lang='lat' dir='ltr'><strong>ad</strong></span> <span class='ocrx_word' id='word_1_258' title='bbox 1638 2030 1744 2065; x_wconf 86' lang='lat' dir='ltr'><strong>Chri-</strong></span> 
     </span>
     <span class='ocr_line' id='line_1_28' title="bbox 239 2078 1742 2127; baseline -0.001 -14"><span class='ocrx_word' id='word_1_259' title='bbox 239 2079 287 2113; x_wconf 86' lang='lat' dir='ltr'><strong>sti</strong></span> <span class='ocrx_word' id='word_1_260' title='bbox 315 2083 427 2114; x_wconf 87' lang='lat' dir='ltr'><strong>ortum</strong></span> <span class='ocrx_word' id='word_1_261' title='bbox 450 2079 575 2114; x_wconf 83' lang='lat' dir='ltr'><strong>salutis</strong></span> <span class='ocrx_word' id='word_1_262' title='bbox 601 2084 743 2115; x_wconf 86' lang='lat' dir='ltr'><strong>nostrae</strong></span> <span class='ocrx_word' id='word_1_263' title='bbox 769 2085 950 2127; x_wconf 87' lang='lat' dir='ltr'><strong>parentem</strong></span> <span class='ocrx_word' id='word_1_264' title='bbox 979 2079 1128 2114; x_wconf 85' lang='lat' dir='ltr'><strong>historia</strong></span> <span class='ocrx_word' id='word_1_265' title='bbox 1153 2079 1326 2122; x_wconf 83' lang='lat' dir='ltr'><strong>deducta,</strong></span> <span class='ocrx_word' id='word_1_266' title='bbox 1350 2079 1541 2126; x_wconf 88' lang='lat' dir='ltr'><strong>eodemque</strong></span> <span class='ocrx_word' id='word_1_267' title='bbox 1562 2078 1599 2113; x_wconf 85' lang='lat' dir='ltr'><strong>in</strong></span> <span class='ocrx_word' id='word_1_268' title='bbox 1616 2089 1742 2112; x_wconf 89' lang='lat' dir='ltr'><strong>annum</strong></span> 
     </span>
     <span class='ocr_line' id='line_1_29' title="bbox 237 2125 1743 2174; baseline -0.003 -10"><span class='ocrx_word' id='word_1_269' title='bbox 237 2125 332 2165; x_wconf 84' lang='lat'><strong>5493</strong></span> <span class='ocrx_word' id='word_1_270' title='bbox 349 2126 480 2162; x_wconf 86' lang='lat' dir='ltr'><strong>reiecto</strong></span> <span class='ocrx_word' id='word_1_271' title='bbox 497 2127 581 2162; x_wconf 87' lang='lat' dir='ltr'><strong>totis</strong></span> <span class='ocrx_word' id='word_1_272' title='bbox 600 2131 732 2174; x_wconf 79' lang='lat' dir='ltr'><strong>septem</strong></span> <span class='ocrx_word' id='word_1_273' title='bbox 748 2127 847 2163; x_wconf 83' lang='lat' dir='ltr'><strong>annis</strong></span> <span class='ocrx_word' id='word_1_274' title='bbox 875 2139 897 2162; x_wconf 89' lang='lat' dir='ltr'><strong>a</strong></span> <span class='ocrx_word' id='word_1_275' title='bbox 920 2139 1006 2162; x_wconf 88' lang='lat' dir='ltr'><strong>vero</strong></span> <span class='ocrx_word' id='word_1_276' title='bbox 1031 2127 1188 2163; x_wconf 85' lang='lat' dir='ltr'><strong>deflexit.</strong></span> <span class='ocrx_word' id='word_1_277' title='bbox 1236 2127 1335 2161; x_wconf 87' lang='lat' dir='ltr'><strong>Haec</strong></span> <span class='ocrx_word' id='word_1_278' title='bbox 1362 2132 1476 2161; x_wconf 85' lang='lat' dir='ltr'><strong>autem</strong></span> <span class='ocrx_word' id='word_1_279' title='bbox 1506 2125 1576 2160; x_wconf 84' lang='lat' dir='ltr'><strong>fuit</strong></span> <span class='ocrx_word' id='word_1_280' title='bbox 1599 2125 1743 2159; x_wconf 80' lang='lat' dir='ltr'>admissi</span> 
     </span>
     <span class='ocr_line' id='line_1_30' title="bbox 240 2172 1743 2221; baseline -0.001 -13"><span class='ocrx_word' id='word_1_281' title='bbox 240 2174 285 2208; x_wconf 80' lang='lat' dir='ltr'><strong>ab</strong></span> <span class='ocrx_word' id='word_1_282' title='bbox 303 2185 346 2209; x_wconf 88' lang='lat' dir='ltr'><strong>eo</strong></span> <span class='ocrx_word' id='word_1_283' title='bbox 365 2174 492 2208; x_wconf 86' lang='lat' dir='ltr'><strong>erroris</strong></span> <span class='ocrx_word' id='word_1_284' title='bbox 510 2186 624 2212; x_wconf 84' lang='lat' dir='ltr'><strong>causa.</strong></span> <span class='ocrx_word' id='word_1_285' title='bbox 672 2175 726 2210; x_wconf 86' lang='lat' dir='ltr'><strong>Ad</strong></span> <span class='ocrx_word' id='word_1_286' title='bbox 745 2186 870 2210; x_wconf 84' lang='lat' dir='ltr'><strong>annum</strong></span> <span class='ocrx_word' id='word_1_287' title='bbox 891 2174 1062 2220; x_wconf 87' lang='lat' dir='ltr'><strong>siquidem</strong></span> <span class='ocrx_word' id='word_1_288' title='bbox 1079 2174 1235 2221; x_wconf 85' lang='lat' dir='ltr'><strong>Philippi</strong></span> <span class='ocrx_word' id='word_1_289' title='bbox 1252 2173 1396 2209; x_wconf 86' lang='lat' dir='ltr'><strong>Aridaei</strong></span> <span class='ocrx_word' id='word_1_290' title='bbox 1413 2176 1492 2219; x_wconf 86' lang='lat' dir='ltr'><strong>post</strong></span> <span class='ocrx_word' id='word_1_291' title='bbox 1509 2172 1743 2207; x_wconf 84' lang='lat' dir='ltr'>Alexandrum</span> 
     </span>
     <span class='ocr_line' id='line_1_31' title="bbox 240 2220 1743 2269; baseline -0.002 -13"><span class='ocrx_word' id='word_1_292' title='bbox 240 2221 467 2256; x_wconf 80' lang='lat' dir='ltr'><strong>Macedonem</strong></span> <span class='ocrx_word' id='word_1_293' title='bbox 485 2222 736 2257; x_wconf 84' lang='lat' dir='ltr'><strong>Macedonibus</strong></span> <span class='ocrx_word' id='word_1_294' title='bbox 752 2222 956 2269; x_wconf 82' lang='lat' dir='ltr'><strong>imperantis</strong></span> <span class='ocrx_word' id='word_1_295' title='bbox 973 2222 1140 2269; x_wconf 83' lang='lat' dir='ltr'><strong>primum,</strong></span> <span class='ocrx_word' id='word_1_296' title='bbox 1160 2222 1203 2256; x_wconf 87' lang='lat' dir='ltr'><strong>ad</strong></span> <span class='ocrx_word' id='word_1_297' title='bbox 1223 2232 1324 2268; x_wconf 92' lang='lat' dir='ltr'><strong>quem</strong></span> <span class='ocrx_word' id='word_1_298' title='bbox 1343 2220 1478 2267; x_wconf 82' lang='lat' dir='ltr'><strong>pariter</strong></span> <span class='ocrx_word' id='word_1_299' title='bbox 1492 2231 1615 2255; x_wconf 81' lang='lat' dir='ltr'><strong>annum</strong></span> <span class='ocrx_word' id='word_1_300' title='bbox 1635 2220 1743 2254; x_wconf 85' lang='lat' dir='ltr'><strong>Clau-</strong></span> 
     </span>
     <span class='ocr_line' id='line_1_32' title="bbox 241 2266 1743 2316; baseline -0.001 -14"><span class='ocrx_word' id='word_1_301' title='bbox 241 2267 320 2303; x_wconf 86' lang='lat' dir='ltr'><strong>dius</strong></span> <span class='ocrx_word' id='word_1_302' title='bbox 337 2268 554 2304; x_wconf 83' lang='lat' dir='ltr'><strong>Ptolemaeus</strong></span> <span class='ocrx_word' id='word_1_303' title='bbox 574 2270 815 2316; x_wconf 79' lang='lat' dir='ltr'><strong>expeditarum</strong></span> <span class='ocrx_word' id='word_1_304' title='bbox 834 2270 1032 2316; x_wconf 79' lang='lat' dir='ltr'><strong>regularum</strong></span> <span class='ocrx_word' id='word_1_305' title='bbox 1052 2273 1247 2315; x_wconf 86' lang='lat' dir='ltr'><strong>computum</strong></span> <span class='ocrx_word' id='word_1_306' title='bbox 1263 2267 1438 2314; x_wconf 86' lang='lat' dir='ltr'><strong>figendum</strong></span> <span class='ocrx_word' id='word_1_307' title='bbox 1460 2268 1641 2309; x_wconf 86' lang='lat' dir='ltr'><strong>decrevit,</strong></span> <span class='ocrx_word' id='word_1_308' title='bbox 1664 2266 1743 2313; x_wconf 86' lang='lat' dir='ltr'><strong>ipse</strong></span> 
     </span>
     <span class='ocr_line' id='line_1_33' title="bbox 242 2313 1742 2363; baseline -0.002 -12"><span class='ocrx_word' id='word_1_309' title='bbox 242 2327 318 2351; x_wconf 93' lang='lat' dir='ltr'><strong>cum</strong></span> <span class='ocrx_word' id='word_1_310' title='bbox 339 2316 550 2361; x_wconf 79' lang='lat' dir='ltr'><strong>Aegyptiaci</strong></span> <span class='ocrx_word' id='word_1_311' title='bbox 571 2321 642 2351; x_wconf 84' lang='lat' dir='ltr'><strong>tum</strong></span> <span class='ocrx_word' id='word_1_312' title='bbox 662 2317 795 2363; x_wconf 86' lang='lat' dir='ltr'><strong>pariter</strong></span> <span class='ocrx_word' id='word_1_313' title='bbox 813 2317 894 2351; x_wconf 86' lang='lat' dir='ltr'><strong>anni</strong></span> <span class='ocrx_word' id='word_1_314' title='bbox 912 2316 1043 2350; x_wconf 82' lang='lat' dir='ltr'><strong>Graeci</strong></span> <span class='ocrx_word' id='word_1_315' title='bbox 1068 2316 1196 2350; x_wconf 88' lang='lat' dir='ltr'><strong>mensis</strong></span> <span class='ocrx_word' id='word_1_316' title='bbox 1215 2315 1336 2351; x_wconf 86' lang='lat' dir='ltr'><strong>Thoth</strong></span> <span class='ocrx_word' id='word_1_317' title='bbox 1358 2314 1547 2361; x_wconf 81' lang='lat' dir='ltr'><strong>Aegyptiis</strong></span> <span class='ocrx_word' id='word_1_318' title='bbox 1566 2313 1653 2348; x_wconf 85' lang='lat' dir='ltr'><strong>dicti</strong></span> <span class='ocrx_word' id='word_1_319' title='bbox 1684 2314 1742 2349; x_wconf 91' lang='lat' dir='ltr'><strong>die</strong></span> 
     </span>
     <span class='ocr_line' id='line_1_34' title="bbox 242 2361 1743 2410; baseline -0.002 -12"><span class='ocrx_word' id='word_1_320' title='bbox 242 2363 354 2410; x_wconf 83' lang='lat' dir='ltr'><strong>primo</strong></span> <span class='ocrx_word' id='word_1_321' title='bbox 381 2363 470 2408; x_wconf 84' lang='lat' dir='ltr'><strong>(qui</strong></span> <span class='ocrx_word' id='word_1_322' title='bbox 490 2363 638 2408; x_wconf 82' lang='lat' dir='ltr'><strong>Augusti</strong></span> <span class='ocrx_word' id='word_1_323' title='bbox 669 2366 716 2400; x_wconf 75' lang='lat'><strong>29</strong></span> <span class='ocrx_word' id='word_1_324' title='bbox 742 2368 815 2406; x_wconf 88' lang='lat' dir='ltr'><strong>est,</strong></span> <span class='ocrx_word' id='word_1_325' title='bbox 838 2368 876 2399; x_wconf 82' lang='lat' dir='ltr'><strong>et</strong></span> <span class='ocrx_word' id='word_1_326' title='bbox 906 2375 1019 2398; x_wconf 87' lang='lat' dir='ltr'><strong>novae</strong></span> <span class='ocrx_word' id='word_1_327' title='bbox 1043 2362 1178 2408; x_wconf 87' lang='lat' dir='ltr'><strong>periodi</strong></span> <span class='ocrx_word' id='word_1_328' title='bbox 1205 2363 1417 2409; x_wconf 83' lang='lat' dir='ltr'><strong>reparator)</strong></span> <span class='ocrx_word' id='word_1_329' title='bbox 1443 2361 1591 2408; x_wconf 81' lang='lat' dir='ltr'><strong>aequale</strong></span> <span class='ocrx_word' id='word_1_330' title='bbox 1618 2361 1743 2396; x_wconf 83' lang='lat' dir='ltr'><strong>statuit</strong></span> 
     </span>
     <span class='ocr_line' id='line_1_35' title="bbox 241 2408 1742 2456; baseline -0.003 -10"><span class='ocrx_word' id='word_1_331' title='bbox 241 2410 440 2446; x_wconf 86' lang='lat' dir='ltr'><strong>ducendum</strong></span> <span class='ocrx_word' id='word_1_332' title='bbox 456 2409 611 2453; x_wconf 84' lang='lat' dir='ltr'><strong>initium,</strong></span> <span class='ocrx_word' id='word_1_333' title='bbox 636 2415 674 2446; x_wconf 89' lang='lat' dir='ltr'><strong>et</strong></span> <span class='ocrx_word' id='word_1_334' title='bbox 691 2411 807 2446; x_wconf 92' lang='lat' dir='ltr'><strong>mundi</strong></span> <span class='ocrx_word' id='word_1_335' title='bbox 825 2409 998 2445; x_wconf 86' lang='lat' dir='ltr'><strong>natalibus</strong></span> <span class='ocrx_word' id='word_1_336' title='bbox 1016 2421 1141 2444; x_wconf 84' lang='lat' dir='ltr'><strong>annum</strong></span> <span class='ocrx_word' id='word_1_337' title='bbox 1156 2412 1250 2447; x_wconf 89' lang='lat'>5170</span> <span class='ocrx_word' id='word_1_338' title='bbox 1267 2410 1476 2456; x_wconf 86' lang='lat' dir='ltr'><strong>principium</strong></span> <span class='ocrx_word' id='word_1_339' title='bbox 1501 2408 1585 2444; x_wconf 89' lang='lat' dir='ltr'><strong>illud</strong></span> <span class='ocrx_word' id='word_1_340' title='bbox 1608 2409 1742 2443; x_wconf 89' lang='lat' dir='ltr'><strong>ducen-</strong></span> 
     </span>
     <span class='ocr_line' id='line_1_36' title="bbox 242 2454 1742 2505; baseline -0.003 -13"><span class='ocrx_word' id='word_1_341' title='bbox 242 2458 323 2493; x_wconf 89' lang='lat' dir='ltr'><strong>dum</strong></span> <span class='ocrx_word' id='word_1_342' title='bbox 342 2457 489 2492; x_wconf 88' lang='lat' dir='ltr'><strong>omnium</strong></span> <span class='ocrx_word' id='word_1_343' title='bbox 505 2457 705 2493; x_wconf 83' lang='lat' dir='ltr'><strong>testimonio</strong></span> <span class='ocrx_word' id='word_1_344' title='bbox 723 2459 907 2505; x_wconf 88' lang='lat' dir='ltr'><strong>probatum</strong></span> <span class='ocrx_word' id='word_1_345' title='bbox 929 2461 995 2492; x_wconf 88' lang='lat' dir='ltr'><strong>est.</strong></span> <span class='ocrx_word' id='word_1_346' title='bbox 1044 2457 1097 2492; x_wconf 92' lang='lat' dir='ltr'><strong>Ab</strong></span> <span class='ocrx_word' id='word_1_347' title='bbox 1116 2457 1270 2492; x_wconf 89' lang='lat' dir='ltr'><strong>eiusdem</strong></span> <span class='ocrx_word' id='word_1_348' title='bbox 1284 2469 1369 2492; x_wconf 88' lang='lat' dir='ltr'><strong>vero</strong></span> <span class='ocrx_word' id='word_1_349' title='bbox 1387 2456 1544 2504; x_wconf 89' lang='lat' dir='ltr'><strong>Philippi</strong></span> <span class='ocrx_word' id='word_1_350' title='bbox 1561 2467 1651 2492; x_wconf 82' lang='lat' dir='ltr'><strong>anno</strong></span> <span class='ocrx_word' id='word_1_351' title='bbox 1667 2454 1742 2501; x_wconf 85' lang='lat' dir='ltr'><strong>pri-</strong></span> 
     </span>
     <span class='ocr_line' id='line_1_37' title="bbox 242 2501 1742 2551; baseline -0.003 -11"><span class='ocrx_word' id='word_1_352' title='bbox 242 2517 297 2540; x_wconf 90' lang='lat' dir='ltr'><strong>mo</strong></span> <span class='ocrx_word' id='word_1_353' title='bbox 313 2504 359 2540; x_wconf 84' lang='lat' dir='ltr'><strong>ad</strong></span> <span class='ocrx_word' id='word_1_354' title='bbox 375 2504 586 2551; x_wconf 79' lang='lat' dir='ltr'><strong>Cleopatrae</strong></span> <span class='ocrx_word' id='word_1_355' title='bbox 602 2505 734 2540; x_wconf 87' lang='lat' dir='ltr'><strong>cladem</strong></span> <span class='ocrx_word' id='word_1_356' title='bbox 751 2505 904 2540; x_wconf 73' lang='lat' dir='ltr'><strong>ultimam</strong></span> <span class='ocrx_word' id='word_1_357' title='bbox 923 2517 967 2540; x_wconf 86' lang='lat' dir='ltr'><strong>ex</strong></span> <span class='ocrx_word' id='word_1_358' title='bbox 988 2505 1296 2540; x_wconf 85' lang='lat' dir='ltr'><strong>astronomicorum</strong></span> <span class='ocrx_word' id='word_1_359' title='bbox 1312 2516 1478 2540; x_wconf 84' lang='lat' dir='ltr'><strong>canonum</strong></span> <span class='ocrx_word' id='word_1_360' title='bbox 1496 2502 1639 2539; x_wconf 85' lang='lat' dir='ltr'><strong>calculis</strong></span> <span class='ocrx_word' id='word_1_361' title='bbox 1660 2501 1742 2537; x_wconf 83' lang='lat' dir='ltr'><strong>anni</strong></span> 
     </span>
     <span class='ocr_line' id='line_1_38' title="bbox 243 2549 1743 2598; baseline -0.003 -10"><span class='ocrx_word' id='word_1_362' title='bbox 243 2551 455 2597; x_wconf 85' lang='lat' dir='ltr'><strong>colliguntur</strong></span> <span class='ocrx_word' id='word_1_363' title='bbox 469 2549 561 2594; x_wconf 74' lang='lat'><strong>294,</strong></span> <span class='ocrx_word' id='word_1_364' title='bbox 585 2564 686 2598; x_wconf 91' lang='lat' dir='ltr'><strong>quam</strong></span> <span class='ocrx_word' id='word_1_365' title='bbox 719 2553 764 2588; x_wconf 93' lang='lat' dir='ltr'><strong>ob</strong></span> <span class='ocrx_word' id='word_1_366' title='bbox 782 2565 854 2588; x_wconf 91' lang='lat' dir='ltr'><strong>rem</strong></span> <span class='ocrx_word' id='word_1_367' title='bbox 878 2564 901 2587; x_wconf 82' lang='lat' dir='ltr'><strong>a</strong></span> <span class='ocrx_word' id='word_1_368' title='bbox 927 2552 1044 2587; x_wconf 90' lang='lat' dir='ltr'><strong>mundi</strong></span> <span class='ocrx_word' id='word_1_369' title='bbox 1071 2564 1159 2588; x_wconf 87' lang='lat' dir='ltr'><strong>anno</strong></span> <span class='ocrx_word' id='word_1_370' title='bbox 1176 2553 1273 2590; x_wconf 82' lang='lat'>5170</span> <span class='ocrx_word' id='word_1_371' title='bbox 1292 2552 1336 2587; x_wconf 86' lang='lat' dir='ltr'><strong>ad</strong></span> <span class='ocrx_word' id='word_1_372' title='bbox 1353 2563 1511 2587; x_wconf 81' lang='lat' dir='ltr'><strong>eversum</strong></span> <span class='ocrx_word' id='word_1_373' title='bbox 1531 2550 1743 2596; x_wconf 78' lang='lat' dir='ltr'><strong>Cleopatrae</strong></span> 
     </span>
     <span class='ocr_line' id='line_1_39' title="bbox 242 2596 1743 2647; baseline -0.003 -12"><span class='ocrx_word' id='word_1_374' title='bbox 242 2610 387 2645; x_wconf 84' lang='lat' dir='ltr'><strong>regnum</strong></span> <span class='ocrx_word' id='word_1_375' title='bbox 406 2599 487 2634; x_wconf 88' lang='lat' dir='ltr'><strong>anni</strong></span> <span class='ocrx_word' id='word_1_376' title='bbox 504 2599 593 2634; x_wconf 86' lang='lat' dir='ltr'><strong>fiunt</strong></span> <span class='ocrx_word' id='word_1_377' title='bbox 607 2600 723 2643; x_wconf 84' lang='lat'><strong>5463,</strong></span> <span class='ocrx_word' id='word_1_378' title='bbox 748 2611 839 2647; x_wconf 83' lang='lat' dir='ltr'><strong>quae</strong></span> <span class='ocrx_word' id='word_1_379' title='bbox 858 2611 987 2635; x_wconf 83' lang='lat' dir='ltr'><strong>summa</strong></span> <span class='ocrx_word' id='word_1_380' title='bbox 1003 2598 1144 2644; x_wconf 82' lang='lat' dir='ltr'><strong>eadem,</strong></span> <span class='ocrx_word' id='word_1_381' title='bbox 1166 2600 1267 2636; x_wconf 82' lang='lat' dir='ltr'><strong>iuxta</strong></span> <span class='ocrx_word' id='word_1_382' title='bbox 1285 2600 1353 2635; x_wconf 86' lang='lat' dir='ltr'><strong>hoc</strong></span> <span class='ocrx_word' id='word_1_383' title='bbox 1369 2604 1558 2641; x_wconf 79' lang='lat' dir='ltr'><strong>assertum,</strong></span> <span class='ocrx_word' id='word_1_384' title='bbox 1583 2597 1627 2632; x_wconf 85' lang='lat' dir='ltr'><strong>ab</strong></span> <span class='ocrx_word' id='word_1_385' title='bbox 1645 2596 1743 2633; x_wconf 84' lang='lat' dir='ltr'><strong>Ada-</strong></span> 
     </span>
     <span class='ocr_line' id='line_1_40' title="bbox 242 2644 1741 2694; baseline -0.001 -13"><span class='ocrx_word' id='word_1_386' title='bbox 242 2646 290 2682; x_wconf 88' lang='lat' dir='ltr'><strong>mi</strong></span> <span class='ocrx_word' id='word_1_387' title='bbox 311 2646 452 2682; x_wconf 85' lang='lat' dir='ltr'><strong>conditu</strong></span> <span class='ocrx_word' id='word_1_388' title='bbox 473 2646 518 2682; x_wconf 78' lang='lat' dir='ltr'><strong>ad</strong></span> <span class='ocrx_word' id='word_1_389' title='bbox 537 2647 716 2683; x_wconf 84' lang='lat' dir='ltr'><strong>terminum</strong></span> <span class='ocrx_word' id='word_1_390' title='bbox 732 2648 878 2683; x_wconf 92' lang='lat' dir='ltr'><strong>eundem</strong></span> <span class='ocrx_word' id='word_1_391' title='bbox 895 2647 1110 2694; x_wconf 86' lang='lat' dir='ltr'><strong>colligenda,</strong></span> <span class='ocrx_word' id='word_1_392' title='bbox 1134 2648 1228 2694; x_wconf 89' lang='lat' dir='ltr'><strong>quod</strong></span> <span class='ocrx_word' id='word_1_393' title='bbox 1253 2651 1352 2682; x_wconf 85' lang='lat' dir='ltr'><strong>certe</strong></span> <span class='ocrx_word' id='word_1_394' title='bbox 1377 2644 1639 2682; x_wconf 79' lang='lat' dir='ltr'><strong>ecclesiasticae</strong></span> <span class='ocrx_word' id='word_1_395' title='bbox 1666 2648 1741 2679; x_wconf 85' lang='lat' dir='ltr'><strong>tra-</strong></span> 
     </span>
     <span class='ocr_line' id='line_1_41' title="bbox 242 2692 1742 2741; baseline -0.002 -13"><span class='ocrx_word' id='word_1_396' title='bbox 242 2693 371 2729; x_wconf 84' lang='lat' dir='ltr'><strong>ditioni</strong></span> <span class='ocrx_word' id='word_1_397' title='bbox 388 2694 484 2730; x_wconf 78' lang='lat' dir='ltr'><strong>nulla</strong></span> <span class='ocrx_word' id='word_1_398' title='bbox 497 2698 600 2731; x_wconf 77' lang='lat' dir='ltr'><strong>tenus</strong></span> <span class='ocrx_word' id='word_1_399' title='bbox 618 2700 808 2737; x_wconf 54' lang='lat' dir='ltr'><strong>consonam</strong></span> <span class='ocrx_word' id='word_1_400' title='bbox 826 2695 880 2730; x_wconf 79' lang='lat' dir='ltr'><strong>ita</strong></span> <span class='ocrx_word' id='word_1_401' title='bbox 896 2706 1045 2741; x_wconf 82' lang='lat' dir='ltr'><strong>namque</strong></span> <span class='ocrx_word' id='word_1_402' title='bbox 1061 2695 1114 2738; x_wconf 84' lang='lat' dir='ltr'><strong>fit,</strong></span> <span class='ocrx_word' id='word_1_403' title='bbox 1131 2699 1172 2730; x_wconf 89' lang='lat' dir='ltr'><strong>ut</strong></span> <span class='ocrx_word' id='word_1_404' title='bbox 1191 2706 1301 2730; x_wconf 80' lang='lat' dir='ltr'><strong>annus</strong></span> <span class='ocrx_word' id='word_1_405' title='bbox 1318 2693 1466 2740; x_wconf 80' lang='lat' dir='ltr'><strong>Augusti</strong></span> <span class='ocrx_word' id='word_1_406' title='bbox 1485 2692 1614 2728; x_wconf 86' lang='lat' dir='ltr'><strong>tertius</strong></span> <span class='ocrx_word' id='word_1_407' title='bbox 1635 2702 1742 2738; x_wconf 81' lang='lat' dir='ltr'><strong>supra</strong></span> 
     </span>
     <span class='ocr_line' id='line_1_42' title="bbox 242 2738 1741 2788; baseline -0.003 -11"><span class='ocrx_word' id='word_1_408' title='bbox 242 2739 310 2784; x_wconf 84' lang='grc'><strong>40,</strong></span> <span class='ocrx_word' id='word_1_409' title='bbox 336 2752 406 2788; x_wconf 89' lang='lat' dir='ltr'><strong>quo</strong></span> <span class='ocrx_word' id='word_1_410' title='bbox 426 2741 586 2778; x_wconf 74' lang='lat' dir='ltr'><strong>dominus</strong></span> <span class='ocrx_word' id='word_1_411' title='bbox 607 2746 727 2778; x_wconf 74' lang='lat' dir='ltr'><strong>noster</strong></span> <span class='ocrx_word' id='word_1_412' title='bbox 744 2753 880 2778; x_wconf 87' lang='lat' dir='ltr'><strong>carnem</strong></span> <span class='ocrx_word' id='word_1_413' title='bbox 906 2742 1084 2788; x_wconf 80' lang='lat' dir='ltr'><strong>suscepit,</strong></span> <span class='ocrx_word' id='word_1_414' title='bbox 1111 2742 1188 2778; x_wconf 89' lang='lat' dir='ltr'><strong>loco</strong></span> <span class='ocrx_word' id='word_1_415' title='bbox 1215 2741 1283 2776; x_wconf 82' lang='lat' dir='ltr'><strong>sibi</strong></span> <span class='ocrx_word' id='word_1_416' title='bbox 1310 2741 1430 2776; x_wconf 89' lang='lat' dir='ltr'><strong>debito</strong></span> <span class='ocrx_word' id='word_1_417' title='bbox 1456 2739 1613 2776; x_wconf 80' lang='lat' dir='ltr'><strong>anterior</strong></span> <span class='ocrx_word' id='word_1_418' title='bbox 1631 2738 1741 2774; x_wconf 86' lang='lat' dir='ltr'><strong>multo</strong></span> 
     </span>
     <span class='ocr_line' id='line_1_43' title="bbox 246 2785 1742 2836; baseline -0.002 -13"><span class='ocrx_word' id='word_1_419' title='bbox 246 2787 364 2824; x_wconf 81' lang='lat' dir='ltr'><strong>veniat</strong></span> <span class='ocrx_word' id='word_1_420' title='bbox 379 2789 535 2833; x_wconf 78' lang='lat' dir='ltr'><strong>obviam3</strong></span> <span class='ocrx_word' id='word_1_421' title='bbox 558 2802 581 2825; x_wconf 79' lang='lat' dir='ltr'><strong>a</strong></span> <span class='ocrx_word' id='word_1_422' title='bbox 596 2789 738 2826; x_wconf 79' lang='lat' dir='ltr'><strong>devicta</strong></span> <span class='ocrx_word' id='word_1_423' title='bbox 754 2789 885 2836; x_wconf 87' lang='lat' dir='ltr'><strong>quippe</strong></span> <span class='ocrx_word' id='word_1_424' title='bbox 902 2789 1093 2836; x_wconf 77' lang='lat' dir='ltr'><strong>Cleopatra</strong></span> <span class='ocrx_word' id='word_1_425' title='bbox 1111 2794 1148 2825; x_wconf 85' lang='lat' dir='ltr'><strong>et</strong></span> <span class='ocrx_word' id='word_1_426' title='bbox 1164 2790 1313 2825; x_wconf 80' lang='lat' dir='ltr'><strong>subacta</strong></span> <span class='ocrx_word' id='word_1_427' title='bbox 1331 2788 1494 2834; x_wconf 84' lang='lat' dir='ltr'><strong>Aegypto</strong></span> <span class='ocrx_word' id='word_1_428' title='bbox 1513 2798 1622 2823; x_wconf 74' lang='lat' dir='ltr'><strong>annos</strong></span> <span class='ocrx_word' id='word_1_429' title='bbox 1652 2785 1742 2820; x_wconf 91' lang='lat' dir='ltr'><strong>dun—</strong></span> 
     </span>
     <span class='ocr_line' id='line_1_44' title="bbox 243 2834 1741 2883; baseline -0.002 -12"><span class='ocrx_word' id='word_1_430' title='bbox 243 2838 345 2871; x_wconf 83' lang='lat' dir='ltr'><strong>taxat</strong></span> <span class='ocrx_word' id='word_1_431' title='bbox 361 2834 410 2873; x_wconf 83' lang='lat'><strong>43</strong></span> <span class='ocrx_word' id='word_1_432' title='bbox 429 2836 622 2883; x_wconf 82' lang='lat' dir='ltr'><strong>imperasse</strong></span> <span class='ocrx_word' id='word_1_433' title='bbox 639 2848 662 2872; x_wconf 77' lang='lat' dir='ltr'><strong>a</strong></span> <span class='ocrx_word' id='word_1_434' title='bbox 682 2836 936 2874; x_wconf 77' lang='lat' dir='ltr'><strong>mathematicis</strong></span> <span class='ocrx_word' id='word_1_435' title='bbox 954 2838 1136 2883; x_wconf 77' lang='lat' dir='ltr'><strong>Augustus</strong></span> <span class='ocrx_word' id='word_1_436' title='bbox 1155 2836 1346 2880; x_wconf 75' lang='lat' dir='ltr'><strong>asseritur3</strong></span> <span class='ocrx_word' id='word_1_437' title='bbox 1368 2835 1499 2883; x_wconf 76' lang='lat' dir='ltr'><strong>quibus</strong></span> <span class='ocrx_word' id='word_1_438' title='bbox 1511 2860 1523 2879; x_wconf 85' lang='lat'>‚</span> <span class='ocrx_word' id='word_1_439' title='bbox 1545 2846 1612 2870; x_wconf 86' lang='lat' dir='ltr'><strong>ceu</strong></span> <span class='ocrx_word' id='word_1_440' title='bbox 1642 2844 1741 2875; x_wconf 86' lang='lat' dir='ltr'><strong>vero,</strong></span> 
     </span>
     <span class='ocr_line' id='line_1_45' title="bbox 244 2881 1742 2929; baseline -0.002 -12"><span class='ocrx_word' id='word_1_441' title='bbox 244 2882 276 2917; x_wconf 72' lang='lat' dir='ltr'><strong>si</strong></span> <span class='ocrx_word' id='word_1_442' title='bbox 296 2884 558 2929; x_wconf 79' lang='lat' dir='ltr'><strong>praebuerimus</strong></span> <span class='ocrx_word' id='word_1_443' title='bbox 575 2885 678 2921; x_wconf 87' lang='lat' dir='ltr'><strong>fidem</strong></span> <span class='ocrx_word' id='word_1_444' title='bbox 696 2884 792 2920; x_wconf 78' lang='lat' dir='ltr'><strong>circa</strong></span> <span class='ocrx_word' id='word_1_445' title='bbox 811 2884 929 2920; x_wconf 89' lang='lat' dir='ltr'><strong>mundi</strong></span> <span class='ocrx_word' id='word_1_446' title='bbox 948 2885 1055 2929; x_wconf 83' lang='lat'>5505,</span> <span class='ocrx_word' id='word_1_447' title='bbox 1101 2884 1138 2920; x_wconf 93' lang='lat' dir='ltr'><strong>ui</strong></span> <span class='ocrx_word' id='word_1_448' title='bbox 1156 2883 1342 2920; x_wconf 74' lang='lat' dir='ltr'><strong>salvatoris</strong></span> <span class='ocrx_word' id='word_1_449' title='bbox 1360 2882 1487 2919; x_wconf 81' lang='lat' dir='ltr'><strong>aetatis</strong></span> <span class='ocrx_word' id='word_1_450' title='bbox 1511 2881 1655 2928; x_wconf 81' lang='lat' dir='ltr'><strong>quintus</strong></span> <span class='ocrx_word' id='word_1_451' title='bbox 1675 2884 1742 2921; x_wconf 82' lang='lat' dir='ltr'><strong>est,</strong></span> 
     </span>
     <span class='ocr_line' id='line_1_46' title="bbox 242 2897 1743 2980; baseline -0.003 -14"><span class='ocrx_word' id='word_1_452' title='bbox 242 2929 319 2966; x_wconf 80' lang='lat' dir='ltr'><strong>vita</strong></span> <span class='ocrx_word' id='word_1_453' title='bbox 339 2930 480 2967; x_wconf 78' lang='lat' dir='ltr'><strong>functus</strong></span> <span class='ocrx_word' id='word_1_454' title='bbox 500 2933 684 2980; x_wconf 67' lang='lat' dir='ltr'><strong>Augustus,</strong></span> <span class='ocrx_word' id='word_1_455' title='bbox 697 2932 790 2969; x_wconf 88' lang='lat' dir='ltr'><strong>idem</strong></span> <span class='ocrx_word' id='word_1_456' title='bbox 806 2931 1019 2980; x_wconf 78' lang='lat' dir='ltr'><strong>reperietur.</strong></span> <span class='ocrx_word' id='word_1_457' title='bbox 1066 2897 1119 2970; x_wconf 52' lang='lat' dir='ltr'><strong>Et</strong></span> <span class='ocrx_word' id='word_1_458' title='bbox 1145 2931 1213 2969; x_wconf 79' lang='lat' dir='ltr'><strong>hoc</strong></span> <span class='ocrx_word' id='word_1_459' title='bbox 1236 2931 1379 2980; x_wconf 82' lang='lat' dir='ltr'><strong>quidem</strong></span> <span class='ocrx_word' id='word_1_460' title='bbox 1397 2930 1483 2967; x_wconf 88' lang='lat' dir='ltr'><strong>nulli</strong></span> <span class='ocrx_word' id='word_1_461' title='bbox 1510 2941 1579 2966; x_wconf 90' lang='lat' dir='ltr'><strong>non</strong></span> <span class='ocrx_word' id='word_1_462' title='bbox 1599 2927 1743 2965; x_wconf 80' lang='lat' dir='ltr'><strong>manife—</strong></span> 
     </span>
    </p>
   </div>
  </div>
 </body>
</html>
