1800 3236
590 208 1121 256 CHRONOGRAPHIA.
1160 253 1162 255 ,
1494 206 1596 256 677

16 343 20 348 ·
91 321 220 366 λείαν.
266 320 545 377 ἐβασίλευσαν
566 315 642 366 οὖν
661 320 703 365 οἷ
714 318 927 382 Ἀσσύριοι
948 320 1021 380 ἔτη
1043 319 1163 384 ‘argi
1202 321 1319 368 οὕτω
1338 324 1418 384 γὰρ
1440 324 1598 383 λέγοντι

92 392 262 453 Κτησίᾳ
286 393 356 436 καὶ
376 389 600 450 Διόδωρος
620 390 643 437 ὃ
666 391 918 451 Σικελιώτης
936 384 1262 453 συμφθέγγεται.
1315 399 1401 438 τῶν
1422 396 1468 439 δὲ
1490 394 1596 453 Μῆ-

91 463 178 506 δων
202 459 242 506 λ’
261 460 333 520 ξ’τη
350 460 707 518 βασιλευσάντων,
734 462 808 507 τὸν
827 462 1013 508 ὕστατον
1032 464 1211 520 βασιλέα
1233 461 1403 521 Μήδων
1414 464 1594 510 Ἀστυά-

87 549 165 591 γην
192 534 339 591 Κῦρος
366 536 560 577 καθεῖλεν
586 531 609 577 ὃ
637 532 812 590 Πέρσης
843 536 912 578 καὶ
952 536 1011 587 εἷς
1044 534 1222 593 Πέρσας
1256 533 1335 592 τὴν
1371 533 1632 592 ἧγεμονιάνῡ

60 599 336 660 δμετήγαγεν.
384 604 660 659 ἐβασίλευσαν
688 605 735 648 δὲ
765 604 808 648 οἶ
834 605 1002 663 Πέρσαι
1029 603 1104 662 ἔτη
1132 604 1225 662 σκη’
1243 606 1389 663 μέχρις
1407 607 1593 665 Δαρείου

86 677 166 717 τοῦ
189 670 425 731 Ἀρσάκου,
473 673 522 719 ὃν
560 671 734 732 νικήσας
770 672 792 718 ὅ
829 677 1053 729 ΦιλίππουἸ
1069 674 1344 734 Ἀλέξανδρος
1367 675 1593 721 Μακεδόσι

85 743 164 801 τὴν
197 746 382 803 Περσῶν
414 745 634 799 βασιλείαν
663 745 889 791 ἀπέδωκεν.
940 743 1178 804 ἐκράτησαν
1202 747 1249 790 δὲ
1275 750 1353 803 τῆς
1377 749 1592 805 Περσικῆς

83 814 219 872 ἀρχῆς
238 811 489 867 Μακεδόνες
509 814 581 872 ἴτη
602 812 711 874 σἰγ’.
750 815 824 868 οὓς
846 817 1037 872 ἐκβαλών
1063 813 1270 876 Ἀρσάκης
1292 814 1314 861 ὅ
1332 820 1592 875 Παρθυαῖος

84 883 289 944 Πάρθοις
307 885 386 943 τὴν
405 886 625 940 βασιλείαν
643 889 827 944 Περσῶν
847 888 1107 946 παρέδωκεν·
1145 886 1269 930 ἔνθεν
1296 888 1366 931 καὶ
1390 886 1588 946 Ἀρσακί-

26 965 73 1000 10
84 958 156 1000 δαι
177 956 422 1027 οἶσβασιλεῖς
441 959 624 1015 Περσῶν
645 954 935 1012 ὀνομάζονται.
973 958 1251 1011 ἐβασίλευσαν
1271 959 1318 1001 δὲ
1334 961 1590 1016 Παρθυαῖοι

81 1026 164 1071 ἀπὸ
180 1024 389 1082 Ἀρσάκου
414 1023 638 1084 ἀρξάμενοι
658 1027 804 1085 μέχρις
830 1026 1094 1086 Ἀρταβάνου
1125 1027 1196 1084 ἔτη
1229 1025 1308 1072 σθ’.
1344 1028 1588 1084 ἐβασίλευσε

80 1098 127 1141 δὲ
139 1095 358 1153 Ῥωμαίων
379 1094 402 1141 ὅ
428 1099 673 1153 Μαμμαίας
687 1096 975 1157 Ἀλέξανδρος,
1001 1096 1125 1156 ἡνίκα
1136 1095 1397 1156 Ἀρτάβανος
1417 1096 1439 1142 ὃ
1460 1096 1588 1157 Πάρ-

78 1172 163 1220 θος
179 1169 362 1226 Περσῶν
382 1168 637 1222 ἐβασίλευσε.
689 1168 797 1222 μετὰ
826 1169 874 1212 δὲ
894 1167 1157 1228 Ἀρτάβανον
1177 1168 1225 1212 τὸ
1246 1168 1363 1226 γένος
1382 1166 1584 1227 Χοσρόου
1606 1175 1648 1211 Ρ.
1673 1177 1744 1214 360

76 1236 312 1295 βασιλεύειν
331 1237 504 1296 ἤρξατο.
543 1237 701 1296 ἤρξατο
719 1239 766 1282 δὲ
788 1237 944 1290 οὕτως·
980 1239 1259 1298 Ἀρταξέρξης
1281 1239 1454 1296 Πέρσης
1471 1238 1588 1298 ἀφα-

25 1320 69 1356 15
79 1309 153 1367 νής
174 1327 219 1354 τε
239 1310 309 1353 καὶ
329 1308 483 1360 ἄδοξος
507 1308 718 1367 ἀθροίσας
740 1308 901 1367 ἄνδρας
923 1308 1131 1360 ἀτάκτους
1152 1309 1308 1352 ἀνεῖλεν
1325 1306 1585 1366 Ἀρτάβανον

77 1382 148 1425 καὶ
175 1379 392 1438 περιέθετο
413 1379 604 1437 κίδαριν,
644 1380 714 1422 καὶ
736 1373 864 1430 αὖθις
879 1379 1071 1438 Πέρσαις
1098 1377 1328 1437 ἐπανήγαγε
1349 1379 1428 1435 τὴν
1454 1383 1582 1434 βασι-

76 1452 204 1495 λείαν.
241 1446 294 1508 ἦν
311 1450 359 1493 δὲ
377 1446 512 1506 μάγος
530 1451 599 1493 καὶ
618 1449 663 1500 ἐξ
681 1450 836 1493 ἐκείνου
858 1449 899 1492 οἱ
909 1448 1038 1507 μάγοι
1054 1447 1382 1507 γεγόνασιπαρὰ
1394 1448 1584 1507 Πέρσαις

76 1523 273 1573 ἐπίδοξοι.
309 1519 472 1577 λέγουσι
490 1521 536 1563 δὲ
556 1519 634 1576 τὴν
654 1523 731 1563 τοῦ
743 1519 1020 1579 Ἀρταξέρξου
1041 1520 1204 1576 μητέρα
1237 1518 1359 1576 ἀνδρὶ
1378 1526 1582 1562 συνοικεῖν

75 1594 295 1652 Παμβεκῷ
330 1589 519 1646 τοῦνομα
546 1587 794 1650 σκυτοτόμῳ
827 1590 904 1646 μὲν
932 1590 1011 1646 τὴν
1042 1590 1212 1646 τέχνην,
1251 1586 1497 1648 ἀστρολόγῳ
1533 1590 1582 1632 δὲ

17 1665 147 1711 Ξοκαὶ
166 1663 259 1721 περὶ
285 1664 423 1705 ταῦτα
450 1660 702 1717 σκοτισμοῦς
719 1659 746 1717 ἢ
761 1659 1027 1716 χλευασμοῧς
1048 1658 1323 1717 ἓνησκημένῳ.
1369 1656 1578 1716 στρατιώ-

75 1752 153 1792 την
187 1734 234 1778 δέ
273 1729 451 1788 ὀνόματι
488 1729 681 1776 Σάνανον
711 1730 782 1774 διὰ
809 1731 1089 1775 Βαδουσαίων
1129 1726 1407 1788 πορευόμενον
1433 1725 1578 1787 χώρας

169 1859 205 1896 1.
231 1854 339 1907 ,ατς-Ἰ
366 1853 456 1905 ‘avg'
480 1867 525 1892 m.
637 1854 673 1889 6.
694 1850 890 1900 Ἀρσάκου]
913 1851 1090 1901 Αρσᾶμου
1106 1864 1152 1889 ιιι.
1263 1853 1300 1891 Τ.
1324 1848 1509 1889 ἐπέδωκεν
1526 1851 1576 1888 G.

238 1941 274 1977 8.
301 1938 542 1985 Παρθυαῖοι]
576 1949 719 1983 παρνοι
735 1937 777 1974 Α.
801 1937 1027 1972 Πανθυαῖοι
1046 1935 1094 1971 G.
1198 1935 1255 1972 13.
1288 1923 1479 1979 Χοσρὸου]
1504 1935 1575 1978 Αρ-

167 1986 348 2033 ταξέρξου
373 1999 418 2023 ιιι.
542 1986 604 2022 20.
635 1981 878 2031 ἐσκοτισμοῦς
895 1979 919 2032 ἢ
938 1981 1145 2030 χλεασμοὺς
1162 1982 1205 2018 A.
1325 1982 1387 2019 21.
1419 1981 1574 2020 Καδου-

167 2038 284 2074 σαίωυ
306 2047 352 2071 ιιι.

71 2156 166 2190 runt.
214 2154 329 2189 Penes
355 2153 520 2199 Assyrios
545 2153 668 2200 itaque
688 2153 846 2198 potestas
864 2149 966 2186 stetit
984 2159 1092 2184 annos
1114 2147 1225 2190 1306,
1248 2146 1302 2182 ita
1316 2156 1466 2193 namque
1484 2144 1571 2180 cte-

72 2202 146 2238 siae
164 2201 352 2237 affirmanti
372 2202 547 2237 Diodorus
568 2200 706 2236 Siculus
723 2199 948 2245 suffragatur.
998 2195 1114 2231 Medis
1133 2206 1240 2230 annos
1259 2194 1406 2240 triginta
1421 2192 1569 2238 imperio

71 2249 198 2296 potitis
219 2249 404 2285 Medorum
430 2260 549 2294 regem
577 2254 804 2295 postremum,
836 2243 1015 2280 translatis
1038 2242 1082 2277 ad
1102 2242 1232 2278 Persas
1250 2241 1425 2287 sceptris,
1451 2240 1567 2286 Cyrus

69 2297 184 2332 Persa
211 2296 363 2331 sustulit.
413 2296 505 2331 Hinc
524 2296 656 2330 Persae
675 2294 718 2329 ad
736 2293 880 2328 Darium
900 2290 1035 2327 Arsami
1052 2289 1182 2331 filium,
1206 2300 1276 2336 quo
1294 2288 1412 2323 deleto
1434 2286 1567 2323 Persa-

68 2356 146 2379 rum
163 2342 343 2390 imperium
365 2343 565 2378 Alexander
583 2341 741 2388 Philippi
766 2338 1018 2375 Macedonibus
1035 2336 1199 2379 tradidit,
1223 2335 1323 2370 annis
1342 2337 1413 2372 228
1435 2345 1565 2380 regna-

69 2403 165 2427 vere.
212 2391 300 2425 Inde
325 2390 536 2425 Macedones
561 2401 668 2424 annos
694 2389 766 2424 293
786 2388 915 2421 Persas
940 2384 1099 2420 subditos
1120 2384 1319 2426 obtinuere3
1344 2382 1467 2429 quibus
1487 2380 1561 2415 eie·

68 2439 137 2473 ctis
162 2439 315 2474 Arsaces
343 2437 518 2479 Parthus,
543 2449 565 2472 a
583 2448 656 2483 ‘quo
675 2437 858 2470 Persarum
875 2444 980 2478 reges
998 2431 1188 2467 Arsacidae
1199 2429 1401 2476 nuncupati,
1416 2437 1560 2473 regnum

67 2485 106 2520 in
127 2489 287 2531 posteros
309 2483 524 2525 transmisit3
550 2487 586 2518 et
602 2485 646 2518 ab
666 2484 797 2517 Arsace
813 2481 857 2515 ad
876 2480 1087 2515 Artabanum
1111 2477 1273 2524 provecti
1293 2488 1357 2523 per
1370 2486 1476 2510 annos
1486 2474 1559 2509 270

67 2533 195 2569 Parthi
213 2536 492 2578 prorogaverunt
510 2530 700 2576 imperium.
746 2529 857 2563 Porro
878 2527 1054 2562 Artabano
1066 2526 1198 2560 Partho
1217 2524 1337 2559 Persis
1353 2523 1557 2567 imperante,

67 2580 271 2615 Alexander
289 2579 500 2613 mammaeae
522 2577 615 2611 filius
636 2577 808 2611 Romanas
837 2586 894 2609 res
916 2572 1191 2609 administrabat.
1240 2572 1325 2606 Post
1345 2569 1556 2604 Artabanum

66 2627 275 2663 Artaxerxis
295 2624 427 2672 posteri
450 2624 494 2658 ad
523 2624 644 2658 solium
671 2623 788 2657 evecti
810 2626 910 2664 sunt3
939 2620 1039 2655 cuius
1067 2619 1168 2665 regni
1196 2616 1385 2666 primordia
1413 2615 1554 2649 fuerunt

65 2673 273 2709 huiusmodi.
322 2676 533 2707 Artaxerxes
551 2671 661 2706 Persa
681 2669 735 2704 vir
750 2669 898 2704 obscuro
910 2672 947 2702 et
961 2666 1080 2714 humili
1099 2666 1267 2712 sanguine
1290 2667 1402 2704 natus,
1426 2658 1555 2712 tumul-

65 2721 184 2757 tuaria
218 2719 419 2756 sicariorum
459 2729 560 2752 manu
588 2717 736 2754 collecta
770 2716 982 2752 Artabanum
1013 2713 1141 2749 occidit
1171 2724 1213 2748 ac
1247 2710 1377 2755 regiam
1409 2706 1555 2760 cidarim

66 2768 176 2814 capiti
193 2765 463 2813 circumposuit3
487 2770 594 2811 atque
616 2764 666 2798 ita
681 2763 801 2798 Persis
816 2762 975 2798 restituit
992 2760 1182 2807 imperium.
1231 2758 1358 2802 Magus
1378 2758 1455 2808 erat
1472 2756 1553 2794 iste,

66 2827 89 2850 a
119 2826 188 2861 quo
215 2825 390 2859 magorum
419 2824 541 2847 nomen
570 2811 664 2857 apud
693 2811 822 2845 Persas
844 2809 996 2845 celebre.
1045 2809 1229 2842 Caeterum
1250 2805 1463 2854 Artaxerxis·
1479 2810 1552 2854 ma—

66 2867 153 2897 trem
170 2862 342 2896 Pambeco
360 2860 497 2895 cuidam
511 2860 648 2894 nomine
663 2857 814 2893 coriario
833 2857 870 2891 in
890 2854 1100 2901 astrologiae
1120 2850 1314 2887 tenebrosis
1336 2845 1552 2882 diverticulis

65 2915 129 2944 aut
152 2907 252 2943 tricis
276 2908 394 2954 potius
415 2906 574 2953 apprime
601 2909 740 2940 versato
767 2904 950 2949 coniugem
972 2902 1118 2947 primum
1137 2898 1246 2933 fuisse
1262 2899 1416 2931 narrant.
1462 2892 1550 2928 Eius

65 2956 121 2992 vir
148 2955 341 2992 Pambecus
362 2953 503 2990 militem
528 2952 718 3000 quendam,
740 2951 902 2988 Sannaus
921 2949 1022 2985 militi
1038 2957 1158 2984 nomen
1177 2949 1272 2987 erat,
1296 2941 1551 2978 cadusaeorum
