1800 3236
227 146 332 195 460
689 153 941 204 GEORGII
970 152 1257 201 SYNCELLI

226 261 466 322 ,οἶκειότητα
496 265 693 322 τιμηθεὶς
701 298 716 319 ,
755 262 858 308 εἶναι
880 262 938 315 εἷς
959 268 1045 309 τῶν
1069 269 1196 323 τριῶν
1218 260 1594 325 σωματοφυλάκων
1613 264 1736 311 εὗδο-

191 333 415 393 Βκιμήσας
439 331 543 394 ὑπὲρ
574 335 676 386 τοὺς
706 334 861 386 ἄλλους
896 332 972 379 δύο
1002 335 1371 395 σωματοφύλακας
1396 338 1438 381 ἐν
1462 340 1516 396 τῇ
1542 338 1635 394 περὶ
1655 341 1739 381 τῶν

227 411 435 465 γυναικῶν
460 408 531 450 καὶ
565 410 640 462 τῆς
661 405 867 461 ἀληθείας
888 402 1088 463 προτάσει
1110 405 1352 465 προετράπη
1375 406 1485 466 παρ’
1512 406 1644 451 αὐτοῦ
1668 408 1738 450 αἲ-

227 475 447 534 τήσασθαι
476 476 499 521 ὃ
519 476 647 520 θέλει.
687 473 708 519 ὃ
732 476 778 519 δὲ
796 473 1043 532 ἀναμνήσας
1067 476 1197 522 αὐτὸν
1227 483 1313 522 τῶν
1336 477 1467 534 εὐχῶν
1489 477 1621 520 αὐτοῦ
1634 510 1647 531 ,
1687 476 1739 527 ἃς

227 548 385 606 ἠὔξατο
417 547 746 602 ἀνοικοδομῆσαι
765 545 842 603 τὴν
867 544 1140 605 Ἰερουσαλὴμ
1169 549 1211 592 ἒν
1231 542 1259 607 ᾗ
1280 546 1417 610 ἡμέρα
1438 545 1767 606 παρελάμβανεό

228 621 412 677 Δαρεῖος
428 617 477 662 τὸ
497 617 710 671 βασίλειον
730 616 862 661 αὐτοῦ
872 650 886 672 ,
924 618 994 660 καὶ
1014 615 1154 662 πάντα
1177 619 1231 662 τὰ
1258 617 1384 675 σκεύη
1405 617 1433 674 ἃ
1453 615 1623 677 ἐχώρισε
1644 620 1738 661 Κῦ-
1775 664 1778 666 ,

222 707 328 748 ρος,
368 687 436 732 ὅτε
465 686 624 745 ηὔξατο
667 685 846 744 ἐκκόψαι
885 690 1129 743 Βαβυλῶνα
1171 686 1194 734 ὃ
1223 688 1352 740 αὐτὸς
1380 692 1549 747 Κῦρος,
1587 688 1739 745 ἠξίωσε

228 757 481 818 Ζοροβάβελ
511 758 585 803 τὸν
621 758 751 803 αὐτὸν
780 760 967 817 Δαρεῖον
993 758 1174 814 βασιλέα
1208 762 1392 818 ΙΪερσῶν
1422 763 1644 818 πληρῶσαι
1661 757 1741 810 τὰς

222 830 366 887 εὐχὰς,
406 828 457 881 ἃς
483 830 528 873 ἔκ
547 827 760 886 στόματος
777 828 934 887 ηὔξατο
954 833 1014 889 τῷ
1036 833 1206 885 βασιλεῖ
1220 834 1297 874 τοῦ
1318 829 1517 887 οὐρανοῦ.
1555 831 1624 873 καὶ
1643 827 1739 873 τότε

222 900 418 952 ἀναστὰς
448 902 633 960 Δαρεῖος
663 902 935 959 κατεφίλησεν
963 899 1092 944 αὐτὸν
1118 902 1186 945 καὶ
1205 899 1388 959 ἔγραψεν
1414 900 1530 960 αὐτῷ
1551 900 1630 951 τὰς
1647 901 1739 943 ἐπι-
1751 907 1797 945 10

192 971 393 1023 Οστολιὶς
421 971 527 1030 πρὸς
559 969 723 1022 πάντας
752 971 853 1022 τοὺς
877 969 1123 1026 οἰκονόμους
1143 973 1211 1014 καὶ
1228 969 1445 1030 τοπάρχας
1466 972 1535 1014 καὶ
1552 988 1739 1029 στρατη-

226 1042 327 1100 γοὺς
346 1043 416 1086 καὶ
436 1039 673 1100 σατράπας,
707 1042 780 1085 ἵνα
799 1042 1106 1101 προπέμψωσιν
1127 1041 1255 1086 αὐτὸν
1276 1043 1345 1085 καὶ
1367 1041 1467 1093 τοὺς
1484 1041 1582 1097 μετ’
1606 1041 1738 1085 αὐτοῦ

221 1113 454 1164 Ἰουδαίους
485 1115 760 1169 οῗκοδομῆσαι
786 1113 864 1169 τὴν
888 1110 1175 1170 Ἰερουσαλήμ.
1215 1114 1283 1156 καὶ
1317 1116 1420 1156 πᾶσι
1440 1110 1672 1170 τοπάρχαις
1695 1113 1739 1156 ἐν

228 1186 347 1242 κοίλῃ
368 1184 505 1243 Συρία
527 1185 596 1226 καὶ
619 1184 789 1241 Φοινίκῃ
811 1185 880 1227 καὶ
899 1190 987 1234 τοῖς
1013 1184 1056 1226 ἓν
1076 1187 1134 1242 τῷ
1153 1180 1339 1243 Λιβάνῳ
1363 1181 1546 1239 ἔγραψεν
1570 1183 1739 1226 ἐπιστο-

228 1254 306 1305 λὰς
335 1254 583 1312 μεταφέρειν
616 1253 722 1305 ξύλα
749 1254 915 1312 κέδρινα
934 1253 1016 1298 ἀπὸ
1044 1257 1119 1296 τοῦ
1142 1251 1344 1308 Λιβάνου
1369 1256 1428 1304 εἷς
1445 1251 1735 1311 Ἰερουσαλὴμ,
1751 1264 1796 1302 15

227 1327 299 1368 καὶ
329 1323 442 1375 ὅπως
471 1322 781 1381 οἷκοὸομήσωσι
806 1324 906 1380 μετὃ
935 1324 1068 1368 αὐτοῦ
1089 1322 1167 1380 τὴν
1185 1321 1317 1369 πόλιν.
1357 1324 1427 1367 καὶ
1454 1322 1612 1381 ἔγραψε
1635 1327 1739 1367 πᾶσι

227 1402 318 1446 τοῖς
342 1394 563 1446 Ἰουδαίοις
591 1401 681 1446 τοῖς
708 1394 1007 1450 ἀναβαίνουσιν
1018 1394 1108 1439 ἀπὸ
1132 1398 1208 1451 τῆς
1223 1395 1439 1450 βασιλείας
1461 1396 1518 1445 εἷς
1537 1394 1613 1450 τὴν
1629 1393 1738 1438 Ἰου-

227 1467 353 1509 δαίαν
387 1464 492 1524 ὖπὲρ
524 1469 600 1522 τῆς
631 1467 894 1524 ἐλευθερίας·
931 1463 1072 1510 πάντα
1107 1465 1289 1509 δυνατὸν
1318 1466 1388 1508 καὶ
1424 1462 1647 1522 σατράπην
1669 1466 1740 1508 καὶ

225 1535 442 1595 τοπάρχην
473 1538 544 1580 καὶ
571 1534 790 1592 οἶκονόμον
822 1536 883 1594 μὴ
913 1534 1210 1594 ἐπελεύσεσθαι
1232 1537 1298 1579 ἐπὶ
1318 1535 1396 1586 τὰς
1416 1533 1558 1593 θύρας
1578 1534 1735 1589 αὐτῶν,

228 1609 299 1651 καὶ
321 1612 462 1651 πᾶσαν
482 1606 559 1663 τὴν
570 1605 715 1665 χώραν
735 1606 787 1664 ἢν
805 1605 1070 1666 κρατήσωσιν
1093 1605 1411 1665 ἂφορολόγητον
1432 1605 1575 1657 αὐτοῖς
1596 1603 1735 1664 ὑπάρ-
1748 1617 1796 1653 20

190 1687 338 1735 Βχειν,
376 1679 446 1723 καὶ
470 1678 541 1721 ἵνα
556 1677 784 1734 Ἰδουμαῖοι
805 1678 961 1737 ἀφίωσι
984 1677 1062 1729 τὰς
1081 1668 1241 1733 κώμας,
1281 1675 1333 1728 ἃς
1355 1678 1628 1736 διακρατοῢσι
1652 1681 1737 1720 τῶν

323 1778 359 1815 2.
395 1775 720 1826 σωματοφύλακας
751 1778 794 1813 Β.
829 1776 1223 1824 συσσωματοφύλακας
1254 1777 1303 1814 G.
1443 1778 1477 1813 6.
1507 1770 1668 1822 ἔχω’ρησε
1692 1776 1739 1810 Β.

396 1827 430 1862 7.
455 1824 617 1872 ἐκκόψαι,
633 1827 674 1861 Β.
694 1825 853 1872 ἐγκόψαι
872 1827 921 1860 G.
1020 1829 1074 1863 16.
1093 1823 1395 1872 οἰκοδομήσωσιν
1411 1822 1738 1870 Β.οἰκοδομήσου-

325 1882 385 1908 σιν
410 1874 460 1908 G.
570 1872 705 1920 αὐτοῦ]
734 1873 861 1909 αὐτῶν
886 1873 934 1911 G.
1040 1876 1096 1910 21.
1124 1872 1177 1909 ἵν’
1202 1875 1243 1909 Α.
1357 1872 1556 1916 ἰδουμαῖοι
1580 1872 1622 1906 Β.
1649 1875 1737 1906 Ιου-

323 1922 506 1967 δουμαῖοι
525 1921 574 1957 Gr.
670 1920 812 1970 ἀφίωσι
833 1921 916 1958 dedi
947 1933 992 1959 ex
1010 1921 1128 1959 Esdra
1144 1921 1173 1958 I.
1195 1920 1239 1966 4,
1262 1922 1321 1958 50.
1347 1917 1508 1967 ἄφίουσι
1525 1920 1570 1955 Β.
1595 1918 1738 1965 ἅφιοΰ-

326 1980 364 2004 σι
382 1971 425 2004 Α.
455 1966 609 2016 ἀφῶσιν
632 1970 680 2005 G.

227 2049 413 2086 devinctus
433 2053 470 2086 et
489 2052 533 2087 ob
550 2051 824 2088 familiaritatem
845 2053 883 2088 in
901 2051 1036 2088 honore
1059 2062 1197 2098 semper
1217 2048 1368 2092 habitis,
1393 2061 1414 2084 e
1435 2048 1548 2083 tribus
1569 2047 1736 2083 videlicet

230 2108 334 2142 unus,
353 2099 411 2133 cui
426 2099 628 2135 fidissimum
644 2101 812 2147 principis
829 2099 1028 2135 satellitium
1048 2099 1271 2140 credebatur,
1289 2109 1332 2133 ea
1353 2095 1622 2142 disceptatione,
1644 2107 1735 2140 quae

233 2145 278 2179 de
294 2145 473 2181 mulierum
491 2151 527 2181 et
544 2147 704 2183 veritatis
726 2148 886 2195 potentia
902 2147 1024 2182 habita
1044 2151 1110 2189 est,
1128 2146 1261 2180 duobus
1279 2144 1359 2179 aliis
1378 2147 1419 2179 ut
1439 2142 1608 2187 eruditior
1629 2153 1735 2188 prae-

233 2191 348 2234 latus,
386 2194 480 2239 quod
508 2194 657 2238 liberet,
692 2195 872 2242 postulare
901 2194 1089 2240 permissus
1119 2197 1184 2228 est.
1238 2191 1303 2226 Ille
1328 2190 1526 2225 memoriam
1561 2201 1736 2224 renovans

233 2243 404 2281 votorum,
430 2241 570 2287 quibus,
593 2241 623 2275 si
641 2242 853 2287 quandoque
874 2253 983 2286 regno
1001 2240 1186 2286 potiretur,
1208 2237 1427 2273 Hierusalem
1447 2242 1736 2278 restauraturum,

233 2290 271 2321 et
295 2298 316 2320 a
334 2285 451 2331 Cyro,
481 2291 585 2333 (cum
604 2289 698 2323 votis
717 2290 860 2335 paribus
882 2287 1017 2322 emissis
1036 2286 1246 2333 Babylonem
1267 2286 1383 2331 Cyrus
1398 2284 1490 2319 idem
1510 2283 1646 2318 excidio
1667 2283 1736 2318 ‹le-

233 2332 429 2379 stinaret),
459 2335 620 2381 privatim
644 2336 713 2371 iam
742 2335 899 2381 seposita
919 2334 1042 2380 templi
1057 2345 1145 2369 vasa
1173 2345 1213 2368 se
1243 2331 1460 2367 redditurum
1488 2331 1736 2372 obstrinxerat,

232 2391 372 2416 monere
397 2393 468 2416 non
495 2382 635 2417 desinit.
681 2382 826 2416 Darium
852 2381 973 2427 itaque
990 2382 1178 2417 Persarum
1209 2391 1351 2426 regem,
1386 2391 1476 2426 quae
1501 2390 1564 2413 ore
1593 2377 1735 2425 proprio

230 2427 322 2463 caeli
340 2428 548 2463 dominatori
569 2433 654 2464 vota
671 2434 954 2476 nuncupaverat,
978 2429 1162 2464 exsolvere
1179 2427 1375 2462 zorobabel
1396 2426 1559 2473 rogabat.
1605 2425 1736 2460 Darius

231 2486 311 2510 eum
328 2476 561 2518 exosculatus,
586 2477 632 2511 ad
649 2487 765 2510 omnes
784 2476 1004 2522 praepositos
1023 2480 1059 2512 et
1075 2476 1225 2510 locorum
1245 2479 1415 2516 rectores,
1439 2474 1547 2508 duces
1567 2476 1603 2507 et
1619 2476 1735 2506 satra-

232 2534 297 2569 pas
316 2521 454 2558 litteras
473 2523 592 2566 dedit,
619 2522 747 2569 quibus
759 2549 769 2566 ,
795 2524 830 2558 ei
846 2523 1020 2569 sociisque
1042 2523 1183 2558 Iudaeis
1200 2521 1423 2557 Hierusalem
1450 2531 1620 2566 reparare
1652 2530 1736 2553 con-

230 2569 454 2605 tendentibus
478 2569 658 2616 suppetias
691 2571 839 2612 ferrent,
862 2570 1123 2606 exhortabatur.
1159 2570 1331 2604 Omnibus
1347 2568 1490 2614 insuper
1507 2565 1737 2612 coelesyriae

230 2616 428 2653 Phoenices
455 2622 492 2653 et
509 2617 633 2653 Libani
663 2617 883 2663 praesidibus
896 2643 908 2660 ,
932 2623 974 2652 ut
992 2630 1037 2653 ex
1059 2617 1194 2653 Libano
1227 2615 1370 2652 cedrina
1397 2614 1496 2660 ligna
1516 2612 1736 2649 Hierusalem

231 2664 388 2707 ferrent,
412 2670 450 2700 et
465 2677 540 2700 cum
563 2665 704 2700 Iudaeis
729 2665 906 2700 civitatem
929 2665 1166 2700 instaurarent
1190 2663 1334 2709 scriptis
1358 2661 1548 2697 mandavit.
1595 2659 1737 2695 Iudaeis

231 2712 278 2746 ad
295 2712 382 2747 haec
400 2724 422 2747 e
452 2724 562 2759 regno
589 2724 655 2747 suo
679 2713 716 2747 in
733 2712 896 2747 Iudaeam
923 2712 1135 2758 postliminio
1154 2710 1411 2746 revertentibus
1440 2707 1738 2744 manumissionem

230 2759 340 2804 regiis
359 2759 605 2806 diplomatibus
632 2759 869 2801 confirmavit,
892 2759 1030 2794 cunctis
1060 2759 1183 2805 quavis
1207 2756 1418 2793 auctoritate
1443 2755 1653 2802 pollentibus
1678 2765 1736 2788 sa-

229 2805 364 2852 trapis,
390 2806 495 2842 etiam
514 2807 666 2842 locorum
685 2806 902 2853 praefectiS,
927 2819 969 2841 ac
990 2806 1126 2841 aerario
1153 2804 1365 2852 praepositis
1378 2828 1389 2846 ,
1414 2815 1458 2838 ne
1473 2802 1596 2838 ianuas
1617 2812 1736 2836 eorum

229 2851 427 2898 importune
446 2854 676 2896 infestarent,
700 2853 912 2901 prohibitis3
938 2866 1069 2888 omnem
1092 2864 1209 2888 eorum
1236 2851 1414 2897 regionem
1431 2849 1572 2884 tributis
1592 2849 1736 2883 liberam

229 2900 401 2948 relinqui,
425 2901 706 2950 Iudaeorumque
727 2909 840 2950 pagos
865 2904 905 2937 et
928 2900 1060 2949 oppida
1085 2900 1130 2936 ab
1148 2899 1324 2937 idumaeis
1349 2898 1496 2934 detenta
1518 2895 1665 2939 dimitti5
1689 2894 1735 2931 ad
