1800 3236
555 180 1091 233 CHRONOGRAPHIA.
1482 174 1588 225 265

85 295 281 356 ἀδελφῶν
317 293 483 342 αὐτῶν·
531 296 601 339 καὶ
629 291 772 353 κύριος
812 293 1142 352 ἐνομοθέτησεν,
1181 292 1255 337 ἐὰν
1285 289 1483 352 ἀποθάνῃ
1513 293 1590 339 δίν-

84 371 266 426 θρωπος
282 366 343 424 μὴ
366 365 471 422 ἔχων
487 365 594 420 υἱὸν,
633 369 988 424 κληρονομεῖσθαι
1008 362 1090 418 ὕπὸ,
1110 368 1188 421 τῆς
1209 361 1448 422 θυγατρός·
1485 366 1522 408 εἲ
1544 366 1592 409 δὲ

86 437 163 482 οὒκ
180 437 292 483 ἔστιν
313 436 430 496 αὐτῷ
449 434 668 494 θυγάτηρ,
708 434 730 480 ὃ
750 435 934 495 ἀδελφὸς
962 435 1093 480 αὐτοῦ
1114 432 1416 494 κληρονομήσει
1437 432 1588 479 αὐτόν’

86 508 160 552 ἐὰν
174 509 220 552 δὲ
234 507 294 565 μὴ
307 503 543 566 ὦσιν-αὐτῷ
567 506 756 566 ἀδελφοὶ,
781 504 803 551 ὃ
827 506 1010 565 ἀδελφὸς
1029 509 1106 551 τοῦ
1119 505 1281 564 πατρὸς
1297 505 1428 549 αὐτοῦ
1442 519 1453 529 ·
1490 507 1526 549 εἷ
1547 506 1632 551 δὲΟ

55 580 146 636 5μὴ
165 582 241 623 τοῦ
260 577 418 636 πατρὸς
436 577 616 636 ἀδελφοί
632 580 725 632 εἶσι,
765 579 966 621 δίδοσθαι
986 576 1041 621 τὰ
1062 576 1193 621 αὐτοῦ
1221 581 1282 637 τῷ
1309 573 1593 634 ἄγχιστεύοντι

84 649 200 709 αὐτῷ
234 650 280 693 ἐκ
307 652 392 693 τῶν
410 652 640 706 συγγενῶν,
680 648 788 692 ἀλλὰ
817 652 955 692 ταῦτα
987 654 1075 698 τοῖς
1097 646 1299 707 ἄρχουσιν
1326 646 1402 691 οὐκ
1427 646 1592 706 ἀρέσκει

82 723 160 764 τοῦ
184 717 362 776 κόσμου,
401 713 452 762 οὗ
473 716 594 776 χάριν
612 719 747 776 ἔνοχοι
768 723 845 776 τῆς
863 719 987 769 θείας
1007 719 1124 775 δίκης
1141 716 1388 777 πεφύκασιν.
1425 719 1471 762 ἐκ
1489 716 1595 763 τού-

81 807 169 835 των
187 790 428 846 ἐπιπέμψας
457 792 654 846 Μωϋσῆς
680 791 860 849 μυρίους
880 790 1107 846 δισχιλίους
1128 789 1235 833 κατὰ
1255 793 1341 833 τῶν
1357 789 1461 833 υἱῶν
1480 791 1593 834 Μα-

85 860 188 916 διάμ
212 861 282 905 διὰ
303 859 492 920 ῥήματος
520 862 688 919 κυρίου,
729 860 937 904 ἀπέκτεινε
969 863 1053 903 πᾶν
1082 859 1298 918 ἀρσενικὸν
1329 861 1372 904 ἓν
1403 864 1458 919 γῇ
1484 862 1595 904 Μα-

27 939 74 976 10
86 931 190 987 διὰμ
224 933 293 975 καὶ
312 931 412 982 τοὺς
430 931 550 975 πέντε
577 935 764 987 βασιλεῖς
784 931 925 974 αὐτῶν
946 931 1015 973 καὶ
1038 929 1112 974 τὸν
1130 928 1282 986 μάντιν
1304 931 1491 987 Βαλαὰμ
1514 931 1592 976 σὺν
1615 934 1661 970 V·
1685 935 1755 971 112

84 1001 255 1056 αὐτοῖς,
295 1003 339 1045 ἐν
373 1002 565 1062 ῥομφαία
583 999 804 1058 ἒκδικήσας
827 1001 901 1045 τὸν
917 1000 1088 1059 Ἰσραὴλ
1108 1002 1152 1053 ἐξ
1176 1000 1329 1044 αὐτῶν.
1367 995 1490 1053 οὗτος
1510 1001 1592 1061 γὰρ

83 1070 381 1128 συνεβούλευσε
409 1072 484 1116 τὸν
510 1072 662 1116 Βαλὰκ
690 1075 1028 1130 καταπορνεῦσαι
1048 1071 1123 1115 τὸν
1140 1071 1310 1130 Ἰσραὴλ
1328 1073 1386 1123 εἲς
1405 1072 1483 1123 τὰς
1503 1077 1592 1116 θυ-

81 1143 260 1203 γατέρας
292 1140 494 1199 Μαδιάμ.
541 1142 619 1194 τὰς
648 1143 694 1187 δὲ
721 1143 965 1201 παρθένους
997 1140 1133 1199 μόνας
1162 1140 1414 1200 ἐζωογόνησε
1446 1145 1630 1187 Μωῢ-Ι)

82 1217 173 1270 σῆς.
207 1212 235 1271 ἦ
264 1214 310 1258 δὲ
338 1213 528 1272 προνομὴ
558 1217 635 1272 γῆς
664 1213 855 1270 Μαδιὰμ
887 1211 994 1271 αὕτη
1028 1211 1255 1271 προβάτων
1283 1211 1468 1269 χιλιάδες
1483 1211 1589 1270 >go-ts,

25 1292 70 1329 15
81 1288 198 1340 βοῶν
231 1282 417 1341 χιλιάδες
448 1282 540 1341 οβ’,
580 1284 667 1328 ὄνοι
692 1283 878 1342 χιλιάδες
895 1281 973 1336 ξα’.
1011 1284 1218 1343 παρθένοι
1240 1283 1383 1328 αἳοῦκ
1407 1284 1593 1343 ἔγνωσαν

82 1356 226 1412 κοίτην
253 1355 407 1414 ἀνδρὸς
423 1352 615 1412 χιλιάδες
628 1353 696 1411 λβ’
703 1389 718 1410 ,
753 1357 884 1414 χωρὶς
899 1356 1079 1414 χρυσίου
1098 1356 1167 1398 καὶ
1193 1355 1394 1413 ἀργυρίου
1415 1357 1484 1399 καὶ
1506 1359 1592 1399 τῶν

81 1429 239 1470 λοιπῶν
259 1424 438 1470 σκύλων.
475 1423 570 1470 τότε
601 1426 641 1470 οἳ
658 1426 742 1471 υἱοὶ
757 1424 934 1483 Ῥουβὴν
955 1427 1024 1469 καὶ
1046 1425 1086 1469 οἳ
1109 1425 1192 1469 υἱοὶ
1213 1429 1255 1469 Γ
1252 1425 1307 1468 ἁδ
1328 1428 1396 1469 καὶ
1419 1426 1468 1469 τὸ
1492 1424 1593 1482 ἥμι-

82 1513 135 1540 συ
165 1500 304 1555 φυλῆς
324 1500 562 1553 Μανασσῆ,
600 1496 763 1553 ἔχοντες
789 1494 919 1554 κτήνη
940 1496 1091 1550 πολλὰ,
1126 1493 1286 1546 ἰδόντες
1304 1493 1593 1554 κτηνοτρόφον

80 1567 160 1623 τὴν
174 1565 473 1626 χώρανἾαζὴρ
504 1568 574 1611 καὶ
592 1567 669 1624 τὴν
688 1565 836 1626 χώραν
856 1566 1035 1610 Γαλαὰδ
1052 1570 1302 1624 προσῆλθον
1324 1566 1431 1625 πρὸς
1447 1569 1592 1611 Μωϋ-

24 1642 165 1694 ἓθσῆν
210 1639 280 1681 καὶ
307 1635 504 1696 Ἐλεάζαρ
539 1640 753 1689 αῗτοῦντες
783 1639 966 1694 δοθῆναι
997 1634 1157 1687 ταύτας
1189 1636 1334 1688 αὐτοῖς
1362 1638 1407 1680 ἐν
1432 1634 1588 1697 κλήρῳ.

82 1710 153 1752 καὶ
181 1707 433 1766 συνέστησεν
466 1708 624 1759 αὐτοὺς
651 1710 846 1765 ΖΠωϋσῆς
874 1705 1071 1767 Ἐλεάζαρ
1101 1708 1170 1751 καὶ
1194 1706 1334 1764 Ἰησοῦ
1363 1707 1443 1768 υἱῷ
1461 1710 1590 1766 Ναυῆ
1613 1715 1659 1753 P.
1683 1713 1751 1755 141

176 1807 213 1845 4.
240 1808 277 1844 εἰ
293 1805 336 1844 δὲ
354 1805 424 1853 μὴ]
451 1807 653 1852 Legebatur
674 1808 711 1844 εἰ
726 1805 768 1844 δὲ
789 1805 886 1854 μηδὲ
904 1804 1017 1853 (μήτε
1035 1807 1129 1853 ΑΒ).
1240 1806 1274 1842 6.
1298 1803 1338 1844 ἐκ
1357 1818 1422 1844 om.
1444 1806 1494 1842 G.

179 1857 237 1892 12.
271 1854 417 1899 Βαλὰκ]
442 1853 590 1902 βαλαάκ
607 1855 682 1892 ΑΒ.
801 1857 857 1892 17.
883 1855 920 1892 οἱ
939 1854 1032 1901 υἱοὶ]
1057 1856 1192 1890 Aberat
1211 1853 1259 1890 οὶ.
1379 1852 1526 1901 ρουβήν
1546 1854 1589 1890 Β.

176 1902 317 1951 ῥουβὶμ
334 1906 378 1941 A.
482 1902 547 1938 καὶ
565 1902 602 1939 οὶ
621 1901 702 1939 υἱοὶ
717 1902 760 1937 Β.
788 1902 826 1938 οὶ
846 1915 911 1937 om.
932 1903 981 1937 G.
1098 1903 1154 1938 19.
1179 1903 1309 1948 μωσῆν
1327 1902 1369 1937 Β.
1394 1903 1519 1951 Μωσῇ
1538 1902 1586 1936 G.

245 1953 304 1988 21.
329 1947 556 1995 συνέστησαν
577 1951 625 1985 G.
721 1946 879 1996 αὐτούς]
906 1945 1038 1991 αὐτοῖς
1061 1950 1105 1985 Β.
1205 1950 1344 1996 Ιησοῦς
1361 1950 1409 1985 G.
1514 1948 1589 1997 υὶῷ

173 1998 219 2035 Β.
243 1998 335 2035 υἱοῦ
357 1999 400 2035 Α.
423 1995 511 2040 υἱὸς
529 1998 578 2033 G.
609 1997 711 2032 Conf.
729 1997 876 2034 Numer.
897 1997 1056 2040 XXXII,
1078 1998 1140 2035 28.
1255 1994 1355 2044 ναυὴ
1378 1998 1422 2033 Β.

80 2079 196 2115 tribus
218 2083 367 2127 paterna
383 2080 474 2116 bona
493 2079 566 2115 illis
582 2091 747 2115 concessa
768 2079 890 2123 fuere3
928 2077 1022 2114 unde
1051 2082 1088 2114 et
1108 2078 1221 2125 legem
1246 2078 1329 2115 tulit
1354 2077 1527 2113 dominus:
1554 2077 1587 2114 si

80 2132 239 2163 mortuus
254 2129 361 2163 fuerit
373 2128 475 2165 homor
492 2128 624 2173 absque
638 2127 710 2161 filio
729 2127 894 2168 masculo,
910 2127 1002 2162 bona
1014 2126 1109 2162 filiae
1121 2126 1328 2173 relinquit03
1347 2124 1377 2160 si
1387 2125 1479 2160 nulla
1489 2125 1535 2160 sit
1553 2125 1588 2160 ei

79 2175 166 2217 filia,
180 2175 294 2210 frater
307 2175 380 2210 eius
393 2175 644 2210 haereditatem
655 2174 771 2217 adito;
790 2174 820 2208 si
836 2174 964 2209 fratres
980 2185 1048 2208 non
1065 2173 1239 2217 habuerit,
1255 2173 1370 2221 patris
1381 2173 1492 2208 frater
1501 2174 1586 2207 hae-

80 2234 140 2257 res
157 2222 355 2266 succedit03
380 2222 412 2257 si
437 2234 522 2257 vero
539 2233 655 2267 neque
675 2222 788 2268 patris
809 2221 939 2256 fratres
964 2221 1167 2268 supersint,
1192 2222 1284 2256 bona
1305 2220 1379 2256 eius
1399 2227 1522 2255 cuncta
1541 2218 1587 2254 ad

62 2272 64 2275 ’
81 2269 307 2315 praecipuum
318 2274 356 2304 et
367 2269 651 2316 propinquiorem
663 2268 998 2314 consanguineorum
1020 2271 1232 2304 transeunto.
1257 2267 1382 2304 Mundi
1400 2267 1587 2312 magistra-

81 2316 179 2350 tibus
197 2316 384 2363 displicent
402 2318 490 2352 haec
506 2317 661 2359 sancita,
678 2327 746 2362 quo
772 2316 915 2350 crimine
938 2315 1078 2351 divinae
1096 2315 1274 2352 vindictae
1291 2327 1427 2361 semper
1448 2315 1589 2349 exstant

81 2363 235 2398 obnoxii.
260 2365 379 2399 Moses
390 2364 503 2399 missis
512 2363 662 2398 millibus
673 2362 846 2398 hominum
865 2363 1046 2398 duodecim
1055 2362 1225 2398 adversus
1236 2362 1328 2398 filios
1336 2362 1492 2404 Madian,
1511 2372 1586 2396 ma-

80 2422 141 2446 res
163 2414 309 2446 cunctos
328 2422 371 2445 ex
389 2410 518 2446 domini
532 2415 721 2457 praecepto
741 2410 939 2452 interfecit3
964 2413 1001 2445 et
1018 2410 1169 2458 quinque
1186 2410 1342 2456 regionis
1359 2408 1537 2456 principes
1548 2409 1586 2443 et

81 2457 182 2492 simul
201 2470 278 2493 cum
294 2458 346 2493 eis
354 2458 498 2494 Balaam
517 2458 660 2492 ariolum
675 2461 808 2492 tantam
821 2457 944 2492 Israeli
964 2457 1124 2492 iniuriam
1141 2457 1347 2492 inferentem
1364 2456 1482 2502 gladio
1501 2467 1584 2491 con-

81 2505 190 2547 fecit3
209 2505 240 2540 is
254 2505 342 2541 enim
351 2505 458 2540 Balac
471 2510 595 2540 auctor
612 2504 749 2539 consilii
770 2505 896 2548 fuerat,
915 2508 957 2540 ut
975 2505 1155 2540 mulierum
1167 2504 1432 2541 Madianitidum
1452 2501 1584 2538 lenoci-

80 2551 140 2588 nio
157 2552 268 2587 Israel
296 2553 340 2588 ad
368 2552 590 2587 scortandum
617 2549 820 2594 induceret3
839 2557 1056 2599 quapropter
1074 2552 1166 2587 solas
1185 2564 1230 2587 ex
1248 2553 1300 2588 eis
1321 2551 1476 2597 virgines
1488 2549 1584 2584 vitae

81 2604 239 2635 servatas
251 2599 362 2635 voluit
370 2600 500 2635 Moses.
535 2598 674 2634 Praeda
691 2611 776 2634 vero
791 2603 910 2634 terrae
919 2599 1064 2634 Madian
1077 2599 1145 2634 fuit
1161 2599 1274 2635 ovium
1293 2601 1455 2634 sexcenta
1471 2599 1507 2631 et
1525 2607 1587 2631 se·-

80 2646 270 2692 ptuaginta
286 2647 439 2693 quinque
458 2645 577 2688 millia,
595 2647 697 2680 boum
718 2646 786 2681 duo
805 2650 842 2682 et
861 2647 1086 2694 septuaginta
1102 2647 1221 2689 millia,
1238 2646 1410 2682 asinorum
1425 2655 1527 2678 unum
1547 2644 1585 2676 et

82 2695 270 2739 sexaginta
286 2694 416 2737 millia3
439 2693 615 2738 virginum
639 2693 773 2728 demum
785 2719 798 2737 ‚
821 2705 912 2740 quae
930 2694 1080 2730 nondum
1097 2694 1219 2730 viriles
1239 2693 1416 2739 amplexus
1432 2690 1583 2725 fuissent

82 2744 252 2786 expertae
263 2766 274 2783 ‚
303 2741 454 2787 triginta
483 2741 551 2775 duo
572 2740 678 2776 millia
707 2742 840 2788 absque
867 2753 952 2777 auro
978 2746 1016 2777 et
1047 2746 1191 2788 argento
1218 2739 1432 2787 reliquisque
1448 2735 1582 2782 spoliis.

81 2786 188 2821 Tunc
201 2787 267 2822 filii
283 2789 410 2825 Ruben
433 2791 470 2823 et
487 2787 552 2823 filii
568 2787 651 2822 Gad
670 2791 707 2823 et
723 2788 866 2825 dimidia
888 2789 1002 2824 tribus
1023 2789 1206 2831 manasse,
1227 2797 1390 2834 pecorum
1408 2783 1509 2830 copia
1526 2781 1583 2816 di-

82 2834 172 2879 tati,
197 2834 352 2880 regionis
369 2836 474 2871 Iazer
495 2838 532 2869 et
550 2834 690 2871 Galaad
707 2836 848 2883 pascuis
869 2836 1078 2872 abundantis
1095 2836 1255 2870 ubertate
1272 2836 1479 2878 conspecta,
1502 2829 1582 2865 Mo·-

81 2892 147 2916 sen
165 2884 203 2916 et
220 2881 372 2927 Eleazar
393 2881 642 2918 convenientes
662 2895 737 2918 eam
755 2883 824 2918 sibi
843 2883 880 2918 in
898 2887 1028 2919 sortem
1049 2882 1193 2919 concedi
1209 2880 1484 2928 postulaverunt.
1505 2923 1515 2932 ·
1532 2877 1583 2912 Et

81 2927 340 2966 constituerunt
357 2941 419 2968 eos
436 2929 556 2966 Moses
574 2933 611 2966 et
630 2930 784 2968 Eleazar
810 2935 848 2968 et
865 2931 965 2969 Iesus
982 2931 1078 2967 filius
1095 2930 1133 2968 N
1135 2940 1200 2966 ave
1223 2938 1339 2965 coram
1366 2924 1584 2975 principibus
