1800 3236
245 185 348 235 426
705 189 958 236 GEORGII
990 189 1276 236 SYNCELLI

242 299 513 362 χοδονόσωρ,
553 299 599 346 οἳ
624 302 693 345 καὶ
715 300 987 360 ἀνῃρέθησαν
1004 298 1083 344 ὕπ’
1108 300 1254 346 αὐτοῦ.
1292 295 1416 352 οὗτος
1434 296 1613 357 πένητᾶς
1631 317 1747 351 τινας

246 374 460 418 κατέλιπεν
495 374 539 417 ἓν
570 376 623 431 τῇ
650 372 835 432 Ἰουδαίᾳ
864 369 1071 429 προφάσει
1089 373 1289 431 γεωργίας
1307 369 1489 430 ἡγεμόνα
1508 370 1651 422 αὐτοῖς
1670 388 1748 414 κα-

246 442 464 502 ταστήσας
494 442 567 486 τὸν
598 446 639 486 Γ
637 443 819 486 οδολίαν.
854 439 1053 498 Ἱερεμίας
1073 443 1119 485 δὲ
1142 444 1275 486 καίτοι
1295 443 1548 501 προτραπεὶς
1566 440 1642 486 ὑπ’
1669 440 1746 484 αὖ-

245 519 345 570 τοῦ,
386 516 422 558 εἷ
440 511 638 569 βούλοιτο
661 515 940 556 συναπελθεΐν
962 513 1031 555 καὶ
1051 517 1174 569 τιμῆς
1196 514 1445 570 ἀξιωθῆναι,
1481 516 1642 568 μᾶλλον
1660 519 1749 561 τοῖς

244 585 390 642 πένησι
419 583 726 638 συναπὲμεινεν.
758 582 934 639 Ἰσμαὴλ
963 583 1013 626 δέ
1026 600 1089 634 τις
1105 583 1211 638 μετὰ
1231 581 1306 627 δύο
1325 588 1463 640 μῆνας
1482 582 1778 633 &vanem-9⁶1&

209 654 329 699 Οὖπό
350 659 427 699 τοῦ
447 653 652 710 βασιλέως
669 652 902 709 Ἆμανιτῶν
926 652 1016 709 ἅμα
1035 655 1141 697 τισὶν
1160 653 1302 705 ἄλλοις
1319 653 1511 698 ἐπελθών
1533 655 1590 705 εἷς
1611 655 1747 696 Μασ-

246 727 450 784 σίφατον,
486 726 529 768 Γ
526 724 697 768 οδολίαν
731 723 896 782 ἀναιρεῖ
922 725 992 768 καὶ
1022 724 1124 776 τοὺς
1154 724 1231 768 σὺν
1264 724 1380 784 αὐτῷ
1410 725 1658 774 Χαλδαίους
1680 724 1749 766 καὶ

239 795 495 846 Ἰουδαίους·
534 796 576 838 ἓν
610 791 674 846 οἷς
708 796 778 838 καὶ
807 792 850 837 π’
872 793 1032 853 ἄνδρας
1052 794 1135 839 ἀπὸ
1158 797 1402 853 Σαμαρείας
1418 796 1487 838 καὶ
1506 799 1582 851 τῆς
1601 798 1749 851 λοιπῆς

238 866 447 918 Ἰουδαίας
477 869 741 916 πενθοῦντας
759 864 835 921 τὴν
857 863 1013 909 ἅλωσιν
1031 869 1108 909 τοῦ
1130 869 1235 910 ναοῦ
1256 867 1326 909 καὶ
1347 865 1596 924 προσφορὰς
1613 881 1748 923 προσ-

245 935 425 995 ἄγοντας
453 940 691 980 συνανεῖλεν
705 949 715 960 ·
749 935 893 987 Ἰωνᾶς
912 936 962 979 δέ
986 953 1050 987 τις
1064 935 1326 994 παραλαβών
1345 935 1446 987 τοὺς
1466 937 1747 987 καταλοίπους
1761 943 1800 979 10

244 1013 329 1052 τῶν
342 1007 582 1061 Ἰουδαίων,
608 1004 813 1063 ’Ἰερεμίου
835 1003 1069 1057 κωλύοντος
1088 1007 1233 1061 αὐτὸν,
1272 1008 1339 1050 καὶ
1353 1004 1552 1066 Ἱερεμίαν
1575 1005 1747 1061 ἄκοντα,

245 1075 496 1137 προσφεύγει
533 1076 612 1121 σὺν
641 1076 784 1127 αὐτοῖς
819 1076 1009 1135 Οὖαφρεὶ
1037 1081 1098 1137 τῷ
1129 1078 1374 1134 Αἷγυπτίων
1404 1081 1592 1133 βασιλεῖ’·
1639 1076 1748 1120 ἔνθα

244 1146 371 1193 πάλιν
407 1144 658 1207 προφητεύει
686 1145 886 1204 Ἱερεμίας
916 1148 1058 1198 αὐτοῖς
1085 1147 1140 1191 τὰ
1167 1152 1243 1205 τῆς
1261 1146 1439 1204 ἐσχάτης
1465 1145 1660 1198 ἁλώσεως
1679 1148 1749 1191 καὶ

242 1219 456 1270 ’ἀπωλείας
485 1217 573 1274 ἅμα
604 1224 694 1269 τοῖς
723 1219 975 1275 Αἰγυπτίοις
1008 1216 1183 1274 ε’σόμενα
1216 1215 1298 1262 ὑπὸ
1325 1219 1582 1271 Χαλδαίων,
1622 1217 1649 1260 ἃ
1678 1219 1747 1261 καὶ

242 1290 381 1348 γέγονε
403 1294 462 1349 τῷ
483 1287 547 1345 κη’
580 1287 659 1332 ἔτει
680 1286 1076 1346 Ναβουχοδονόσωρ
1089 1322 1103 1343 ,
1137 1288 1219 1347 ἀφ’
1240 1282 1288 1332 οὗ
1309 1289 1375 1332 ἐπὶ
1400 1288 1448 1332 τό
1469 1293 1636 1346 πρῶτον
1655 1288 1747 1340 ἔτος
1761 1297 1800 1334 15

241 1358 390 1418 Κύρου
426 1362 660 1416 πληροῦται
690 1358 761 1415 ἔτη
792 1357 838 1415 μ’
873 1358 981 1402 κατὰ
1011 1359 1088 1416 τὴν
1111 1359 1368 1418 προφητείαν
1382 1356 1582 1415 Ἰεζεκιήλ.
1631 1353 1748 1403 οἷ’τοι

202 1427 680 1486 Βεῖδωλολατρήσαντες
710 1430 753 1472 ἐν
772 1427 978 1490 Αῗγύπτῳ
999 1428 1256 1488 ἐλεγχόμενοί
1275 1446 1319 1473 τε
1351 1427 1433 1474 ὑπὸ
1463 1433 1539 1473 τοῦ
1565 1428 1747 1487 μεγάλου

236 1499 434 1560 Ἰερεμίου
456 1497 767 1556 ἐλιθοβόλησαν
790 1494 932 1544 αὖτῧν.

348 1568 522 1627 Ταύτης
549 1571 708 1620 τελείας
738 1570 1027 1626 αἷχμαλωσιάς
1054 1571 1122 1614 καὶ
1155 1566 1457 1629 πυρπολήσεως
1486 1567 1557 1627 ξ’τη
1579 1568 1655 1612 ἀπ’
1677 1569 1745 1613 ε’ν-

239 1646 393 1686 ‘ces-‘hv
415 1641 714 1699 ἀριθμοῦνται,
738 1639 866 1697 ἤγουν
886 1640 969 1684 ἀπὸ
985 1645 1058 1684 τοῦ
1080 1638 1136 1684 ια’
1157 1640 1276 1692 ἔτους
1298 1642 1508 1694 Σεδεκίου,
1529 1637 1688 1695 κόσμου
1701 1642 1747 1684 δὲ
1757 1649 1800 1684 20

240 1710 382 1775 „myst
418 1713 487 1755 καὶ
519 1713 597 1754 εἶσὶ
627 1711 735 1754 κατὰ
751 1711 823 1755 τὸν
846 1711 999 1770 ἀκριβῆ
1032 1709 1153 1769 λόγον
1174 1711 1256 1756 ἀπὸ
1276 1715 1352 1755 τοῦ
1370 1709 1407 1755 κ’
1430 1711 1550 1762 ἔτους
1568 1714 1748 1766 Ναβου-

338 1813 372 1848 1.
400 1808 438 1846 οἳ
461 1810 539 1856 καὶ]
567 1810 604 1847 οὶ
626 1808 667 1847 δὲ
694 1811 743 1846 G.
862 1812 896 1847 2.
932 1809 1144 1848 κατέλειπεν
1170 1811 1213 1847 Β.
1331 1812 1365 1848 3.
1397 1812 1539 1854 καίτοι]
1565 1812 1601 1848 εἰ
1618 1810 1678 1847 καὶ
1699 1813 1748 1846 G.

337 1860 372 1895 6.
408 1856 631 1904 ἀμμανιτῶν
653 1859 698 1893 Β.
811 1859 1030 1905 μασίφατον
1057 1859 1099 1893 Β,
1215 1860 1249 1895 8.
1283 1856 1342 1900 οἷς
1361 1858 1425 1894 καὶ
1450 1859 1492 1895 Β.
1523 1859 1587 1896 καὶ
1611 1871 1676 1894 om.
1698 1861 1747 1895 G.

418 1909 474 1943 lo.
499 1905 620 1947 ἰωνοές
643 1907 686 1941 Β.
815 1907 870 1944 12.
898 1903 1098 1953 Οὕασφρεῖ
1114 1906 1163 1941 G.
1189 1903 1357 1951 οὗοιφρεῖ
1373 1907 1446 1941 AB.
1574 1906 1630 1943 14.
1656 1902 1680 1942 ὁὶ
1704 1908 1747 1942 Β.

339 1950 392 1994 ὥς
417 1954 464 2035 (ἑ
586 1955 643 1992 15.
673 1950 718 1991 τὸ
739 1954 890 2002 πρῶτον
913 1952 995 1997 ἔτος
1016 1955 1058 1989 Β.
1081 1955 1134 2002 τῷ
1160 1951 1195 1989 α’
1215 1952 1289 1990 ἔτει
1311 1954 1360 1989 G.
1482 1955 1542 1992 20.
1567 1950 1748 2002 ἀριθμεῖ-

337 2013 402 2036 ται
463 2027 473 2038 .

245 2083 511 2119 buchodonosor
530 2082 756 2130 deportavit,
781 2082 842 2129 qui
865 2095 982 2124 omnes
1009 2083 1054 2118 ab
1072 2094 1113 2117 eo
1142 2081 1294 2128 iugulati
1310 2082 1401 2117 sunt.
1449 2081 1512 2116 Ille
1547 2094 1651 2127 agros
1681 2094 1748 2118 co-

245 2130 368 2166 lendos
385 2134 546 2166 causatus
559 2156 570 2173 ,
605 2142 735 2176 egenos
754 2131 937 2177 quospiam
955 2130 991 2165 in
1011 2129 1145 2164 Iudaea
1165 2128 1327 2176 reliquit,
1361 2129 1450 2164 duce
1470 2129 1623 2164 Godolia
1640 2141 1747 2175 prae-

244 2178 352 2212 fecto.
401 2177 598 2213 Hieremias
617 2181 731 2211 autem
750 2176 834 2211 licet
852 2178 1020 2213 invitatus
1032 2202 1042 2218 ‚
1068 2180 1105 2211 et
1126 2179 1164 2211 ut
1181 2188 1257 2212 curn
1286 2187 1328 2210 eo
1347 2175 1544 2211 discederet
1562 2176 1749 2211 honoribus

244 2224 410 2267 allectus,
434 2237 512 2259 cum
533 2223 653 2270 egenis
673 2235 800 2259 moram
816 2224 936 2259 facere
955 2223 1074 2269 elegit.
1120 2222 1267 2258 Exactis
1282 2234 1386 2268 porro
1404 2223 1579 2258 mensibus
1598 2224 1747 2267 duobus,

243 2271 386 2317 quidam
406 2272 530 2306 ismael
548 2271 684 2305 nomine
706 2271 974 2306 Ammanitarum
992 2269 1086 2315 regis
1102 2269 1244 2304 consilio
1264 2274 1377 2304 motus
1389 2295 1400 2313 ‚
1427 2270 1647 2316 Massiphato
1669 2282 1746 2305 cum

244 2318 417 2354 nonnullis
443 2318 520 2352 aliis
545 2321 715 2364 occupato
733 2342 744 2359 ‚
770 2317 956 2352 Godoliam
984 2322 1020 2352 et
1050 2320 1210 2363 repertos
1240 2328 1316 2351 cum
1347 2328 1388 2352 eo
1405 2317 1603 2352 Chaldaeos
1632 2323 1669 2352 et
1686 2318 1747 2352 Iu-

243 2366 352 2401 daeos
371 2365 550 2407 interficit,
567 2377 587 2399 e
605 2375 752 2409 quorum
764 2375 906 2399 numero
928 2368 1029 2399 erant
1044 2364 1114 2398 viri
1126 2366 1172 2399 80
1184 2375 1227 2398 ex
1237 2363 1397 2399 Samaria
1415 2367 1452 2399 et
1469 2364 1607 2410 reliqua
1615 2365 1747 2400 Iudaea

243 2412 395 2458 lugendo
411 2412 508 2447 urbis
525 2410 661 2446 excidio
686 2417 723 2445 et
741 2410 906 2457 primitiis
922 2411 1112 2446 offerendis
1128 2410 1267 2453 intenti,
1291 2423 1378 2458 quos
1400 2422 1515 2446 omnes
1533 2424 1600 2446 una
1620 2412 1746 2446 crude-

242 2459 327 2495 liter
348 2463 461 2496 necat.
508 2459 606 2494 Alius
626 2457 764 2504 quidam
785 2458 886 2493 Ionas
906 2458 1080 2493 adiunctis
1099 2458 1303 2494 Iudaeorum
1321 2459 1490 2505 reliquis,
1512 2459 1691 2493 Hieremia
1710 2458 1746 2492 in

243 2505 455 2542 contrarium
479 2517 617 2542 sensum
649 2504 847 2548 renitente,
880 2505 1027 2552 ipsoque
1052 2505 1230 2541 Hieremia
1258 2517 1373 2541 secum
1399 2505 1529 2548 ducto,
1555 2506 1599 2540 ad
1625 2517 1745 2551 regem

241 2553 397 2600 Aegypti
417 2553 551 2601 Vaphri
576 2552 758 2598 confugit3
781 2551 831 2586 ibi
851 2553 1018 2599 postremi
1044 2553 1275 2588 calamitatem
1295 2552 1426 2588 excidii
1453 2551 1672 2599 proximique
1691 2553 1746 2586 in-

242 2602 370 2640 teritus
387 2605 424 2637 et
442 2602 540 2636 necis
556 2611 578 2635 a
599 2599 787 2634 Chaldaeis
802 2599 1034 2646 impendentis
1052 2600 1140 2646 ipsis
1159 2604 1196 2635 et
1213 2600 1399 2647 Aegyptiis
1415 2598 1643 2635 comminatur
1658 2600 1748 2634 Hie-

243 2647 392 2691 remias3
417 2660 506 2706 quae
525 2646 688 2695 probavit
719 2652 864 2681 eventus
893 2658 983 2682 anno
1002 2647 1328 2682 Nabuchodonosor
1346 2648 1417 2689 28,
1444 2658 1466 2681 a
1495 2657 1564 2692 quo
1597 2645 1642 2681 ad
1671 2646 1748 2693 pri-

244 2708 334 2731 mum
358 2695 445 2743 Cyn
472 2706 617 2738 annum,
642 2693 861 2741 complentur
888 2694 971 2729 anni
1000 2693 1048 2731 40
1076 2695 1176 2729 iuxta
1191 2694 1390 2731 Ezechielis
1410 2692 1641 2741 prophetiam.
1691 2692 1747 2728 Illi

243 2743 415 2778 idolorum
435 2743 547 2779 cultus
563 2742 600 2777 in
618 2743 781 2788 Aegypto
801 2740 949 2776 studiosi
965 2741 1121 2785 redditi,
1145 2745 1182 2776 et
1202 2753 1244 2777 eo
1265 2741 1401 2777 nomine
1426 2741 1471 2776 ab
1489 2740 1668 2776 Hieremia
1687 2751 1746 2776 re-

246 2791 433 2838 prehensi,
458 2789 634 2837 lapidibus
657 2789 692 2823 ei
710 2790 853 2824 mortem
873 2788 1039 2823 inferunt.

344 2837 572 2885 captivitatis
588 2835 691 2872 istius
711 2834 898 2871 universae
914 2838 951 2871 et
967 2834 1097 2881 integri
1115 2834 1243 2871 excidii
1268 2834 1350 2871 anni
1374 2833 1508 2869 ducunt
1535 2833 1617 2870 hinc
1642 2844 1747 2869 exor-

249 2883 357 2928 dium,
381 2887 426 2922 ab
444 2896 534 2922 anno
552 2882 719 2920 videlicet
738 2882 920 2918 undecimo
940 2883 1124 2926 Sedeciae,
1143 2882 1263 2918 mundi
1280 2893 1363 2917 vero
1380 2880 1487 2919 4903.
1536 2882 1745 2916 Accuratum

250 2937 369 2969 autem
386 2937 423 2970 et
442 2931 647 2980 diligentius
663 2942 856 2980 expensum
873 2929 1096 2967 ratiocinium
1111 2941 1133 2966 a
1148 2931 1196 2968 20
1213 2929 1540 2967 Nabuchodonosor
1557 2927 1604 2965 ad
1621 2938 1747 2964 annum
