1800 3236
232 143 335 191 698
694 149 950 196 GEORGII
978 150 1268 198 SYNCELLI

232 256 513 319 ἐθεασάμεθα
536 260 610 305 ἐπ’
634 261 796 314 αὐτοὺς
825 262 1062 321 γενομένην.
1106 262 1129 309 ὅ
1161 263 1242 323 γάρ
1267 283 1332 310 τοι
1351 261 1656 324 λαμπρότατος
1682 269 1751 312 καὶ

232 330 292 375 δι’
319 329 456 391 ὅρκων
471 337 668 391 φοβερῶν
690 338 817 378 τινῶν
835 332 1114 389 πιστούμενος
1132 337 1240 393 μηδ’
1268 335 1377 388 ὅλως
1401 337 1631 395 ἐπισκοπὴν
1658 337 1752 396 ὀρέ-

231 406 411 460 γεσθαι,
451 405 662 462 αἰφνίδιον
700 405 925 456 ἐπίσκοπος
957 403 1096 467 ὥσπερ
1128 407 1174 450 ἐκ
1209 406 1428 466 μαγγάνου
1465 407 1579 460 τινὸς
1611 410 1669 459 εἷς
1699 409 1750 453 τὸ

228 474 359 529 μέσον
393 473 527 533 ῥιφεὶς
555 474 845 533 ἀναφαίνεται.
898 468 1023 528 οὗτος
1056 474 1137 534 γάρ
1168 495 1234 522 τοι
1269 477 1291 523 ὃ
1322 479 1606 537 δογματιστὴς
1627 477 1648 523 ὃ
1672 484 1750 536 τῆς

229 545 574 602 ἐκκλησιαστικῆς
590 544 820 603 ἐπιστήμης
838 544 1156 605 ὑπερασπιστὴς
1176 546 1353 606 ὁπηνίκα
1374 548 1753 608 παρασπάσασθαί
1757 561 1780 597 5

230 633 276 660 τε
313 617 382 659 καὶ
417 613 677 674 ὑφαρπάζειν
703 617 782 674 τὴν
812 618 872 675 μὴ
912 620 1118 663 δοθεῖσαν
1151 619 1267 680 αὐτῷ
1307 620 1477 665 ἄνωθεν
1521 621 1751 678 ἐπισκοπὴν

213 687 423 744 ,ἐπεχείρει
435 720 448 740 ,
488 684 565 731 δύο
588 686 725 749 ἑαυτῷ
747 688 972 741 κοινωνοὺς
999 689 1295 748 ἀπεγνωκότας
1325 691 1404 749 τὴν
1424 690 1587 736 ἑαυτῶν
1609 710 1750 749 σωτη-

228 758 325 814 ρίαν
355 757 601 813 ἐπελέξατο,
642 757 700 811 ὥς
731 758 785 803 ἂν
813 761 871 811 εἷς
902 758 1044 820 βραχύ
1080 779 1121 805 τι
1150 762 1279 821 μέρος
1307 764 1377 806 καὶ
1413 760 1632 820 ἐλάχιστον
1672 768 1751 820 τῆς

224 827 408 879 Ἰταλίας
446 828 700 890 ἀποστείλῃ·
748 830 943 875 κάκεῖθεν
981 830 1234 884 ἐπισκόπους
1273 840 1385 893 τρεῖς
1425 829 1647 892 ἀγροίκους
1680 836 1750 877 καὶ

189 902 223 937 D
235 897 558 951 ἁπλουστάτους
576 905 744 960 πλαστῇ
775 920 855 946 τινι
875 903 1138 960 ἐξαπατῆσαι
1164 902 1412 963 ἐπιχειρήσει
1424 938 1438 958 ,
1476 903 1749 961 διαβεβαιού-
1764 916 1800 952 1(

74 952 118 988 v·
142 951 215 989 296
229 988 357 1026 μενος
386 973 456 1015 καὶ
478 970 834 1032 διισχυριζόμενος
861 975 946 1018 δεῖν
969 974 1126 1026 αὐτοὺς
1145 976 1188 1019 ἐν
1211 973 1326 1032 τάχει
1347 977 1661 1034 παραγενέσθαι
1693 978 1751 1028 εἷς

224 1039 413 1099 Ῥώμην,
454 1040 513 1094 ὥς
540 1042 593 1100 δή
624 1062 687 1096 τις
719 1049 839 1089 πᾶσα
874 1046 1122 1101 ὃιχοστασιά
1157 1054 1347 1104 γεγονυῖα
1378 1046 1457 1091 σὺν
1493 1049 1562 1091 καὶ
1595 1045 1750 1104 ἑτέροις

229 1111 470 1165 ἐπισκόποις
491 1114 796 1171 μεσιτευόντων
817 1117 1030 1175 διαλυθῇ·
1070 1115 1144 1168 οὓς
1165 1117 1554 1177 παραγενομένους,
1580 1116 1652 1162 ἅτε
1677 1118 1746 1175 δὴ,

229 1181 289 1236 ὥς
315 1182 510 1243 ἕφθημεν
547 1186 757 1243 λέγοντες,
798 1185 1059 1246 ἀνθρώπους
1088 1185 1403 1247 ἁπλουστέρους
1438 1191 1532 1247 περὶ
1555 1188 1633 1239 τὰς
1663 1193 1749 1232 τῶν

230 1260 428 1313 πονηρῶν
459 1258 671 1315 μηχανιάς
707 1259 776 1302 καὶ
809 1257 1081 1319 ῥᾳδιουργίας
1117 1260 1469 1317 συγκλεισθέντας
1496 1257 1581 1304 ὖπό
1621 1278 1747 1304 τινων
1762 1270 1800 1307 15

229 1324 387 1382 ὅμοίων
409 1327 524 1387 αὐτῷ
545 1329 864 1388 τεταραγμένων
884 1327 1154 1388 ἀνθρώπων,
1194 1329 1286 1393 ὥρᾳ
1319 1329 1491 1390 δεκάτῃΑ
1503 1327 1749 1387 μεθύοντας

228 1399 299 1440 καὶ
322 1403 662 1457 κραιπαλοῦντας
684 1399 791 1456 μετὰ
801 1400 901 1456 βίας
916 1398 1158 1458 ἠνάγκασαν
1178 1403 1358 1461 εἷκονικῇ
1371 1419 1450 1446 τινι
1475 1404 1544 1446 καὶ
1563 1400 1749 1457 ματαιό-

227 1484 323 1525 τητι
353 1471 423 1513 καὶ
452 1473 617 1532 ματαία
644 1475 800 1530 χειρῶν
829 1472 1026 1533 ἐπιθεσία
1055 1472 1285 1530 ἐπισκοπὴν
1325 1473 1447 1534 αὐτῷ
1473 1475 1645 1528 δοῦναι,
1695 1471 1748 1530 ἢν

70 1545 113 1580 P.
135 1544 208 1580 372
229 1540 378 1602 ἐνέδρα
398 1542 468 1584 καὶ
487 1544 722 1604 πανουργία
743 1541 1055 1597 ἐπιβάλλουσαν
1077 1543 1193 1603 αὐτῷ
1214 1545 1375 1589 ἐκδικεῖ.
1416 1546 1460 1596 ἐξ
1480 1538 1539 1588 ὧν
1564 1542 1622 1596 εἷς
1644 1544 1742 1599 μετ’

224 1610 274 1654 οὗ
308 1611 416 1655 πολὺ
447 1612 687 1670 ἐπανῆλθεν
706 1616 764 1664 εἷς
782 1613 860 1671 τὴν
883 1615 1106 1671 ἐκκλησίαν
1138 1613 1468 1674 ἀποδυρόμενος
1490 1617 1561 1659 καὶ
1595 1615 1745 1671 ἐξομο-
1757 1625 1800 1660 20

223 1680 475 1741 λογούμενος
502 1684 551 1728 τὸ
587 1680 742 1730 ἑαυτοῦ
776 1682 1036 1744 ἁμάρτημα,
1079 1679 1113 1747 ᾧ
1142 1687 1211 1729 καὶ
1240 1685 1575 1745 ἐκοινωνήσαμεν
1595 1691 1743 1747 tarny,

319 1808 354 1844 1.
379 1806 454 1854 τοι]
481 1820 519 1844 τι
539 1808 581 1844 Α.
676 1808 714 1845 3.
738 1807 945 1856 αἰφνιδίως
967 1809 1016 1846 Gr.
1121 1810 1157 1847 5.
1182 1810 1431 1855 παρασπᾶσαι
1456 1811 1505 1847 G.
1613 1811 1648 1846 6.
1675 1808 1746 1848 αὖ·

319 1855 390 1901 τῷ]
415 1853 456 1892 ἐν
474 1856 528 1903 τῷ
549 1856 599 1894 G.
731 1858 787 1893 11.
814 1858 869 1898 εἰς
896 1855 1002 1904 τάχει
1033 1857 1081 1892 G.
1214 1860 1271 1894 16.
1298 1857 1418 1906 αύτῷ]
1446 1857 1573 1896 αὐτοῦ
1592 1859 1639 1894 G.

315 1899 401 1950 ὥρᾳ
421 1915 463 1939 ex
486 1903 654 1939 Eusebio.
688 1902 805 1952 Vulgo
824 1901 909 1953 ὁρᾷ.
1029 1906 1087 1942 17.
1111 1901 1326 1954 ἠνάγκασεν
1341 1907 1393 1942 G.
1509 1909 1567 1945 18.
1590 1906 1743 1956 χειροῖν]

316 1950 444 1999 χειρόν
464 1953 506 1988 Α.
527 1950 652 2000 χειρὸς
676 1952 725 1988 G.
1668 1995 1671 1997 Α

222 2069 338 2093 mores
365 2057 610 2101 mutationem,
633 2057 719 2094 data
741 2058 844 2095 brevi
874 2058 1046 2106 temporis
1070 2071 1191 2103 mora,
1214 2058 1253 2095 in
1274 2071 1317 2096 eo
1340 2058 1609 2096 adverterimus.
1656 2061 1744 2097 Illu-

223 2106 416 2141 strissimus
436 2105 527 2142 enim
544 2106 616 2149 ille,
643 2107 704 2153 qui
726 2107 909 2142 tremendo
930 2108 1036 2143 etiam
1056 2107 1270 2155 interposito
1289 2108 1493 2144 iusiurando
1514 2121 1553 2144 se
1573 2120 1742 2155 nusquam

223 2152 469 2199 episcopatum
492 2154 681 2191 ambivisse
698 2155 951 2198 confirmabat,
975 2155 1193 2202 derepente,
1218 2155 1321 2203 quasi
1341 2167 1386 2191 ex
1417 2155 1577 2192 machina
1606 2155 1641 2190 in
1669 2168 1743 2191 me-

225 2200 319 2235 diam
339 2213 477 2237 scenam
500 2202 689 2248 delapsus,
715 2199 904 2250 episcopus
924 2203 1103 2250 apparuit.
1151 2203 1247 2246 Iste,
1271 2203 1374 2246 dico,
1398 2215 1565 2238 novorum
1594 2203 1741 2249 dogma—

226 2252 300 2283 tum
319 2253 462 2292 auctor,
488 2249 754 2285 ecclesiasticae
775 2250 984 2297 disciplinae
1007 2255 1268 2297 propugnator,
1294 2262 1372 2285 cum
1393 2250 1463 2285 sibi
1479 2250 1662 2286 vindicare
1683 2251 1741 2287 vel

226 2307 296 2330 non
316 2295 469 2331 oblatum
491 2297 591 2342 prius
611 2298 800 2344 subripere
818 2298 958 2333 molitur
981 2298 1244 2345 episcopatum,
1270 2297 1358 2332 duos
1387 2297 1454 2332 sibi
1483 2299 1598 2333 socios
1618 2298 1663 2332 de
1683 2311 1742 2333 sa-

225 2343 300 2377 lute
328 2342 534 2389 desperatos
561 2344 742 2389 adiunxit,
767 2357 854 2392 quos
879 2346 1098 2391 postmodum
1126 2345 1164 2379 in
1193 2349 1365 2379 secretam
1399 2349 1436 2380 et
1463 2351 1646 2392 angustam
1674 2346 1741 2380 ali-

226 2401 329 2436 quam
363 2389 489 2425 Italiae
513 2396 649 2436 partem
682 2394 901 2428 amandaret.
957 2392 1098 2427 Exinde
1126 2397 1201 2426 tres
1231 2393 1419 2438 episcopos
1450 2393 1605 2428 rusticos
1636 2393 1741 2439 plane

227 2436 449 2484 simplicique
469 2439 582 2473 animo
600 2442 714 2473 motos
735 2444 814 2474 arte
834 2439 1051 2474 veteratoria
1069 2439 1237 2482 seduxit,
1260 2439 1346 2474 data
1365 2439 1438 2475 fide
1457 2440 1637 2487 pollicitus
1656 2441 1740 2475 bre·-

228 2485 265 2520 vi
289 2487 431 2521 Romam
448 2497 510 2521 eos
529 2490 719 2531 venturos,
746 2491 787 2521 ut
803 2487 891 2532 ipsis
914 2498 991 2521 cum
1013 2486 1226 2532 reliquorum
1246 2488 1493 2534 episcoporum
1520 2494 1625 2523 coetu
1642 2488 1740 2523 velut

228 2533 327 2579 pacis
345 2532 489 2568 arbitris
507 2532 728 2577 sedentibus,
752 2546 844 2580 quae
860 2533 1048 2580 affligebat
1074 2534 1256 2570 ecclesiam
1285 2534 1487 2578 discordia,
1512 2536 1653 2582 penitus
1668 2535 1740 2570 tol-

227 2581 372 2616 leretur.
420 2580 504 2616 lllos
534 2592 599 2616 ceu
627 2580 706 2627 qui,
742 2586 782 2616 ut
814 2581 1077 2627 praemisimus,
1102 2582 1304 2617 hebetiores
1323 2585 1424 2617 erant
1444 2583 1490 2618 ad
1509 2582 1737 2628 malignorum

227 2628 403 2664 versutias
429 2631 467 2664 et
491 2629 638 2664 fraudes
667 2629 936 2675 percipiendas,
968 2630 1111 2664 Romam
1133 2630 1384 2674 adventantes,
1410 2641 1432 2664 a
1458 2629 1625 2665 factionis
1641 2630 1739 2665 eius-

226 2675 305 2711 dem
324 2675 545 2711 consortibus
577 2681 614 2711 et
634 2676 731 2723 pacis
757 2676 1062 2722 perturbatoribus
1088 2678 1327 2723 interceptos,
1354 2678 1398 2712 ad
1426 2677 1546 2712 horam
1570 2677 1737 2713 decimam

226 2723 392 2759 ebrietati
415 2723 640 2770 crapulisque
655 2727 824 2759 vacantes
847 2724 1021 2760 violenter
1043 2726 1213 2771 compulit
1230 2724 1438 2771 imaginaria
1467 2724 1618 2770 quadam
1636 2725 1739 2760 ficta-

225 2782 295 2817 que
319 2783 479 2807 manuum
499 2770 719 2817 impositione
742 2771 981 2818 episcopatum
1014 2772 1083 2807 sibi
1109 2773 1271 2815 tradere,
1296 2783 1397 2818 quem
1415 2771 1583 2819 deinceps
1596 2772 1736 2808 insidiis

224 2822 261 2853 et
279 2819 462 2854 fraudibus
484 2818 638 2854 oblatum
657 2822 694 2855 et
713 2819 855 2865 penitus
873 2819 1022 2854 alienum
1043 2820 1111 2855 sibi
1139 2820 1349 2856 vindicavit.
1397 2819 1529 2854 Eorum
1553 2831 1640 2855 unus
1665 2831 1736 2856 non

225 2865 286 2899 diu
310 2871 392 2913 post
415 2866 580 2913 lacrymis
598 2870 635 2902 et
654 2866 876 2902 confessione
909 2867 1022 2902 scelus
1041 2867 1269 2914 expiaturus,
1294 2866 1339 2902 ad
1358 2867 1543 2902 ecclesiam
1571 2878 1734 2902 reversus

223 2917 301 2959 est,
325 2913 383 2949 cui
406 2914 655 2951 communionis
681 2914 795 2951 laicae
825 2914 997 2962 gratiam,
1032 2914 1337 2964 expostulantibus
1363 2925 1440 2950 eam
1472 2915 1582 2951 totius
1614 2914 1734 2962 populi
