1800 3236
178 189 283 240 364
650 195 904 245 GEORGII
933 198 1221 247 SYNCELLI

179 310 266 354 ἐπεὶ
295 307 474 360 παλαιὸς
503 306 639 361 οὐδεὶς
666 311 773 370 παρ’
805 311 974 367 αὐτοῖς,
1015 313 1056 357 οἳ
1084 314 1162 370 μὲν
1194 315 1368 360 Αἰνείου
1391 314 1605 374 Ῥωμύλον
1626 321 1694 363 καὶ

173 378 335 437 Ῥῶμον
358 378 593 439 φάσκουσιν
614 381 746 436 υἱοὺς,
786 382 918 440 ἕτεροι
941 384 988 426 δὲ
1007 385 1226 444 θυγατρὸς
1247 388 1436 441 Αἷνείου,
1475 390 1590 440 τίνος
1610 409 1696 433 πα-
1745 373 1750 382 1

178 450 280 510 τρός
319 451 590 509 ἀγνοοῦντες,
626 453 695 495 καὶ
739 451 920 504 τούτους
960 451 1041 497 ὕπ’
1077 458 1252 500 Αἰνείου
1292 455 1496 514 δοθῆναί
1510 462 1694 520 Λατίνῳ

178 521 286 581 πρὸς
316 519 498 580 ὁμηρίαν
519 519 709 580 εἰρήνης,
748 522 796 575 ὃς
818 522 947 575 ἄπαις
963 528 1167 571 τελευτῶν
1190 535 1345 586 μοῖραν
1365 533 1442 586 τῆς
1463 529 1595 589 ἀρχῆς
1615 531 1693 574 αὖ·

176 600 267 644 τοῖς
288 593 490 649 ἀπένειμε.
1697 609 1721 645 5

140 671 172 707 C
290 663 411 714 Τινὲς
441 665 468 706 δ
474 662 488 678 ³
514 657 569 706 αὖ
591 675 721 722 φασιν
742 661 964 709 Ἀσκάνιον
991 665 1066 710 τὸν
1084 667 1258 711 Αἰνείου
1280 667 1375 713 υἱὸν
1392 669 1501 726 μετὰ
1521 670 1599 728 τὴν
1617 676 1694 715 τοῦ

175 734 337 793 πατρός
373 733 568 791 τελευτὴν
597 735 827 790 νεᾲιασθαι
856 735 934 793 τὴν
967 736 1100 795 ἀρχὴν
1123 736 1212 793 ἅμα
1235 735 1382 799 Ῥώμῳ
1404 743 1473 783 καὶ
1493 739 1693 803 Ῥωμύλῳ

173 812 264 857 τοῖς
281 804 495 863 ἀδελφοῖς,
535 806 673 849 κτίσαι
707 807 754 851 δὲ
784 806 914 851 αὐτὸν
934 809 1011 863 μὲν
1029 807 1276 865 τὴνἌλβαν
1296 811 1364 853 καὶ
1386 809 1518 863 ἄλλας
1537 811 1691 867 πόλεις,

168 874 315 932 Ῥέμον
343 876 390 920 δὲ
425 869 610 933 Καπύην
645 876 726 921 ἀπὸ
769 876 949 929 Κάπυος
981 877 1266 937 προπάππου,
1299 880 1493 939 Ἀγχίσην
1523 883 1570 926 δὲ
1609 883 1693 927 ἀπὸ

168 946 360 1006 Ἀγχίσου
385 951 462 991 τοῦ
485 945 676 1002 πάππου,
712 950 891 993 Αἰνείαν
915 950 961 993 δὲ
980 949 1058 1007 τὴν
1076 950 1184 1006 μετὰ
1205 955 1342 999 ταῦτα
1363 943 1593 1009 κληθεῖσαν
1605 951 1691 997 Ἰά-
1706 964 1751 1000 10

174 1023 314 1063 νικλον
331 1019 389 1069 εἷς
409 1017 544 1074 ὄνομα
564 1022 639 1062 τοῦ
664 1019 847 1078 πατρὸς,
881 1018 1045 1077 Ῥώμην
1070 1022 1116 1064 δὲ
1138 1023 1195 1072 εἷς
1225 1020 1376 1066 ἑαυτοῦ
1403 1022 1562 1080 ὄνομα,
1601 1023 1694 1080 ἥτις

175 1086 283 1145 μετά
300 1106 394 1133 τινα
408 1087 564 1146 χρόνον
585 1089 857 1149 ἐρημωθεῖσα
875 1079 957 1135 ὑπὸ
972 1089 1189 1147 Ῥωμύλου
1209 1095 1279 1136 καὶ
1292 1091 1439 1149 Ῥὲμου
1459 1099 1544 1138 τῶν
1568 1094 1693 1138 ἀδελ-

175 1164 270 1219 φῶν
292 1159 521 1216 ἀνεκτίσθη
532 1195 545 1215 ,
579 1160 750 1219 χρόνοις
771 1161 908 1206 ἔπειτα
932 1167 1008 1219 τῆς
1023 1163 1238 1218 Ἀλβανῶν
1255 1164 1450 1216 ἀποικίας
1477 1163 1692 1223 ἡγησαμέ-

175 1248 284 1285 νων,
323 1231 432 1274 κατὰ
450 1231 528 1287 τὴν
551 1230 794 1287 ὀλυμπιάδα
817 1267 828 1277 .
856 1268 866 1277 .
892 1268 902 1277 .
932 1267 942 1278 .
968 1234 1076 1289 μετὰ
1095 1231 1139 1276 ιε’
1159 1232 1309 1291 γενεάς.

16 1301 58 1338 V.
83 1303 154 1340 155
277 1299 493 1358 Ἀντίοχος
509 1303 555 1346 δὲ
573 1299 595 1346 ὂ
615 1301 880 1360 Συρακόσιος
899 1306 967 1347 καὶ
986 1305 1068 1362 πρὸ
1092 1308 1294 1362 Τρωϊκῶν
1314 1321 1418 1364 φησι
1434 1305 1512 1362 τὴν
1526 1304 1692 1363 Ῥώμην
1708 1315 1750 1351 15

176 1371 369 1417 ἐκτίσθαι
379 1406 393 1427 ,
431 1371 730 1428 βασιλεύοντος
756 1372 990 1431 Μόργητος
1016 1375 1199 1427 Ἰταλίας
1230 1375 1314 1420 ἀπὸ
1350 1375 1573 1435 Τάραντος
1596 1377 1693 1436 ἄχρι

175 1443 487 1498 Ποσειδωνίας,
525 1443 633 1500 μετὰ
655 1444 730 1488 τὸν
749 1449 919 1503 πρῶτον
938 1443 1157 1504 λεγόμενον
1173 1447 1338 1491 Ἰταλὸν
1356 1448 1535 1504 βασιλέα
1557 1466 1690 1492 κατα-

172 1511 445 1574 γεγηρακότα.

280 1587 370 1630 Kal
400 1589 538 1629 ταῦτα
568 1586 646 1639 μὲν
676 1587 770 1644 περὶ
790 1590 876 1631 τῶν
895 1590 1087 1631 παλαιῶν
1115 1587 1247 1645 αὐτῆς
1269 1588 1454 1633 κτίσεων.
1492 1588 1570 1646 τὴν
1589 1590 1691 1645 με’ν-

174 1674 240 1701 τοι
280 1656 499 1713 μετέπειτα
538 1651 607 1700 καὶ
647 1657 781 1714 αὐτὴν
818 1656 1088 1717 ἀσυμφώνως
1123 1657 1334 1719 γράφουσι
1365 1660 1499 1703 κτίσιν
1545 1660 1689 1717 αὐτῆς,
1703 1671 1751 1706 20

268 1747 304 1782 2.
337 1746 453 1792 Vulgo
484 1747 636 1783 Αἰνείου
667 1745 784 1788 τινὸς.
902 1745 1046 1792 πατρὸς
1066 1748 1187 1783 addidi
1209 1760 1252 1783 ex
1268 1748 1311 1783 B.
1430 1750 1467 1786 3.
1500 1748 1625 1784 Delevi
1651 1764 1692 1787 ts

269 1790 328 1841 (τ’
344 1794 418 1840 Β.),
445 1795 539 1840 quod
555 1799 636 1841 post
656 1792 820 1836 τούτους
838 1795 1037 1840 legebatur.
1133 1797 1289 1844 λατείνῳ
1300 1797 1344 1832 Β.
1369 1797 1487 1842 Vulgo
1503 1798 1691 1835 Λατίνων.

339 1842 373 1876 4.
403 1839 519 1884 ἅπαις
542 1854 609 1877 οπι.
631 1843 678 1879 G.
789 1845 823 1880 6.
853 1841 964 1885 Τινὲς
983 1855 1026 1878 m.
1058 1842 1175 1885 Τινᾶς
1192 1844 1240 1878 G.
1354 1846 1389 1881 8.
1414 1843 1536 1893 ἀλβοὶν
1554 1846 1596 1880 Β.

267 1890 302 1925 9.
330 1888 453 1932 Ρέμον
471 1902 511 1925 τε
530 1889 723 1937 Καππύην
742 1891 792 1925 G.
883 1888 1063 1937 Ἀγχίσην]
1088 1892 1206 1936 Vulgo
1226 1893 1398 1938 Αγχισαν.
1502 1894 1558 1929 10.
1584 1889 1692 1928 ’[ἄνι-

267 1937 380 1982 πλον]
418 1938 536 1984 Vulgo
548 1935 747 1975 ’‘Avatulov.
874 1941 930 1975 12.
956 1937 1073 1985 ρέμου
1094 1940 1137 1974 Β.
1166 1938 1269 1985 Ρέμοι
1288 1940 1335 1974 Gr.
1461 1941 1516 1976 13.
1553 1942 1691 1988 σαλβα-

269 1985 447 2020 νῶνἊΒ.
540 2023 542 2026 ,
566 1984 622 2022 14.
647 1987 813 2023 Lacunae
840 1985 1098 2027 indiciumrom.
1120 1987 1195 2022 AB.
1239 1985 1408 2033 Suppleri
1430 1987 1517 2022 haec
1544 1991 1692 2034 possunt

269 2043 314 2068 ex
340 2032 512 2080 Dionysio
537 2038 575 2069 et
599 2034 769 2070 Eusebio.
890 2036 946 2071 15.
972 2031 993 2070 ὁ
1020 2046 1085 2070 om.
1105 2035 1152 2069 G.
1272 2034 1387 2081 Vulgo
1416 2033 1690 2079 Συρακούσιος.

269 2080 549 2126 συρρακούσιος
572 2082 614 2117 Α.
739 2082 910 2126 τρωῖκαῖν
930 2083 973 2118 Β.
1004 2080 1174 2126 Τρωϊκὸν
1195 2082 1242 2117 G.
1366 2084 1421 2118 16.
1447 2083 1563 2129 Vulgo
1584 2082 1692 2129 Μόρ-

270 2141 385 2173 γιτος.
492 2131 547 2166 17.
572 2130 796 2171 ποσιδονίας
815 2130 858 2165 Β.
955 2128 1087 2167 ἰταλὸν
1106 2130 1147 2164 Β.
1162 2130 1318 2173 1Πυλῶν
1337 2130 1385 2166 G.

176 2196 390 2233 mendandus
417 2199 619 2245 occurrit),
654 2199 690 2235 hi
719 2199 857 2247 quidem
878 2201 1059 2236 Romulum
1088 2203 1124 2235 et
1140 2201 1283 2235 Romum
1300 2200 1465 2242 Aeneae,
1490 2199 1549 2235 alii
1576 2212 1690 2236 rerum

176 2244 422 2281 historicarum
450 2247 591 2292 penitus
622 2247 737 2293 ignari
764 2249 904 2283 Aeneae
923 2248 997 2283 filia
1023 2252 1232 2294 procreatos
1260 2247 1388 2281 litteris
1417 2247 1692 2293 consignarunt3

177 2293 388 2339 eosdemque
404 2293 531 2328 Latino
549 2295 627 2340 regi
644 2295 836 2331 firmandae
855 2295 955 2341 pacis
972 2306 1057 2340 ergo
1075 2294 1228 2330 traditos
1247 2294 1388 2329 obsides
1410 2295 1454 2329 ab
1473 2306 1514 2330 eo
1535 2296 1692 2341 proxime

177 2339 346 2375 morituro
365 2340 554 2386 adoptatos
574 2342 711 2388 imperii
729 2347 866 2388 partem
889 2341 1083 2387 accepisse.

273 2386 345 2422 Alii
363 2387 550 2423 Ascanium
569 2389 709 2424 Aeneae
726 2389 854 2431 filium,
878 2389 1046 2424 defuncto
1067 2391 1190 2436 patre,
1215 2400 1285 2423 una
1312 2399 1388 2424 cum
1415 2389 1525 2424 Romo
1556 2393 1593 2424 et
1616 2390 1689 2424 Ro-

178 2433 271 2469 mulo
296 2434 468 2470 fratribus
494 2435 659 2472 divisisse
686 2444 854 2482 regnum3
881 2441 917 2470 et
941 2436 1053 2482 ipsum
1081 2436 1219 2482 quidem
1248 2436 1370 2472 Albam
1405 2441 1443 2470 et
1470 2437 1575 2471 urbes
1604 2437 1692 2472 alias

177 2480 398 2523 condidisse,
422 2482 565 2517 Remum
591 2495 677 2518 vero
704 2484 861 2529 Capuam
892 2484 1014 2530 Capys
1039 2483 1187 2529 proavi,
1213 2484 1401 2519 Anchisam
1428 2484 1588 2518 Anchisis
1619 2485 1689 2526 avi,

178 2530 400 2575 Aeneamque
428 2529 630 2573 civitatem,
655 2530 814 2565 Aniclum
842 2531 1013 2577 posthaec
1040 2531 1190 2574 dictam,
1216 2531 1329 2577 patris
1361 2532 1522 2573 Aeneae,
1547 2531 1690 2566 Romam

176 2576 332 2622 denique
357 2576 495 2613 nomine
527 2589 588 2612 suo
615 2581 846 2623 nuncupatam
875 2577 1052 2621 voluisse,
1078 2590 1171 2624 quae
1196 2583 1354 2626 tempore
1384 2579 1597 2624 procedente
1623 2578 1689 2613 de—

175 2627 335 2666 structa,
360 2624 494 2660 demum
514 2636 536 2659 a
554 2625 700 2660 Romulo
727 2624 905 2671 Remoque
928 2625 1100 2660 fratribus
1125 2626 1335 2662 Albanorum
1359 2625 1516 2660 coloniae
1540 2625 1689 2660 ducibus

176 2674 258 2716 post
277 2674 414 2707 aetates
443 2672 618 2710 hominum
643 2672 841 2720 quindecim
866 2672 1077 2720 Olympiade
1103 2699 1258 2711 .....
1288 2677 1488 2709 restaurata
1512 2677 1586 2715 est,
1612 2672 1691 2720 opi-

174 2722 314 2753 nantur.
475 2724 480 2725 ⁷
1172 2726 1182 2730 “

269 2765 462 2800 Antiochus
481 2769 595 2804 autem
615 2767 860 2813 Syracusanus
878 2766 980 2802 etiam
1010 2770 1092 2802 ante
1115 2779 1172 2803 res
1193 2767 1238 2812 ad
1261 2766 1406 2802 Troiam
1425 2769 1566 2813 gestas,
1591 2767 1689 2802 Mor-

176 2811 252 2858 gite
273 2812 308 2847 in
327 2812 431 2848 Italia
453 2825 475 2848 a
491 2814 651 2850 Tarento
673 2814 896 2850 Posidoniam
916 2826 1029 2861 usque
1057 2819 1249 2861 regnante,
1288 2819 1368 2861 post
1397 2825 1514 2859 regem
1543 2814 1689 2861 primum

176 2859 300 2894 ltalum
318 2860 475 2903 nomine,
499 2861 576 2897 'eius
594 2862 716 2900 ultima
737 2866 916 2898 senectute
937 2862 1079 2897 Romam
1099 2862 1252 2897 asseruit
1269 2861 1460 2896 fundatam.

271 2907 371 2942 Haec
390 2908 530 2953 quidem
548 2908 598 2944 illi
615 2909 660 2945 de
680 2909 857 2957 primaevo
876 2909 1008 2944 Romae
1026 2909 1192 2952 conditu3
1217 2908 1483 2944 restaurationis
1498 2910 1614 2943 autem
1632 2920 1690 2944 se·

175 2957 285 3000 quuto
304 2958 460 3002 tempore
477 2961 664 3005 susceptae
686 2956 866 2994 historiam
886 2956 1029 2993 diversa
1043 2968 1183 3005 quoque
1200 2957 1339 2994 ratione
1358 2955 1576 2992 describunt.
