1800 3236
255 137 358 185 638
721 139 975 187 GEORGII
1002 140 1289 188 SYNCELLI

251 248 535 309 Ἡγησίππου
565 249 774 307 μαθητοῦ
802 250 895 292 τῶν
922 244 1188 293 ἀποστόλων
1217 248 1266 294 ἐκ
1285 250 1369 294 τοῦ
1387 245 1419 294 ε’
1438 245 1761 309 ὖπομνήματος

478 318 580 377 περὶ
608 321 691 364 τοῦ
721 316 856 375 ἁγίου
879 315 1097 375 Ἰακώβου
1122 320 1208 364 τοῦ
1238 316 1534 377 ἀδελφοθέου.

216 421 249 458 c
362 407 611 463 Διαὸἔχεται
634 405 712 462 τὴν
744 405 964 461 ἐκκλησίαν
982 404 1089 461 μετὰ
1113 404 1190 462 τὴν
1208 410 1293 450 τῶν
1318 403 1566 451 ἀποστόλων
1585 404 1611 450 ὃ
1635 406 1761 451 ἀδελ-

254 478 336 539 φὺς
351 482 428 522 τοῦ
450 478 594 534 κυρίου
619 474 842 531 Ἰάκωβος,
867 473 889 519 ὃ
907 475 1164 531 dvenae-9⁵³3
1178 474 1260 520 ὕπὸ
1280 475 1448 521 πάντων
1469 478 1641 531 δίκαιος,
1675 477 1757 522 ἀπὸ

253 554 339 595 τῶν
371 552 446 592 τοῦ
484 551 678 605 Χριστοῦ
694 544 859 603 χρόνων
884 547 1002 604 με’χρι
1024 548 1092 589 καὶ
1112 544 1255 602 ἡμῶν,
1294 549 1377 591 ἐπεὶ
1403 549 1550 591 πολλοὶ
1565 545 1788 603 Ἰάκωβοιὸ

254 621 492 664 ἐκαλοῦντο.
540 611 663 668 οὗτος
694 618 739 661 δὲ
774 617 818 660 ἐκ
847 619 1005 667 κοιλίας
1034 617 1196 674 μητρὸς
1230 616 1363 661 αὐτοῦ
1394 617 1511 676 ἅγιος
1541 613 1607 675 ἦν.
1646 617 1760 663 οἶνον

253 691 493 747 καὶσίκερα
520 687 595 732 οὐκ
627 687 726 743 ἔπιε,
765 690 834 730 καὶ
860 688 1050 743 ἔμψυχον
1070 687 1146 731 οὐκ
1169 686 1318 746 ἔφαγε,
1357 690 1426 732 καὶ
1451 689 1576 746 ξυρὸν
1596 689 1660 732 ἐπὶ
1681 688 1759 746 τὴν

254 761 441 820 κεφαλὴν
478 758 609 802 αὐτοῦ
642 758 719 802 οὐκ
745 758 899 814 ἀνέβη,
939 758 1077 802 {Maon
1107 757 1182 801 οὐκ
1214 758 1419 814 ἠλείψατο
1453 761 1522 802 καὶ
1548 761 1760 820 βαλανείῳ

254 832 329 876 οῧκ
366 828 587 888 ἐχρήσατο.
626 827 762 888 τούτῳ
795 828 913 888 μόνῳ
946 830 1041 886 ἐξῆν
1058 830 1114 879 εἷς
1137 827 1190 871 τὰ
1212 827 1308 885 ἅγια
1335 829 1527 872 εἰσιέναι·
1565 829 1759 887 οὐδὲγὰρ

252 903 395 962 ἐρεοῦν
424 898 589 959 ἐφόρει,
628 899 736 959 ἀλλὰ
766 898 985 953 σινδόνας,
1022 901 1090 942 καὶ
1120 897 1251 954 μόνον
1283 898 1351 943 ὅτε
1371 898 1581 957 εἰσήρχετο
1608 902 1665 951 εἷς
1684 900 1759 944 τὸν
1773 906 1800 941 14

252 971 367 1018 ναόν.
401 967 620 1029 ηὖρίσκετό
642 988 685 1014 τε
708 971 892 1026 κείμενος
915 971 980 1014 ἐπὶ
1001 977 1090 1020 τοῖς
1106 968 1267 1027 γόνασι,
1294 972 1362 1013 καὶ
1388 968 1635 1026 αἰτούμενος
1652 968 1760 1029 ὖπὲρ

253 1048 330 1088 τοῦ
368 1046 472 1086 λαοῦ
506 1040 677 1099 ἄφεσιν,
717 1038 773 1092 ὥς
809 1040 1106 1097 ἀπεσκληκέναι
1133 1040 1185 1083 τὰ
1206 1038 1363 1096 γόνατα
1389 1040 1520 1084 αὐτοῦ
1543 1042 1661 1098 δίκην
1683 1059 1761 1085 κα-

215 1112 412 1171 Βμήλου,
449 1111 519 1155 διὰ
538 1111 587 1155 τὸ
606 1111 667 1155 ἀεὶ
690 1110 893 1167 κάμπτειν
913 1112 978 1154 ἐπὶ
1000 1109 1098 1168 γόνυ
1118 1115 1435 1167 προσκυνοῦντα
1454 1115 1514 1171 τῷ
1535 1115 1650 1170 θεῷ,
1691 1113 1761 1155 καὶ

254 1187 468 1229 αι’τεῖσθαι
489 1181 636 1240 ἄφεσιν
661 1186 720 1241 τῷ
743 1186 845 1241 λαῷ.
886 1180 956 1224 διά
977 1199 1019 1238 γε
1044 1180 1121 1238 τὴν
1141 1179 1380 1239 ὑπερβολὴν
1398 1185 1474 1238 τῆς
1495 1180 1761 1238 δικαιοσύνης

254 1255 385 1300 αὐτοῦ
420 1255 604 1296 ε’καλεΐτο
637 1254 796 1303 δίκαιος
817 1253 886 1295 καὶ
916 1251 1084 1308 ὂβλίας,
1126 1249 1149 1295 ὅ
1177 1251 1262 1295 ἐστι
1281 1251 1452 1309 περιοχὴ
1470 1256 1548 1296 τοῦ
1570 1255 1675 1296 λαοῦ
1693 1254 1757 1295 δι-
1771 1259 1800 1296 11

254 1321 480 1379 καιοσύνη,
520 1320 577 1374 ὦς
611 1323 650 1366 οἷ
680 1327 896 1381 προφῆται
933 1325 1107 1379 δηλοῦσι
1135 1323 1226 1381 περὶ
1259 1321 1405 1366 αὐτοῦ.
1443 1323 1551 1374 τινὲς
1579 1317 1653 1366 οὖν
1673 1327 1758 1367 τῶν

255 1395 362 1440 ἑπτὰ
403 1393 600 1452 αἱρέσεων
635 1398 720 1437 τῶν
762 1394 805 1437 ἐν
846 1397 906 1454 τῷ
945 1391 1054 1453 λόγῳ
1087 1392 1463 1450 προγεγραμμένων
1490 1411 1565 1448 μοι
1594 1394 1637 1436 ἓν
1667 1400 1760 1444 τοῖς

246 1463 544 1523 ὑπομνήμασιν
584 1461 872 1508 ἐπυνθάνοντο
905 1463 1047 1525 αὐτῷ,
1086 1464 1151 1514 τίς
1187 1461 1213 1520 ἡ
1243 1461 1362 1521 θύρα
1386 1467 1463 1507 τοῦ
1485 1462 1623 1520 Ἰησοῦ
1633 1483 1650 1520 ;
1687 1465 1758 1508 καὶ

248 1536 359 1594 ἔλεγε
388 1540 540 1579 τοῦτον
574 1533 676 1579 εἶναι
712 1535 786 1579 τὸν
816 1539 1010 1591 σωτῆρα,
1049 1535 1093 1585 ἐξ
1126 1528 1183 1577 ὧν
1221 1551 1327 1584 τινες
1349 1534 1563 1578 ἐπίστευον
1583 1532 1647 1577 ὅτι
1672 1534 1758 1592 Ἰη-

249 1612 352 1658 σοῦς
384 1607 495 1650 ἔστιν
526 1603 548 1649 ὃ
577 1603 792 1664 Χριστός·
831 1605 876 1648 αἶ
909 1607 956 1649 δὲ
986 1606 1162 1663 αἱρέσεις
1183 1604 1228 1648 αἶ
1253 1604 1547 1663 προειρημέναι
1568 1604 1644 1648 οὐκ
1667 1605 1800 1648 ἐπί-2(

247 1695 396 1722 στευον
428 1675 522 1720 οὔτε
555 1675 786 1720 ἀνάστασιν
820 1675 915 1720 οὕτε
956 1674 1177 1735 ἐρχόμενον
1210 1674 1442 1719 ἀποδοῦναι
1483 1673 1646 1735 ἑκάστῳ
1679 1693 1757 1719 κα-

340 1757 375 1793 2.
402 1750 515 1800 ἁγίου
534 1765 601 1789 om.
623 1755 672 1791 G.
704 1750 816 1800 ἁγίου
837 1750 1052 1791 ἀποστόλου
1080 1753 1181 1789 addit
1201 1753 1242 1788 P.
1355 1753 1390 1790 3.
1423 1750 1520 1798 μετὰ
1543 1749 1636 1793 τοῦς
1660 1749 1758 1789 ἀπο-

342 1801 500 1844 στόλους
518 1813 562 1836 m.
669 1803 704 1838 7.
733 1800 862 1848 ξυρὸν]
888 1800 1003 1848 ξηρὸν
1023 1803 1066 1838 Ρ.
1162 1802 1195 1836 8.
1219 1798 1403 1846 ἠλείψατο
1432 1801 1508 1840 BP.
1530 1797 1689 1845 ἀλείψας
1707 1802 1756 1837 G.

343 1852 400 1886 10.
435 1847 611 1891 σινδόνας
633 1861 677 1885 m.
710 1848 906 1891 σινδόναις
926 1851 975 1886 G.
1087 1850 1143 1885 11.
1168 1846 1368 1895 ηὔρεσκετο
1391 1848 1435 1883 Β.
1556 1846 1613 1885 14.
1639 1849 1757 1883 αἰτεῖ-

342 1897 453 1943 σθαι]
480 1897 632 1943 αἰτῆσαι
654 1896 704 1932 G.
832 1898 886 1933 15.
926 1897 1066 1944 Ολβίας
1090 1895 1139 1932 G.
1241 1898 1316 1933 -17-
1348 1894 1687 1944 προγεγραμμένων
1711 1895 1756 1931 Β.

341 1944 602 1992 γεγραμμένων
621 1945 670 1981 G.
785 1945 843 1982 19.
870 1937 940 1990 ὧν]
966 1939 1013 1981 οὗ
1033 1944 1083 1979 G.
1120 1957 1127 1966 ⁴

277 2018 343 2059 Ex
383 2017 604 2073 Hegesippi
645 2018 922 2073 apostolorum
953 2016 1146 2072 discipuli
1177 2014 1466 2056 commentario
1497 2013 1645 2069 quinto
1675 2013 1726 2055 de

749 2076 892 2116 Iacobo
922 2076 1049 2117 fratre
1078 2075 1246 2117 domini.

342 2142 470 2178 Frater
490 2143 617 2179 domini
637 2144 806 2188 Iacobus,
830 2149 1058 2190 cognomento
1078 2144 1209 2186 Iustus,
1237 2141 1319 2188 (alii
1335 2141 1466 2188 quippe
1483 2139 1602 2186 plures
1625 2150 1667 2174 eo
1686 2149 1751 2174 no-

250 2188 341 2225 mine
358 2190 596 2237 dicebantur),
620 2204 641 2226 a
658 2192 792 2227 Christi
814 2193 977 2227 abscessu
1000 2193 1049 2227 ad·
1065 2198 1187 2227 nostra
1208 2201 1318 2235 usque
1334 2193 1493 2233 tempora
1509 2198 1578 2221 una
1600 2198 1675 2221 cum
1694 2198 1752 2221 re-

250 2236 354 2283 liquis
375 2239 542 2283 apostolis
560 2239 739 2274 ecclesiam
761 2239 918 2285 suscepit
937 2236 1194 2274 moderandam.
1241 2237 1297 2271 Ex
1315 2234 1436 2270 matris
1455 2238 1557 2269 utero
1581 2234 1754 2268 sanctita-

251 2289 321 2319 tem
333 2295 354 2319 a
371 2284 436 2319 deo
453 2287 599 2321 sortitus
613 2286 754 2333 prodiit.
781 2288 811 2322 A
830 2287 911 2321 vino
924 2289 959 2320 et
976 2285 1090 2320 sicera
1109 2285 1248 2331 penitus
1266 2282 1459 2324 abstinuit,
1486 2290 1551 2316 neo
1567 2280 1753 2327 quicquam

249 2331 366 2367 anima
380 2336 577 2376 vegetatum
595 2333 782 2379 assumpsit
793 2333 829 2368 in
844 2333 979 2374 cibum3
1002 2333 1039 2368 in
1058 2331 1132 2367 eius
1156 2334 1262 2377 caput
1273 2329 1442 2364 novacula
1463 2339 1531 2363 non
1551 2328 1751 2371 adscendit,

248 2377 318 2413 olei
340 2377 397 2413 vel
415 2378 530 2414 balnei
552 2392 649 2418 usum
673 2391 843 2427 nusquam
863 2379 1014 2415 admisit.
1061 2379 1117 2414 Illi
1143 2379 1208 2413 noli
1235 2388 1411 2413 sacrorum
1441 2375 1670 2422 penetralium
1695 2375 1753 2410 in·-

248 2436 394 2471 gressus
414 2427 612 2471 permissus.
660 2427 790 2463 Laneis
812 2439 834 2462 a
854 2439 892 2462 se
910 2427 1034 2461 amotis
1053 2426 1124 2461 lino
1139 2428 1272 2461 tantum
1291 2423 1462 2460 confectis
1481 2422 1641 2458 vestibus
1666 2433 1750 2456 usus

248 2479 315 2507 est.
364 2472 546 2520 Templum
565 2474 610 2509 de
629 2486 722 2510 more
743 2475 926 2521 ingressus
947 2474 983 2508 in
1001 2485 1114 2520 genua
1133 2473 1360 2520 procumbens
1376 2483 1440 2518 pro
1457 2469 1587 2518 populo
1615 2468 1751 2504 veniam

248 2520 428 2555 exorabat.
477 2520 537 2557 Ex
554 2521 731 2568 frequenti
747 2522 784 2556 in
805 2533 919 2568 genua
939 2521 1125 2568 procubitu
1148 2521 1249 2556 deum
1266 2531 1332 2566 pro
1359 2519 1461 2567 plebe
1483 2517 1620 2553 veniam
1643 2527 1751 2561 roga-

245 2571 326 2602 turo
349 2571 386 2602 et
405 2566 565 2604 adoranti
584 2569 628 2604 ad
648 2569 852 2604 camelorum
871 2570 984 2604 instar
1005 2580 1119 2615 genua
1137 2569 1244 2604 call-os
1265 2568 1430 2602 immanes
1449 2565 1686 2606 obduxerant3
1712 2567 1752 2598 et

249 2625 294 2648 ex
307 2614 490 2650 eminentis
511 2615 667 2652 iustitiae
681 2617 805 2652 merito
826 2617 942 2651 Iustus
961 2620 997 2651 et
1017 2616 1140 2652 Oblias
1152 2642 1163 2659 ‚
1199 2615 1299 2661 quasi
1318 2614 1544 2660 sepimentum
1566 2614 1603 2646 et
1627 2610 1750 2657 populi

248 2661 417 2696 iustitiam
433 2661 583 2706 diceres,
598 2663 698 2699 iuxta
715 2664 960 2711 prophetarum
979 2663 1022 2698 de
1036 2663 1097 2698 illo
1115 2663 1297 2706 vaticinia,
1314 2661 1510 2698 dicebatur.
1542 2658 1598 2693 Ex
1614 2665 1750 2703 septem

245 2707 365 2755 itaque
386 2709 590 2745 Iudaeorum
606 2711 711 2746 sectis
734 2711 842 2757 (illae
861 2723 944 2746 vero
965 2710 1115 2757 propriis
1141 2710 1186 2745 de
1211 2720 1423 2757 unaquaque
1441 2704 1697 2741 commentariis
1727 2716 1750 2740 a

245 2766 299 2789 me
317 2756 516 2803 descriptae
533 2758 644 2804 sunt)
663 2757 930 2804 interrogabant
954 2758 1121 2793 nonnulli.
1169 2758 1272 2800 Quae
1295 2761 1419 2804 porta,
1445 2753 1510 2788 hoc
1534 2756 1590 2788 est
1618 2751 1748 2795 exitus,

244 2800 325 2836 Iesu
344 2804 425 2838 est?
449 2805 504 2839 Ad
522 2817 613 2851 quae
631 2805 692 2840 illo
713 2805 922 2841 salvatorem
944 2817 1021 2840 eum
1044 2809 1243 2848 asserente,
1270 2809 1311 2839 ut
1330 2803 1446 2838 Iesum
1470 2800 1648 2835 Christum
1668 2810 1749 2834 esse

245 2849 429 2904 crederent
448 2851 588 2897 quidam
610 2852 752 2888 adducti
772 2857 864 2888 sunt.
908 2852 1211 2888 Resurrectionem
1230 2863 1336 2893 vero,
1362 2850 1422 2885 vel
1450 2845 1747 2892 etiamsoperibue

244 2896 459 2943 singulorum
483 2899 652 2936 hominum
674 2899 919 2936 retributorem
939 2899 1128 2937 affuturum
1147 2912 1193 2937 ex
1218 2897 1416 2936 memoratis
1433 2896 1542 2932 sectis
1566 2894 1627 2931 alii
1650 2892 1747 2930 nulla
