1800 3236
226 169 330 221 598
702 175 961 223 GEORGII
991 174 1278 223 SYNCELLI
1351 159 1355 161 ’

225 284 460 347 ἀπεγράφη.
506 283 601 332 τότε
642 291 730 333 τῶν
766 286 935 347 ἡμερῶν
959 291 1038 345 τῆς
1069 285 1313 348 ἀπορρήτου
1351 284 1603 347 συλλήψεως
1631 295 1742 347 πλη-

225 356 410 404 σθεισῶν
439 361 494 417 τῇ
512 356 747 416 θεομήτορι
763 357 895 403 ἔτεκεν
914 356 1143 417 ὑπερφυῶς
1162 359 1236 404 τὸν
1254 359 1348 404 υἱὸν
1377 360 1509 418 αὐτῆς
1527 359 1601 404 τὸν
1622 378 1742 419 πρω-

222 428 399 475 τότοκον
433 430 503 473 καὶ
534 426 830 486 ε’σπαργάνωσε
865 430 936 473 καὶ
974 428 1181 475 ἀνέκλινεν
1227 430 1358 476 αὐτὸν
1388 432 1432 476 ἓν
1467 435 1520 490 τῇ
1544 449 1740 491 παρατυ-

218 492 357 560 χοῦσῃ
386 499 496 544 κατὰ
513 498 563 542 τὸ
582 496 789 555 θεοόόχον
806 497 1014 561 σπήλαιον
1037 497 1201 560 φάτνῃ,
1239 501 1310 546 διὰ
1335 501 1384 547 τὸ
1402 501 1463 559 μὴ
1485 501 1590 558 {figent
1609 500 1741 547 τόπον

186 572 272 615 Βέν
301 575 362 631 τῷ
391 566 672 625 καταλύματι.
710 567 870 628 ταύτης
900 574 978 628 τῆς
1009 571 1119 615 κατὰ
1147 571 1225 630 τὴν
1250 572 1771 633 Ἰουδαίανάπογραφῆςὸ

223 640 307 686 ὑπὸ
339 645 417 697 τῆς
442 637 676 698 συγκλήτου
695 645 857 698 βουλῆς
873 643 1077 700 Κυρίνιος
1099 643 1349 701 ἐπιμελητὴς
1369 644 1611 703 ἐξεπέμφθη
1630 644 1741 688 κατὰ

223 710 321 756 τόδε
353 710 402 755 τὸ
426 710 625 767 κοσμικόν
645 710 739 763 ἔτος
749 745 763 766 ‚
804 711 958 757 οὐσιῶν
976 714 1046 757 καὶ
1067 711 1300 772 οἰκητόρων
1320 713 1571 774 ἀναγραφὰς
1592 712 1740 759 ποιού-

221 798 359 838 μενος.
398 779 507 839 αὕτη
524 781 620 841 γὰρ,
640 783 771 842 φησὶν
793 779 815 827 ὃ
834 787 954 835 θεῖος
971 777 1168 839 Λουκᾶς,
1189 782 1217 841 ἡ
1237 784 1465 845 ἀπογραφὴ
1483 783 1629 845 πρώτη
1651 785 1740 844 ἐγέ·

221 870 313 898 νετο
332 850 654 911 ἡγεμονεύοντος
671 853 832 914 Συρίας
851 855 1072 914 Κυρινίου.

665 974 998 1018 ΚΟΣΜΟΥ
1028 974 1185 1016 ΕΤΗ
1217 969 1311 1035 ,εφῆ
1751 989 1799 1026 10

553 1070 644 1124 Τῆς
676 1067 801 1119 θείας
827 1064 1191 1127 ἓνανθρωπήσεως
1219 1064 1313 1118 ἔτος
1347 1064 1401 1111 α’.

326 1147 646 1207 Πληρωθέντος
677 1153 755 1193 τοῦ
789 1146 869 1210 ‘ego'
898 1151 967 1193 καὶ
1005 1149 1241 1208 ἀρξαμένου
1276 1153 1352 1193 τοῦ
1384 1146 1493 1210 ,εφοί
1529 1146 1552 1193 ὃ
1581 1149 1738 1207 ποιμὴν

221 1215 244 1262 ὃ
269 1217 397 1269 καλὸς
415 1218 616 1275 ποιμένας
633 1216 829 1278 πρώτους
849 1219 909 1262 δι’
934 1219 1115 1277 ἀγγέλων
1137 1221 1196 1271 εἷς
1216 1219 1323 1263 θέαν
1344 1222 1413 1263 καὶ
1433 1219 1563 1277 ἀκοὴν
1582 1237 1738 1278 προσε-

217 1287 424 1332 καλέσατο
457 1293 544 1334 τῶν
572 1286 842 1348 ἀπορρήτων.
882 1287 904 1333 ὃ
937 1289 1067 1340 αὐτὸς
1092 1288 1154 1333 δι’
1185 1289 1362 1349 ἀστέρος
1391 1288 1546 1348 ὁδηγοῦ
1573 1289 1737 1348 μάγους

183 1358 283 1408 Οεῗς
311 1359 574 1418 δορυφορίαν
605 1361 675 1403 καὶ
713 1357 996 1418 προσκύνησιν
1026 1357 1307 1405 ἐπεσπάσατο.
1355 1364 1409 1419 τῇ
1441 1359 1569 1419 ὀγδόῃ
1598 1360 1734 1423 ἡμέρᾳ
1748 1371 1793 1407 15

217 1428 457 1487 περιέτεμον
493 1430 568 1474 τὸν
600 1428 744 1488 κύριον
773 1432 844 1474 καὶ
873 1435 926 1490 τῇ
946 1435 1266 1490 τεσσαρακοστῇ
1296 1428 1506 1489 ἀνήγαγον
1527 1432 1657 1477 αὐτὸν
1678 1435 1736 1485 εἷς

214 1496 488 1559 Ἱεροσόλυμα
518 1500 627 1544 κατὰ
657 1500 732 1544 τὸν
766 1499 898 1557 νόμον
928 1502 1165 1553 Μωῢσέως.
1202 1499 1325 1559 ἡνίκα
1357 1503 1427 1545 καὶ
1449 1503 1624 1558 Συμεών
1648 1522 1736 1548 πα-

59 1578 102 1613 V.
127 1581 198 1619 252
222 1570 383 1629 ραστὰς
405 1571 705 1629 ἐνηγκαλίσατο
728 1571 802 1616 τὸν
821 1570 1128 1631 πλαστουργόν.
1158 1564 1287 1616 ’Άννα
1306 1576 1517 1631 προφῆτις
1535 1572 1734 1633 θυγάτηρ

222 1641 425 1699 Φανουὴλ
457 1646 683 1699 συμπαρῆν
714 1641 1114 1700 ἀνθομολογουμένη
1145 1647 1205 1704 τῷ
1236 1642 1296 1687 δι’
1333 1641 1448 1701 ἡμᾶς
1465 1643 1731 1701 νηπιάσαντι.

217 1716 295 1755 τοῦ
318 1713 365 1756 δὲ
387 1709 549 1769 κόσμου
570 1707 624 1770 ἦν
643 1712 737 1764 ἔτος
760 1710 883 1775 ,εφα’.
1741 1722 1792 1760 20

313 1822 348 1859 4.
375 1821 502 1873 φάτνῃ
525 1837 571 1860 m.
595 1822 636 1862 ἐν
661 1824 790 1875 φάτνῃ
817 1825 868 1862 G.
982 1826 1019 1863 5.
1045 1821 1274 1873 ἀπογραφῆς
1296 1826 1340 1861 Β.
1364 1822 1576 1873 ἐπιγραφῆς
1600 1828 1649 1863 G.

312 1873 348 1909 8.
372 1872 504 1919 φησὶν]
533 1871 608 1920 ἔφη
633 1873 682 1911 G.
798 1875 855 1911 13.
880 1872 944 1910 καὶ
961 1873 1216 1932 ποιμέναςὶθτ.
1330 1874 1388 1911 15.
1414 1876 1664 1924 δωροφορίαν
1687 1876 1729 1912 Β.

381 1921 440 1957 18.
464 1920 666 1969 προφήτης
688 1920 730 1956 Β.
837 1922 895 1959 19.
920 1934 989 1958 του
1014 1923 1193 1968 Φανουήλ,
1217 1921 1268 1959 G.

216 2012 350 2050 familie
369 2013 488 2050 David
501 2040 512 2058 ‚
534 2014 730 2051 recensitus
749 2018 816 2052 est.
862 2014 1055 2062 Completis
1074 2014 1214 2051 interim
1245 2026 1396 2051 arcanae
1428 2016 1665 2063 conceptionis
1691 2017 1729 2054 in

216 2060 425 2107 deiparente
452 2062 579 2097 diebus
617 2062 724 2098 filium
757 2073 856 2102 suum
889 2063 1155 2109 primogenitum
1183 2068 1324 2109 praeter
1347 2066 1494 2098 naturae
1515 2064 1671 2100 ordinem
1692 2066 1729 2100 in

215 2106 329 2143 lucem
345 2108 475 2145 editum
491 2110 612 2146 fasciis
629 2109 797 2152 involvit,
824 2114 860 2144 et
881 2111 918 2145 in
939 2111 1042 2146 obvio
1068 2122 1194 2157 specus
1215 2110 1324 2146 divini
1340 2110 1435 2144 illius
1455 2111 1598 2156 hospitii
1623 2125 1728 2158 prae·-

215 2154 316 2201 sepi,
339 2156 409 2191 loci
427 2168 493 2203 per
512 2162 625 2193 totum
644 2156 876 2192 diversorium
903 2157 1049 2194 alterius
1074 2158 1239 2200 defectu,
1263 2157 1457 2192 reclinavit.
1505 2158 1728 2205 Descriptio-

214 2200 268 2236 nis
294 2201 400 2237 huius
423 2207 564 2239 senatus
594 2205 751 2239 consulto
779 2203 945 2239 decretae
982 2217 1067 2240 onus
1090 2204 1237 2250 Cyrinio
1265 2203 1464 2250 impositum
1491 2213 1681 2251 praesente
1706 2220 1728 2243 a

214 2248 330 2283 mundi
354 2249 495 2285 conditu
523 2263 611 2286 anno
640 2251 790 2297 (5500)
820 2255 858 2286 et
885 2252 1125 2298 possessiones
1153 2250 1356 2296 incolasque
1385 2262 1502 2286 omnes
1523 2254 1727 2298 recensuit3

214 2296 282 2331 hoc
301 2296 392 2332 enim
412 2297 464 2333 ita
482 2296 622 2333 divinus
639 2299 754 2334 Lucas
772 2298 997 2342 enunciavit3
1021 2299 1111 2334 haec
1127 2296 1319 2346 descriptio
1335 2297 1449 2346 prima
1466 2299 1564 2335 facta
1584 2305 1640 2337 est
1659 2303 1725 2338 sub

215 2342 380 2389 praeside
401 2344 528 2393 Syriae
547 2345 708 2392 Cyrinio.

691 2415 853 2456 ANNI
881 2416 1094 2456 MUNDI
1124 2416 1253 2462 5500.

636 2483 800 2521 ΒῐνιΝΑε
827 2484 1032 2520 lucinum.
1062 2484 1121 2522 Ax.
1144 2496 1294 2523 ramus.

308 2539 408 2576 Anno
426 2552 449 2576 a
463 2541 581 2578 mundi
599 2542 741 2579 conditu
759 2544 855 2581 5500
875 2544 1064 2590 completo,
1088 2543 1228 2590 iamque
1244 2545 1336 2584 5501
1352 2547 1497 2583 ineunte
1509 2572 1522 2590 ‚
1544 2550 1721 2595 pastorum

215 2585 345 2634 primos
366 2599 569 2625 arcanorum
587 2602 724 2625 suorum
741 2596 960 2636 spectatores
979 2596 1015 2626 et
1033 2592 1210 2627 auditores
1226 2594 1429 2638 angelorum
1446 2595 1637 2630 ministerio
1658 2597 1723 2632 bo-

215 2645 282 2670 nus
300 2635 377 2680 ipse
393 2641 516 2681 pastor
533 2637 696 2672 Christus
713 2638 910 2673 advocavit.
957 2638 1053 2674 Idem
1073 2638 1151 2686 ipse
1162 2664 1173 2682 ‚
1198 2639 1300 2675 stella
1317 2641 1427 2685 duce,
1451 2654 1572 2688 magos
1599 2643 1646 2678 ad
1664 2656 1722 2679 sa-

214 2682 377 2717 tellitium
397 2687 434 2718 et
451 2684 684 2720 adorationem
710 2685 843 2722 allexit.
892 2685 961 2721 Die
976 2686 1122 2733 posthac
1140 2690 1265 2722 octavo
1290 2687 1462 2724 dominum
1479 2690 1721 2726 circumcisum

214 2740 260 2763 ex
280 2729 460 2765 mosaicae
483 2732 574 2779 legis
599 2732 819 2779 praescripto
845 2730 894 2768 40
921 2733 1140 2769 Hierusalem
1162 2734 1384 2781 deportatum
1402 2735 1494 2771 ulnis
1511 2737 1655 2773 adstans
1682 2742 1720 2773 et

214 2775 338 2811 obvius
361 2777 502 2813 Simeon
524 2791 638 2814 rerum
666 2780 816 2814 omnium
848 2778 1008 2826 opificem
1033 2780 1232 2827 complexus
1258 2787 1324 2817 est.
1371 2784 1473 2818 Anna
1493 2785 1720 2830 prophetissa

214 2821 372 2858 Phanuel
392 2824 465 2860 filia
482 2826 610 2862 sociam
626 2838 666 2861 se
682 2827 874 2872 adiungens
885 2853 897 2869 ‚
924 2827 990 2862 deo
1011 2833 1159 2874 propter
1177 2840 1241 2863 nos
1257 2830 1479 2877 puerascenti
1497 2837 1653 2868 mutuum
1663 2837 1717 2868 te-

214 2869 408 2908 stimonium
421 2873 590 2911 reddidit.
637 2873 730 2911 Erat
748 2885 856 2923 porro
873 2874 992 2912 mundi
1011 2886 1123 2913 annus
1140 2876 1247 2915 5501.
