1800 3236
568 180 1094 233 CHRONOGRAPHIA.
1298 188 1303 192 ’
1478 185 1581 235 715

183 294 313 339 Μετὰ
332 291 502 339 Γάλλον
518 295 588 338 καὶ
611 295 929 341 Βουλουσιανόν
946 296 1023 340 τὸν
1049 297 1205 341 Δεκίου
1236 302 1368 344 παῖδα
1395 303 1580 361 διαδέχε-

79 382 151 409 ται
182 365 262 422 τὴν
287 361 506 420 Ῥωμαίων
536 364 671 423 ἀρχὴν
696 366 913 423 Ἴκοιτάμέν
933 367 1035 418 τούς
1051 369 1269 420 πλείστους
1299 371 1580 431 Οὐαλεριανὸς

78 437 150 480 καὶ
181 438 223 479 Γ
219 435 390 492 αλιηνὸς
417 443 518 486 παῖς
549 435 696 481 αὐτοῦ.
741 435 905 482 τούτων
936 437 1244 497 ἀναιρεθέντων
1269 444 1477 504 προδοσίᾳ
1509 449 1580 490 καὶ

77 510 157 563 τῆς
179 507 333 557 οῗκείας
351 504 568 560 δυνάμεως
576 540 590 560 ,
630 504 688 558 ὥς
706 509 974 566 προείρηται,
1012 514 1214 566 κρατοῦσι
1237 515 1313 568 τῆς
1346 512 1479 571 αὐτῆς
1500 515 1578 575 ἀρ-

48 583 71 620 5
76 581 158 634 χῆς
187 576 260 634 ἴτη
282 574 343 631 ιε’,
379 577 488 620 κατὰ
508 578 558 621 δέ
574 595 692 629 τινας
710 578 964 634 Αἰμιλιανὸς
979 583 1119 637 τριετῆ
1138 584 1387 639 προΐσταται
1403 583 1571 643 χρόνον,
1585 600 1616 636 c

77 648 148 690 καὶ
167 644 321 690 τούτου
340 647 448 691 κατὰ
467 646 636 705 γνώμην
649 648 945 707 ἀναιρεθέντος
966 649 1252 710 Οὐαλεριανοῢ
1271 650 1294 697 ὅ
1313 653 1442 707 αὐτὸς
1462 656 1580 701 Οὐα-

76 717 267 777 λεριανὸς
280 715 497 774 Ῥωμαίων
516 719 716 774 βασιλεὺς
736 720 970 777 ἀνεδείχθη.

177 787 269 831 Ἐπὶ
291 787 579 846 Οὗαλεριανοῦ
603 790 651 833 δὲ
669 791 738 834 καὶ
762 793 805 834 Γ
802 794 973 848 αλιηνοῦ
994 787 1120 835 πάλιν
1145 791 1187 835 οἵ
1209 789 1376 837 Σκύθαι
1398 794 1577 851 διαβάν-

74 874 145 910 τες
164 857 239 902 τὸν
249 857 418 918 Ἴστρον
436 859 630 916 ποταμὸν
655 858 733 917 τήν
761 878 807 905 τε
837 859 1012 922 Θρᾴκην
1030 859 1200 918 ἐλήισαν
1221 864 1292 906 καὶ
1317 865 1575 910 Θεσσαλονί-

18 936 66 973 10
76 946 155 986 κην
172 926 477 988 ἐπολιόρκησαν
497 930 576 986 τὴν
598 929 807 989 Ἰλλυρίδα
829 929 976 985 πόλιν,
1015 931 1136 976 οὐδὲν
1156 931 1328 991 ἶίριστον
1357 935 1428 978 ἐπ’
1463 936 1573 996 αὐτῇ

75 996 308 1058 δράσαντες
327 1004 382 1058 τῇ
398 1004 483 1044 τῶν
504 997 704 1059 φυλάκων
724 1001 907 1064 ἀνδρείᾳ.
945 1001 1016 1045 διὰ
1033 1005 1160 1046 τοῦτο
1180 1005 1463 1060 ταραχθέντες
1475 1006 1574 1050 Ἓλ-

77 1073 200 1125 ληνες
220 1069 300 1120 τὰς
323 1069 606 1128 Θερμοπύλας
628 1069 897 1130 ἐφρούρησαν
913 1085 924 1096 ·
958 1070 1054 1116 τότε
1074 1079 1209 1129 τεῖχος
1222 1074 1443 1131 Ἀθηναῖοι
1463 1076 1574 1136 ἄνῳ-

73 1138 317 1196 κοδόμησαν
336 1141 600 1199 καθαιρεθέν
618 1141 701 1185 ἀπὸ
725 1146 812 1186 τῶν
835 1140 1001 1187 Σύλλου
1014 1141 1204 1201 χρόνων,
1241 1145 1574 1204 Πελοποννήσιοι

73 1211 120 1254 δέ
150 1209 235 1254 ἀπὸ
267 1209 496 1268 θαλάσσης
521 1213 579 1263 εἷς
602 1209 832 1256 θάλασσαν
863 1212 938 1257 τὸν
963 1213 1139 1269 Ἰσθμὸν
1159 1216 1426 1272 διετείχισαν,
1463 1218 1504 1262 οἷ
1525 1219 1573 1262 δὲ

18 1289 63 1326 15
74 1279 245 1325 Σκύθαι
263 1281 372 1336 μετὰ
386 1285 555 1326 πολλῶν
574 1280 779 1340 λαφύρων
804 1284 861 1334 εἲς
881 1282 936 1327 τὰ
955 1282 1042 1326 ἴδια
1058 1278 1209 1340 ἦλθον.

171 1350 266 1394 Ἐπὶ
285 1348 453 1402 τούτοις
472 1353 541 1395 καὶ
560 1350 772 1410 Σαπώρης
789 1350 811 1397 ὃ
831 1357 916 1397 τῶν
932 1356 1114 1412 Περσῶν
1133 1354 1332 1409 βασιλεύς
1348 1359 1605 1415 καταδρα-Ι)

70 1421 164 1478 μῶν
181 1422 342 1479 Συρίαν
359 1416 491 1478 ἦλθεν
511 1424 567 1473 εἷς
580 1420 831 1478 Ἀντιόχειαν
854 1425 923 1466 καὶ
942 1427 1084 1467 πᾶσαν
1102 1426 1411 1469 Καππαδοκίαν
1433 1426 1567 1485 ἐδῄω-

70 1509 130 1538 σε.
178 1495 255 1536 τοῦ
283 1491 331 1535 δὲ
357 1489 591 1547 Ῥωμαϊκοῦ
629 1497 816 1551 στρατοῦ
843 1491 1103 1549 λιμώξαντος
1125 1495 1168 1538 ἓν
1188 1494 1357 1554 Ἔδὲσῃ,
1395 1499 1464 1539 καὶ
1492 1497 1563 1542 διὰ
1585 1511 1628 1549 v,
1647 1512 1719 1551 304

68 1566 198 1606 τοῦτο
228 1562 518 1621 ταραχθέντος
552 1561 838 1621 Οὐαλεριανὸς
865 1565 1070 1619 πτοηθεὶς
1105 1566 1175 1607 καὶ
1205 1564 1568 1623 σχηματισάμενος

13 1633 139 1677 suini
162 1632 361 1692 δευτέραν
385 1632 489 1677 ἰέναι
515 1630 657 1690 μάχην
686 1631 837 1677 ἑαυτὸν
863 1632 1080 1692 προύδωκε
1106 1639 1168 1694 τῷ
1192 1637 1373 1694 Περσῶν
1401 1640 1572 1690 βασιλεῖ

71 1701 288 1762 Σαπῶρῃ,
327 1703 582 1759 συνθέμενος
605 1705 675 1747 καὶ
703 1703 781 1760 τὴν
803 1708 880 1748 τοῦ
899 1701 1095 1761 πλήθους
1122 1706 1376 1763 προδοσίαν,
1410 1705 1463 1763 ἢν
1496 1709 1566 1751 αἶ’-

70 1772 281 1830 σθόμενοι
290 1772 488 1831 Ῥωμαῖοι
504 1771 628 1831 μόλις
649 1773 844 1833 διέφυγον
865 1773 1011 1833 ὀλίγων
1039 1773 1356 1834 ἀναιρεθέντων.
1393 1775 1467 1828 οὓς
1484 1794 1563 1821 κα-

160 1887 198 1925 8.
222 1887 340 1933 Vulgo
350 1885 513 1929 Γαλινός
531 1890 569 1922 et
586 1886 680 1922 infra
696 1886 874 1923 Γαλινοῦ.
964 1887 1024 1924 16.
1045 1884 1124 1932 καὶ]
1138 1885 1200 1923 καὶ
1213 1882 1235 1924 ὅ
1251 1886 1299 1922 G.
1392 1888 1452 1925 17.
1474 1887 1562 1924 Vul-

162 1947 211 1980 go
241 1933 410 1971 ἐδίωσεν.
450 1933 614 1971 Correxit
631 1934 792 1980 Scaliger
814 1945 853 1980 p.
878 1933 937 1970 85.
1064 1936 1122 1972 19.
1154 1931 1404 1980 ταραχθέντες
1425 1936 1466 1971 Α.

161 1983 226 2026 20.
248 1982 316 2031 τῷ]
341 1983 419 2018 ταῖν
442 1983 485 2018 Δ.
577 1991 582 1994 ’
614 1982 676 2019 21.
703 1982 775 2019 τοῦ
798 1978 974 2029 πλήθους
996 1981 1205 2029 προδοσίαν
1229 1982 1273 2018 Ρ.
1305 1979 1429 2020 αὐτοῦ
1444 1994 1559 2032 στρα-

161 2030 268 2067 τείαν
289 2028 471 2076 προδόσει
492 2030 542 2066 G.

161 2125 251 2162 Post
277 2125 420 2161 Gallum
447 2127 484 2160 et
510 2121 733 2159 Volusianum
767 2121 870 2159 Decii
904 2122 1031 2166 filium,
1066 2121 1295 2167 Valerianus,
1327 2125 1371 2159 ut
1399 2123 1560 2171 pluribus

66 2172 205 2219 placet,
228 2184 304 2209 cum
322 2173 406 2208 filio>
420 2171 582 2207 Gallieno
603 2170 760 2217 suscepit
781 2169 972 2218 imperium.
1018 2169 1113 2214 Illis,
1136 2174 1178 2205 ut
1193 2170 1450 2217 praemisimus,
1474 2183 1558 2217 pro-

67 2219 137 2267 prii
165 2222 342 2256 exercitus
373 2219 572 2268 proditione
598 2218 766 2261 sublatis,
806 2217 867 2253 isti
896 2220 1104 2264 potestatem
1132 2217 1275 2252 eandem
1299 2222 1559 2264 consequuntur

67 2266 170 2302 annis
185 2267 393 2313 quindecim.
441 2266 664 2302 Aemilianum
686 2269 801 2300 tamen
819 2264 983 2300 triennali
1003 2264 1150 2311 imperio
1171 2276 1232 2299 eos
1251 2265 1486 2311 praecessisse
1501 2266 1557 2300 af-

67 2314 229 2357 firmant3
252 2326 321 2361 quo
341 2326 385 2350 ex
398 2313 581 2349 Valeriani
606 2323 774 2348 consensu
792 2311 870 2348 neci
889 2311 1042 2355 tradito,
1061 2311 1140 2358 ipse
1156 2311 1363 2348 Valerianus
1382 2311 1556 2348 Romano-

66 2372 144 2397 rum
159 2361 210 2396 Im
236 2366 355 2397 erator
371 2362 602 2409 proclamatus
619 2365 686 2396 est.

162 2373 351 2459 Valeriano
385 2413 422 2443 et
451 2408 613 2444 Gallieno
647 2406 896 2454 imperantibus
926 2405 1082 2453 Scythae
1116 2404 1267 2442 traiecto
1298 2404 1438 2440 flumine
1463 2404 1553 2439 Istro

67 2454 258 2501 Thraciam
282 2467 419 2491 rursum
448 2455 611 2503 praedati
637 2454 922 2490 Thessalonicam
950 2453 1141 2500 lllyriorum
1173 2454 1294 2488 urbem
1322 2452 1555 2492 obsederunt3

67 2501 161 2540 nullo
180 2506 296 2537 tamen
311 2502 455 2538 virtutis
472 2501 795 2549 editospecimine,
820 2511 955 2543 eorum,
979 2500 1039 2549 qui
1055 2501 1245 2536 tuebantur
1268 2500 1406 2540 urbem,
1430 2498 1554 2533 robore

66 2548 202 2596 repulsi
232 2553 324 2584 sunt.
382 2549 515 2585 Graeci
538 2554 635 2584 metu
660 2548 811 2596 perculsi
839 2547 1092 2594 Thermopylas
1125 2547 1230 2582 missa
1259 2545 1415 2581 custodia
1448 2543 1553 2580 tutati

66 2596 174 2641 sunt,
207 2595 438 2637 Athenienses
468 2608 601 2632 murum
629 2607 651 2631 a
676 2595 798 2642 Syllae
825 2595 1039 2642 temporibus
1070 2593 1221 2629 dirutum
1254 2594 1550 2635 restauraverunt,

65 2641 313 2700 Peloponnesii
330 2655 352 2678 a
365 2643 453 2678 mari
471 2644 516 2679 ad
533 2654 628 2678 mare
635 2642 798 2678 Isthmum
817 2653 915 2679 muro
930 2645 1128 2678 constructo
1136 2639 1373 2682 muniveruut3
1395 2637 1551 2684 Scythae

66 2700 153 2750 ve'ro
159 2690 916 2784 ἧξξιὶὶἕέῐῖῗέἕιὲοέἒῧοὶζῳὲἔῗὲτυω
932 2747 998 2772 rex
1015 2734 1121 2781 Syria
1136 2731 1395 2769 excursionibus
1412 2731 1549 2765 vastata

66 2784 205 2831 lippum?
234 2784 474 2828 Antiochiam,
498 2787 535 2820 et
559 2795 604 2820 ex
624 2783 715 2819 omni
735 2783 962 2832 Cappadocia
985 2782 1133 2829 praedas
1158 2779 1243 2825 egit.
1288 2779 1440 2813 Romano
1463 2787 1547 2811 vero

66 2830 225 2866 exercitu
246 2831 290 2867 ad
314 2831 484 2867 Edessam
499 2833 592 2867 fame
609 2842 781 2878 oppresso
804 2836 843 2866 et
865 2829 1112 2871 tumultuante,
1137 2826 1340 2881 Valerianus
1362 2823 1546 2879 secantium

65 2877 242 2913 certamen
266 2878 357 2913 inire
374 2879 526 2921 veritus,
550 2878 672 2914 habitu
693 2881 825 2914 mutato
844 2877 939 2923 regis
961 2877 1143 2911 Persarum
1161 2874 1305 2919 Saporls
1323 2874 1487 2917 potestati
1509 2880 1548 2923 se

65 2925 265 2969 comittit,
288 2925 457 2975 reliquum
476 2927 582 2964 etiam
602 2926 791 2962 exereitum
805 2925 955 2973 prodere
969 2922 1153 2971 pollicitus.
1187 2918 1335 2956 Consilii
1352 2915 1546 2954 istiusmodi
