1800 3236
559 173 1092 219 CHRONOGRAPHIA.
1449 166 1456 175 ’
1478 173 1582 222 625

183 283 235 333 ‘O
267 282 515 338 αῧτὸςτοῦς
540 284 590 328 ἐν
604 285 782 344 ἑξοριάις
805 283 963 329 ἀνελών
983 281 1161 342 ὕστερον
1179 282 1262 329 §aa
1285 291 1369 345 τῶν
1389 290 1432 332 ἐν
1450 307 1581 349 στρα-

84 358 213 410 τείαις
228 354 443 414 ἐπισήμων
465 353 668 412 ἀνῃρέθη.

195 421 334 478 Οὗτος
358 427 427 471 καὶ
456 424 530 468 τὸν
556 422 729 468 Ἰούλιον
749 423 896 468 Κανόν
922 422 995 468 ἕνα
1013 427 1100 468 τῶν
1119 427 1319 469 Στωϊκῶν
1339 425 1582 486 φιλοσόφων

86 497 234 552 ἀνεῖλε,
273 498 366 555 περὶ
387 489 436 539 οὗ
459 492 699 553 παράδοξον
710 493 920 551 Ἓλλησιν,
945 491 1002 545 ὥς
1020 496 1146 548 δοκῶ,
1183 493 1429 540 πέπλασται.
1465 497 1617 545 ἀπα-1)

53 565 258 625 5γόμενος
288 566 370 625 γὰρ
403 565 511 624 πρὸς
535 564 583 608 τὸ
616 569 763 608 θανεῖν
789 562 1011 623 ἀταράχως
1029 565 1194 621 λέγεταί
1209 581 1288 607 τινι
1308 569 1392 609 τῶν
1405 564 1582 624 ἑταίρων

75 635 275 697 Ἀντιόχῳ
312 634 500 691 τοῦνομα
522 639 715 680 Σελευκεΐ
732 634 996 694 συνεπομένῳ
1019 640 1252 693 προσειπεῖν
1276 631 1334 685 ὥς
1355 635 1583 688 ἐπεύξεται

85 699 203 767 αὐτῷ
231 705 337 750 κατὰ
366 705 443 763 τὴν
473 705 605 762 αὐτὴν
639 703 771 749 νύκτα
799 704 907 760 μετὰ
924 703 1002 761 τὴν
1018 703 1161 756 ἔξοδον
1181 705 1251 748 καὶ
1271 705 1513 764 διαπορήσει
1541 724 1584 751 τι

83 781 172 834 τῶν
203 779 394 833 σπουδῆς
423 775 573 830 ἀξίων,
611 776 680 818 καὶ
718 773 780 818 ὅτι
814 774 921 829 μετὰ
942 781 1053 832 τρεῖς
1072 772 1231 832 ἡμέρας
1246 771 1405 826 Ῥέκτος
1424 774 1481 827 εἷς
1499 781 1583 822 τῶν

85 845 262 904 ἑταίρων
289 844 371 890 ὕπὸ
411 848 454 889 Γ
451 848 545 889 αι”ου
567 843 889 903 φονευθήσεται.
928 842 956 886 ἃ
972 845 1042 888 καὶ
1067 845 1226 901 γέγονε,
1264 848 1342 888 τοῦ
1365 846 1442 901 μὲν
1462 845 1583 891 ἄναι-

26 921 73 957 10
85 917 286 975 ρεθέντοςι
303 916 516 972 τριταιόυ,
555 919 632 958 τοῦ
670 915 716 958 δὲ
739 911 952 969 Ἀντιόχου
983 913 1062 970 τὴν
1088 914 1270 969 ἐποψιάν
1292 913 1478 966 εἰπόντος
1507 922 1583 974 τῆς

82 987 232 1038 νυκτὸς
251 985 314 1030 ὅτι
333 986 475 1045 φανεὶς
489 982 663 1035 Ἰούλιος
680 983 825 1034 Κανός
843 983 899 1026 τὰ
916 984 1009 1041 περὶ
1035 985 1236 1040 διαμονῆς
1252 987 1328 1040 τῆς
1345 991 1487 1042 ψυχῆς
1512 990 1582 1030 καὶ

83 1056 388 1115 καθαρωτέρας
420 1053 562 1113 φωτὸς
589 1053 697 1109 μετὰ
722 1053 799 1111 τὴν
827 1052 974 1106 ἔξοδον
1002 1050 1244 1111 διηγήσατο.
1279 1058 1415 1099 ταῦτα
1434 1054 1583 1101 Πλού-

82 1124 280 1184 ταρχοςὸ
302 1123 548 1183 Χαιρωνεῦς
567 1124 735 1189 ἱστορεῖ.

113 1196 327 1242 Ἰουδαίων
344 1192 585 1254 ἀλλόφυλος
606 1192 642 1238 δ’
656 1190 853 1252 Ἡρώδου
869 1198 970 1245 παῖς
982 1191 1211 1252 Ἀγρίππας
1231 1191 1302 1250 ἴτη
1325 1192 1359 1246 ζ’
1361 1228 1372 1237 .

26 1328 74 1366 15
524 1312 794 1356 KOEMOY
821 1311 955 1353 ETH
985 1307 1138 1371 ἐφλθ’.
1604 1317 1645 1352 Ρ.
1663 1317 1732 1354 331

453 1396 545 1450 Τῆς
578 1392 700 1443 θειάς
735 1388 984 1450 σαρκώσεως
1019 1389 1089 1447 ἔτη
1131 1387 1217 1434 λθ’.

180 1472 409 1534 Ἀγρίππας
434 1471 629 1532 Ἡρώδου
652 1479 751 1524 παῖς
771 1474 836 1516 ἐπὶ
858 1472 1055 1530 Τιβερίου
1079 1470 1300 1528 Καίσαρος
1322 1472 1583 1529 φρουρηθεῖς

85 1544 154 1589 διὰ
182 1545 259 1596 τὰς
292 1544 400 1588 κατὰ
428 1548 504 1588 τοῦ
534 1545 642 1587 ἰδίου
669 1543 830 1601 πατρὸς
856 1542 1108 1599 κατηγορίας
1128 1542 1197 1583 καὶ
1223 1540 1387 1591 ἀνεθεὶς
1402 1545 1487 1584 τῶν
1512 1543 1583 1585 δε-

84 1620 203 1671 σμῶν
220 1613 302 1659 ὖπό
323 1618 364 1658 Γ
361 1617 454 1658 α’ίου
475 1615 697 1672 Καίσαρος
715 1612 911 1668 βασιλεὺς
927 1611 1141 1655 Ἰουδαίων
1161 1609 1420 1665 ἐκπέμπεται.
1442 1608 1583 1668 Ἡρώ-

26 1688 164 1743 2οδης
197 1686 243 1729 δὲ
275 1683 297 1729 ὅ
325 1683 478 1728 τούτου
515 1683 655 1742 πατὴρ
687 1684 731 1727 ἓν
758 1679 996 1742 Λουγδόνῳ
1028 1685 1104 1737 τῆς
1120 1681 1334 1731 Γαλατίας
1352 1680 1584 1738 ἔξορισθεὶς

179 1786 214 1821 1.
240 1783 433 1830 στρατίαις
455 1783 499 1818 Β.
620 1783 655 1819 3.
691 1780 808 1818 κανὸν
830 1780 873 1817 Ρ.
905 1778 1046 1817 Κανών
1061 1779 1108 1814 G.
1215 1779 1383 1814 στωϊκαῒυ
1399 1779 1441 1814 Α.
1466 1781 1583 1815 ἴστοι-

177 1832 256 1869 κῶν
275 1832 318 1869 Β.
339 1829 513 1867 Στοϊκαῖν
523 1829 572 1864 G.
668 1829 703 1865 5.
727 1826 862 1874 ἑτέρων
878 1828 921 1862 Β.
1018 1829 1075 1863 10.
1098 1826 1268 1870 τριταίου
1282 1827 1354 1861 BP.
1378 1826 1523 1872 τριτίου
1533 1826 1583 1862 G.

233 1879 291 1917 12.
306 1876 578 1923 καθαρωτέρου
590 1877 638 1912 G.
709 1877 765 1913 13.
777 1872 974 1921 χειρωυεῦς
984 1875 1025 1908 Α.
1048 1871 1237 1919 χειρονεύς
1250 1873 1292 1908 Β.
1310 1871 1522 1917 Χαιρονεῦς
1532 1873 1582 1909 G.

252 1926 310 1962 15.
334 1926 405 1962 τοῦ
424 1922 569 1970 κόσμου
593 1923 667 1959 ΑΒ.
762 1925 818 1959 16.
844 1921 926 1963 ἔτος
945 1922 1019 1957 ΑΒ.
1112 1922 1171 1957 20.
1194 1916 1375 1967 Λογδόνῳ
1391 1920 1438 1954 G.
1461 1924 1585 1964 Λουγ-

179 1970 305 2023 ᾂοῦυῳ
319 1973 482 2018 Scaliger
491 1984 527 2019 p.
537 1972 596 2008 78.
675 1969 878 2015 Γαλατίας]
888 1968 1004 2014 Vulgo
1015 1968 1229 2010 Γαλιλαίας.
1241 1968 1403 2009 Γαλλίας
1411 1966 1584 2013 Scaliger.

178 2054 234 2089 Ex
249 2053 294 2088 iis
314 2053 373 2100 qui
392 2054 428 2088 in
450 2052 610 2088 exsilium
637 2050 815 2098 deportati
838 2045 980 2085 Fuerant
1002 2047 1161 2096 pluribus
1180 2046 1400 2090 interfectis,
1421 2045 1500 2094 ipse
1519 2046 1585 2082 de-

86 2113 177 2138 mum
196 2113 219 2136 a
237 2100 476 2136 Praetorianis
491 2111 609 2134 necem
631 2098 722 2133 tulit.
1025 2123 1031 2128 .

179 2148 249 2184 Hic
264 2148 388 2183 Iulium
407 2148 539 2182 Canum
568 2145 701 2192 pariter
726 2143 880 2179 Stoicum
899 2141 1142 2189 philosophum
1173 2139 1243 2176 luci
1273 2139 1424 2182 exemit,
1445 2138 1492 2175 de
1514 2149 1585 2186 quo

85 2207 145 2232 res
174 2195 278 2230 fidem
306 2206 460 2236 omnem,
484 2197 526 2228 ut
550 2205 616 2238 ego
642 2191 780 2238 quidem
806 2202 911 2232 reor,
934 2201 1101 2235 superans
1128 2200 1151 2223 a
1174 2187 1323 2223 Graecis
1343 2186 1491 2221 conficta
1517 2191 1584 2221 est.

85 2243 142 2279 Ad
157 2254 276 2277 necem
293 2241 421 2277 etenim
438 2241 611 2276 abductus
622 2238 790 2274 Antiocho
808 2237 942 2272 cuidam
953 2234 1166 2272 Seleuciensi
1184 2235 1278 2270 socio
1291 2233 1452 2279 sequenti
1468 2238 1585 2268 mente

85 2290 342 2336 imperturbata
364 2286 582 2334 praedixisse
601 2287 738 2328 fertur,
762 2297 801 2319 se
820 2283 975 2330 proxima
1004 2287 1085 2329 post
1113 2282 1242 2316 obitum
1268 2285 1371 2315 nocte
1397 2279 1583 2314 affuturum

87 2342 126 2372 et
148 2335 383 2382 quaestionem
402 2334 519 2370 studio
539 2333 679 2379 dignam
690 2344 765 2367 cum
783 2343 823 2366 eo
843 2330 1078 2377 agitaturum3
1098 2328 1245 2363 Rectum
1259 2329 1400 2372 insuper
1415 2326 1583 2360 sociorum

87 2383 233 2418 alterum
252 2393 274 2415 a
293 2382 379 2416 Caio
401 2386 482 2428 post
505 2380 581 2415 dies
603 2385 677 2414 tres
699 2377 944 2420 occidendum3
970 2388 1060 2424 quae
1085 2375 1197 2411 omnia
1226 2373 1391 2422 probavit
1416 2377 1582 2413 eventus;

88 2430 156 2466 hoc
187 2428 326 2475 quidem
349 2428 426 2463 luce
456 2427 563 2462 tertia
590 2426 749 2468 sublato,
774 2424 946 2460 Antiocho
973 2435 1057 2459 vero
1085 2427 1288 2458 nocturnam
1305 2419 1470 2456 visionem
1491 2418 1584 2453 refe-

87 2480 212 2518 rente3
235 2475 345 2521 ipsum
363 2486 486 2520 nempe
504 2474 628 2508 Iulium
649 2473 784 2507 Canum
803 2484 825 2506 a
849 2483 887 2506 se
906 2474 1123 2516 conspectum
1150 2469 1194 2504 de
1219 2468 1354 2504 animae
1382 2464 1582 2500 immortali-

88 2527 165 2558 tate
181 2527 218 2557 et
233 2522 277 2557 ad
296 2521 471 2567 puriorem
487 2521 597 2555 lucem
615 2519 764 2554 transitu
790 2523 871 2565 post
895 2518 1026 2553 obitum
1052 2528 1168 2552 secum
1193 2515 1418 2556 disseruisse5
1441 2520 1581 2559 quorum

88 2569 301 2606 Plutarchus
318 2567 575 2603 Chaeronensis
596 2572 719 2601 auctor
739 2570 806 2600 est.

137 2616 345 2651 Iudaeorum
365 2626 429 2650 rex
452 2612 476 2650 4
497 2613 694 2659 alienigena
714 2612 896 2660 Agrippa,
919 2609 1071 2647 Herodis
1089 2608 1206 2652 filius,
1229 2607 1328 2644 annis
1349 2607 1385 2643 7.

566 2683 721 2724 ANNI
751 2683 955 2723 MUNDI
985 2683 1110 2727 5539·

522 2739 683 2776 Dmms
708 2739 992 2775 Inmmunoms
1024 2748 1085 2772 AN.
1109 2736 1169 2772 39.

186 2800 346 2847 Agrippa
367 2799 459 2834 filius
478 2799 633 2834 Herodis
653 2798 690 2833 in
712 2797 890 2844 proprium
910 2801 1044 2844 patrem
1064 2803 1202 2829 causam
1219 2788 1312 2836 apud
1328 2785 1510 2822 Tiberium
1527 2783 1584 2820 di-

93 2859 176 2883 cens
187 2873 199 2890 ,
221 2847 370 2882 vinculis
385 2846 593 2888 adstrictae,
617 2845 734 2891 iisque
753 2846 885 2880 solutus
904 2857 926 2879 a
944 2844 1031 2878 Caio
1048 2841 1203 2876 Caesare
1218 2836 1426 2870 Iudaeorum
1441 2843 1505 2867 rex
1522 2831 1585 2865 de-

93 2895 245 2931 claratus
267 2899 334 2930 est.
380 2894 496 2929 Huius
513 2898 616 2940 pater
632 2892 792 2929 Herodes
806 2891 1014 2939 Lugdunum
1031 2887 1172 2924 Galliae
1187 2884 1225 2919 in
1243 2881 1398 2917 exsilium
1416 2890 1486 2915 una
1510 2888 1584 2912 cum

189 2953 321 2999 Georg.
346 2952 537 2998 Syncellus.
560 2951 590 2986 Ι.
1122 2960 1127 2964 -
1250 2931 1307 2974 40
