1800 3236
250 196 349 245 184
705 184 961 248 G'EORGH
991 202 1280 249 SYNCELLI

348 317 533 372 Πρῶτος
546 311 744 373 Ἀβραὰμ
765 310 938 358 ἕκῦκλου
958 313 1007 358 τὸ
1028 309 1338 372 θυσιαστήριον
1359 309 1530 367 κλάδοις
1549 315 1748 375 φοινίκων

246 385 317 429 καὶ
341 385 502 428 ἐλαιῶν.
653 393 656 395 ’

209 467 242 503 c
307 465 314 469 ”
351 454 444 498 ’,Επὶ
466 453 661 512 Ἀβραὰμ
689 457 856 511 πρῶτος
875 450 1117 508 ὠνόμασται
1140 451 1307 510 ἄγγελος
1326 452 1370 511 ἒν
1390 458 1444 512 τῇ
1467 454 1566 516 θεία
1586 459 1742 514 γραφῇ.

346 523 468 582 Παρ’
504 524 635 567 αὐτοῦ
661 521 887 580 Αἰγύπτιοι
919 523 997 580 τὴν
1030 527 1114 566 τῶν
1148 522 1336 582 ἀστέρων
1355 525 1478 569 θέσιν
1500 526 1569 568 καὶ
1588 527 1746 582 κίνησιν

241 592 406 650 ἔμαθον
426 595 494 637 καὶ
513 593 589 650 τὴν
610 593 892 651 ἀριθμητικὴν
914 590 1158 649 ἐπιστήμην.
1749 603 1773 640 5

347 667 423 723 Τῷ
456 661 510 706 ιδ’
543 663 621 707 ἔτει
656 663 787 707 αὐτοῦ
820 661 841 708 ὃ
870 663 1065 722 Ἀβραὰμ
1088 662 1277 720 ἐπιγνοὺς
1306 662 1381 708 τὸν
1405 667 1491 725 τῶν
1513 661 1622 732 ὅλων
1642 664 1746 709 θεὸν

240 731 503 791 προσεκύνει,
539 732 594 777 τὰ
625 734 670 778 δὲ
703 733 853 777 εἴδωλα
872 737 949 778 τοῦ
972 732 1133 792 πατρὸς
1157 734 1390 791 συντρίψας
1416 734 1642 779 κατέκαυσε
1668 735 1746 779 σὺν

240 808 301 862 τῷ
322 804 434 864 οἴκῳ.
473 801 791 860 συγκατεκαύθη
814 804 858 847 δὲ
880 804 1023 855 αὐτοῖς
1045 805 1112 847 καὶ
1125 803 1281 862 Ἆρρὰν
1307 801 1328 847 ὃ
1353 803 1535 864 ἀδελφὸς
1548 805 1746 864 Ἀβραὰμ

240 873 389 929 σβέσαι
421 873 471 917 τὸ
500 878 584 931 πῦρ
615 872 876 927 σπουδάζων.
914 874 1122 918 ἐνουθέτει
1155 874 1201 917 δὲ
1223 875 1293 916 καὶ
1314 873 1388 918 τὸν
1406 876 1568 934 πατέρα
1590 874 1745 920 ἑαυτοῦ

240 944 475 1001 ἀποστῆναι
514 948 592 1000 τῆς
630 945 972 1003 εῗᾶιολολατρείας
1015 945 1085 988 καὶ
1123 945 1434 1000 εἰδωλοποιίας,
1473 944 1530 997 ὥς
1558 963 1686 1005 φησιν
1719 943 1800 990 ὅ10

232 1011 481 1070 Ἰώσηππος.

347 1082 528 1135 Τούτοις
554 1090 644 1134 τοῖς
664 1081 834 1142 χρόνοις
862 1083 1018 1141 ἤκμαζε
1056 1084 1320 1140 Μελχισεδὲκ
1349 1081 1371 1128 ὃ
1405 1088 1574 1144 πρῶτος
1600 1083 1741 1144 ἀρχιε-

200 1159 233 1195 D
247 1153 341 1211 ρεῦς
369 1155 438 1198 καὶ
467 1159 633 1213 πρῶτος
657 1154 856 1211 βασιλεῦς
874 1154 1024 1211 Σαλὴμ
1047 1155 1089 1198 ἐν
1110 1159 1163 1213 τῇ
1182 1156 1282 1215 θεία
1303 1159 1445 1213 γραφῇ
1466 1154 1743 1213 καταγγελλό-

238 1241 376 1279 μενος,
414 1225 639 1283 παρθένος,
678 1226 746 1268 καὶ
767 1223 1086 1282 ἀγενεαλόγητος
1113 1225 1157 1268 ἐν
1193 1232 1280 1276 τοῖς
1310 1227 1463 1283 λογίοις
1498 1224 1741 1284 φερόμενος,

238 1295 308 1337 καὶ
334 1295 377 1338 ἐν
397 1293 511 1354 ἄρτῳ
533 1296 602 1338 καὶ
621 1294 718 1355 οἴνῳ
739 1295 816 1351 τὴν
836 1295 1095 1351 ἀναίμακτον
1112 1297 1271 1338 θυσίαν
1292 1299 1368 1338 τοῦ
1391 1293 1606 1354 ἀμήτορος
1630 1295 1741 1341 ἄνω-
1755 1303 1800 1341 15

238 1368 318 1408 θεν
349 1366 419 1408 καὶ
440 1361 651 1423 ἆπάτορος
675 1362 867 1410 κάτωθεν
889 1369 1082 1424 Χριστοῦ
1105 1368 1181 1408 τοῦ
1201 1365 1406 1422 ἀληθινοῦ
1429 1370 1535 1409 θεοῦ
1563 1368 1633 1410 καὶ
1657 1383 1743 1411 σω-

99 1436 144 1472 V·
169 1437 215 1474 79
239 1437 366 1492 τῆρος
394 1431 515 1490 ημῶν
542 1439 767 1492 προτυπῶν
781 1449 791 1459 ·
828 1435 938 1480 καθ’
961 1434 1014 1492 ἣν
1035 1433 1262 1491 εὐλογήσας
1280 1435 1354 1480 τὸν
1368 1435 1566 1494 Ἀβραὰμ
1587 1454 1742 1492 κυριω-

237 1504 363 1562 τέραν
381 1508 458 1560 τῆς
478 1505 521 1548 ἐν
542 1502 658 1565 νόμῳ
678 1506 872 1564 λατρείας
891 1505 969 1562 τὴν
988 1503 1100 1549 καθ’
1128 1502 1241 1561 ἡμᾶς
1262 1506 1305 1548 ἓν
1324 1504 1526 1562 πνεύματι
1546 1508 1616 1550 καὶ
1636 1507 1742 1564 ἅλη-

235 1569 335 1634 θείᾳ
373 1573 556 1633 ἀπέφηνε
565 1607 579 1629 ,
620 1576 818 1634 κρείττων
857 1576 901 1620 ἐν
943 1572 1188 1634 ἀνθρώποις
1218 1572 1348 1632 μόνος
1380 1578 1526 1634 φανεὶς
1549 1581 1626 1621 τοῦ
1657 1596 1742 1621 πα-

236 1641 437 1703 τριάρχου
458 1644 678 1704 Ἀβραὰμ,
717 1645 827 1706 εἴπερ
859 1645 1178 1706 ἀναμφιλέκτως
1195 1645 1304 1690 κατὰ
1320 1646 1394 1692 τὸν
1412 1651 1533 1692 θεῖον
1553 1645 1740 1694 ἅπόστο-
1749 1656 1798 1692 20

327 1779 363 1814 8.
399 1775 420 1814 ὁ
445 1777 572 1825 Αῤῥοὶν
599 1775 619 1817 ὁ
649 1782 696 1816 G.
812 1783 847 1818 9.
879 1781 946 1818 καὶ
978 1792 1042 1816 om.
1070 1781 1117 1816 G.
1222 1780 1365 1819 ἑαυτοῦ
1383 1782 1427 1818 Β.
1452 1780 1577 1820 αὐτοῦ
1595 1784 1644 1819 G.

331 1828 385 1863 11.
407 1822 624 1874 Ἰώσηππος]
648 1828 770 1875 Antiq.
790 1828 829 1872 Ι,
854 1830 888 1865 8.
989 1830 1046 1867 12.
1073 1825 1093 1864 ὁ
1116 1829 1344 1874 Μελχισεδὲκ
1364 1826 1384 1867 ὃ
1409 1831 1457 1865 G.
1555 1832 1612 1868 13.
1636 1843 1738 1880 πρω-

327 1871 548 1929 τοβασιλεῦς
577 1876 624 1910 G.
720 1875 848 1922 σαλεὶμ
878 1877 920 1911 Β.
1035 1877 1091 1912 19.
1126 1878 1304 1921 κρείττων
1326 1890 1371 1913 m.
1405 1880 1574 1923 κρεῖττον
1597 1879 1645 1916 G.

329 1931 447 1965 μονος
464 1921 538 1956 Bm.
561 1921 696 1969 μόνοις
714 1924 762 1962 G.
857 1925 916 1960 20.
941 1919 1168 1969 ἀπόστολον]
1192 1924 1309 1972 Epist.
1333 1926 1379 1961 ad
1394 1925 1505 1961 Hebr.
1526 1926 1606 1962 VII.

328 2036 522 2073 Palmarum
538 2038 775 2088 olivarumque
794 2038 898 2076 ramis
916 2039 1048 2087 primus
1067 2039 1214 2076 omnium
1235 2040 1346 2077 altare
1369 2042 1623 2079 circumcinxit.

331 2095 403 2131 Ubi
421 2095 464 2131 de
482 2096 543 2132 illo
560 2103 700 2142 narrat,
724 2099 770 2134 de
788 2097 920 2146 angelis
942 2111 1082 2146 quoque
1099 2099 1249 2147 primum
1266 2112 1456 2137 sermonem
1474 2107 1654 2138 exaratum
1674 2102 1736 2138 de-

237 2141 385 2177 claravit
405 2144 593 2191 scriptura.

330 2201 384 2236 Ab
411 2203 605 2239 Abrahamo
623 2203 774 2240 siderum
804 2204 997 2251 positiones
1025 2210 1062 2242 et
1089 2209 1202 2243 motus
1227 2207 1489 2255 perfectamque
1517 2218 1736 2244 numerorum

236 2246 414 2284 scientiam
435 2256 645 2297 acceperunt
664 2252 845 2299 Aegyptii.

331 2307 430 2341 Anno
455 2308 581 2343 aetatis
610 2310 743 2345 decimo
772 2315 897 2356 quarto
931 2310 1033 2347 deum
1066 2312 1308 2348 universorum
1342 2312 1502 2358 opificem
1541 2324 1735 2358 agnoscens

235 2353 411 2389 Abraham
430 2367 626 2401 supremum
641 2357 674 2391 ei
694 2357 872 2403 religionis
892 2359 1021 2395 cultum
1040 2360 1221 2402 exhibuit,
1247 2360 1522 2405 comminutaque
1550 2361 1658 2407 patris
1686 2360 1735 2395 si-

235 2400 389 2436 mulacra
417 2413 491 2436 cum
519 2403 607 2437 aede
637 2405 778 2450 propria
793 2405 971 2448 incendit3
995 2409 1090 2443 Aran
1105 2419 1211 2453 porro
1231 2407 1347 2442 frater
1366 2407 1441 2442 eius
1458 2407 1652 2442 incendium
1672 2419 1735 2442 ex-

234 2447 414 2493 stinguere
431 2448 596 2483 sollicitus
622 2450 766 2486 flammis
783 2452 911 2488 eisdem
932 2455 1135 2500 absumptus
1154 2457 1221 2491 est.
1260 2451 1458 2489 ¹Caeterum
1476 2458 1515 2488 ut
1534 2466 1556 2489 a
1581 2454 1733 2489 conden-

235 2493 290 2528 dis
312 2494 536 2542 colendisque
561 2496 663 2531 idolis
684 2503 818 2545 patrem
842 2505 1020 2536 averteret
1045 2502 1243 2544 Abraham,
1267 2501 1415 2548 Iosepho
1441 2506 1556 2545 teste,
1580 2501 1734 2536 studium

234 2552 334 2587 omne
352 2553 489 2588 semper
508 2544 681 2589 apposuit.

329 2598 483 2642 Vivebat
506 2601 577 2636 ista
601 2606 811 2648 tempestate
843 2603 1102 2650 Melchisedec,
1134 2606 1267 2653 primus
1293 2605 1452 2652 pontifex
1475 2611 1512 2641 et
1531 2618 1596 2641 rex
1616 2606 1733 2642 Salem

235 2645 366 2693 primus
385 2658 406 2682 a
427 2647 546 2683 divina
571 2649 748 2695 scriptura
769 2658 998 2696 memoratus,
1025 2654 1070 2688 de
1095 2658 1235 2689 servata
1255 2651 1460 2698 virginitate
1480 2654 1663 2696 laudatae,
1687 2655 1733 2689 de

234 2694 335 2729 cuius
362 2694 553 2730 maioribus
581 2695 707 2731 nullum
736 2702 852 2732 exstat
878 2704 1150 2743 monumentum,
1174 2701 1236 2747 qui
1250 2701 1287 2735 in
1308 2711 1398 2746 pane
1418 2704 1453 2735 et.
1471 2699 1551 2735 vino
1570 2700 1733 2736 incruen-

233 2745 307 2776 tum
327 2740 462 2775 Christi
486 2741 565 2777 veri
591 2742 650 2777 dei
671 2746 707 2778 et
736 2744 922 2780 salvatoris
950 2746 1083 2789 nostri,
1106 2747 1206 2782 cuius
1234 2747 1326 2782 nulla
1351 2746 1521 2783 incaelis
1539 2753 1670 2792 mater,
1694 2747 1731 2782 in

234 2787 342 2822 terris
367 2792 470 2834 pater
498 2788 632 2832 nullm,
666 2789 873 2826 sacrificium
899 2793 1171 2839 praefiguravit,
1196 2806 1266 2840 quo
1298 2793 1542 2829 benedictione
1569 2795 1732 2830 Abrahae

233 2834 423 2880 impetrata
458 2839 495 2870 et
523 2835 724 2883 impertita,
757 2837 928 2873 veriorem
962 2839 998 2873 in
1027 2840 1106 2885 lege
1136 2846 1257 2876 nostra
1287 2840 1474 2876 secundum
1510 2841 1667 2887 spiritum
1694 2845 1732 2877 et

235 2881 420 2916 veritatem
456 2882 583 2918 cultum
617 2883 772 2919 futurum
804 2884 1023 2930 designavit;
1057 2887 1151 2923 solus
1180 2887 1324 2923 indubie
1357 2888 1590 2933 patriarcham
1617 2888 1731 2923 Abra-

234 2927 313 2963 ham
347 2927 480 2965 virtute
505 2929 675 2978 donisque
711 2931 919 2968 caelestibus
959 2944 1129 2981 superare
1167 2935 1286 2978 visus,
1325 2945 1402 2971 cum
1438 2935 1538 2972 iuxta
1577 2934 1730 2972 divinum
