1800 3236
210 228 315 279 342
681 227 934 279 GEORGH
961 211 1250 278 SYNCELLI

253 386 256 391 .
300 344 409 391 'En'
426 343 565 388 αὐτοῦ
584 341 872 403 προεφήτευον
889 341 1052 388 Νάθαν
1071 345 1140 388 καὶ
1153 341 1336 401 Ἀχίαςὸ
1354 337 1728 400 ΣιλωνίτὴςῖΣαμ-

211 419 343 477 μαίας
361 434 406 461 τε
430 417 499 459 καὶ
516 414 654 459 Ἀδδώ
676 416 746 458 καὶ
765 411 936 459 Σαδώκ.
1457 424 1459 427 ’

318 485 524 543 Σολομῶν
542 485 617 529 τὸν
635 486 679 528 ἓν
692 483 967 544 Ἰερουσαλὴμ
985 482 1088 528 ναὸν
1108 481 1341 543 ἀρξάμενος
1362 485 1510 538 κτίζειν
1529 483 1612 528 ἀπὸ
1631 486 1729 528 δευ-

213 559 338 619 τέρου
370 555 491 608 ἔτους
516 559 597 612 τῆς
625 556 844 611 βασιλείας
874 554 1033 608 αὐτοῦ,
1075 552 1176 613 ὅπερ
1197 550 1249 612 ἦν
1272 553 1326 599 ιδ’
1345 560 1423 611 τῆς
1447 547 1560 612 ζωῆς
1576 555 1728 608 αὐτοῦ,

216 631 260 674 ἓν
292 627 325 684 ζ’
354 628 486 673 ἴτεσιν
521 626 754 670 ἐτελείωσεν
763 659 778 682 ,
818 623 955 688 ὀγδόῳ
989 623 1070 670 ἔτει
1091 629 1168 683 τῆς
1195 627 1412 682 βασιλείας
1431 625 1589 680 αὐτοῦ,
1627 623 1664 669 κ(
1683 625 1759 668 δέ5

216 700 296 745 ἔτει
315 704 394 756 τῆς
414 700 521 753 ζωῆς
541 695 687 740 αὐτοῦ.

321 770 442 814 Εἰσὶν
472 762 546 811 οὖν
564 766 646 810 ἀπὸ
661 765 798 824 Ἀδὰμ
817 764 894 818 ἕως
911 762 953 824 η’
975 763 1095 818 ἴτους
1115 764 1247 810 αὗτοῦ
1271 763 1342 823 ἔτη
1370 762 1519 827 ’δυοηᾏ
1557 763 1666 809 κατὰ
1686 764 1733 808 δὲ

215 841 292 886 τὸν
317 837 569 898 Ἀφρικανὸν
586 834 715 900 Ιδυνζ’
725 854 754 892 ,’
780 837 888 882 κατὰ
919 837 965 881 δὲ
986 836 1193 893 Εὗσὲβιον
1213 834 1334 898 “59⁰'’
1371 835 1414 880 ἔκ
1434 837 1481 880 δὲ
1494 839 1580 880 τῶν
1600 839 1731 879 θειιῦν

63 920 106 956 Ρ.
132 921 200 957 182
222 915 399 970 γραφῶν
430 909 561 961 ἔξεστι
586 912 853 966 καταμαθεῖν
885 912 946 970 τῷ
974 908 1218 969 βουλομένῳ
1242 907 1319 964 τὴν
1338 911 1415 950 τοῦ
1434 904 1637 965 ἡμετέρου
1656 903 1731 949 λό-

214 1000 292 1042 γου
317 981 549 1039 ἀκρίβειαν.Δ
1743 983 1792 1018 10

317 1050 526 1108 Ἑβραίων
556 1047 770 1108 ἀρχιερεὺς
802 1044 843 1105 η’
874 1046 958 1099 ἀπὸ
986 1047 1151 1106 Ἀαρών
1179 1047 1334 1092 Σαδώκ
1358 1047 1594 1106 ἓγνωρίζετο
1624 1045 1734 1090 κατὰ

217 1122 293 1168 τὸν
322 1120 551 1177 Εὗσὲβιον,
591 1119 700 1163 κατὰ
735 1120 781 1163 δὲ
798 1119 872 1164 τὸν
895 1119 1048 1177 ἀκριβῆ
1070 1116 1192 1176 λόγον
1212 1116 1267 1162 ια’
1290 1119 1402 1162 ἐστὶν
1423 1116 1445 1162 ὅ
1468 1117 1623 1163 Σαδώκ
1650 1116 1733 1161 ἀπὸ

187 1250 190 1252 ¹
213 1192 378 1251 Ἀαρὼν
399 1190 560 1242 οὕτως·
598 1187 639 1234 α’
657 1189 845 1248 Ἀαρών,
889 1186 931 1245 β’
959 1186 1181 1248 Ἐλεάζαρ,
1201 1186 1257 1247 ,γ’
1281 1189 1425 1240 Φινεὲς
1436 1223 1450 1244 ,
1489 1186 1528 1232 δ’
1545 1187 1732 1243 Ἀβιοὺδ,

219 1262 251 1309 ε’
278 1262 422 1320 Βοχεὶ,
460 1259 494 1313 ς’
515 1261 646 1317 Ὀζεὶ,
685 1258 718 1315 ζ’
744 1258 875 1317 Ἠλεὶ,
912 1257 952 1317 vj‘
974 1259 1169 1317 Ἀχιτώβ,
1207 1256 1256 1304 θ’
1280 1259 1502 1317 Σαμουὴλ,
1541 1256 1567 1302 ι’
1585 1255 1734 1314 Ἀβιά-

218 1339 336 1394 θαρ,
375 1329 431 1376 ια’
453 1328 626 1378 Σαδώκ.
1744 1336 1790 1373 15

319 1401 371 1447 ‘O
392 1402 560 1462 Τυρίων
579 1398 779 1458 βασιλεὺς
801 1398 1013 1444 ἀπέστειλε
1033 1403 1254 1457 Σολομῶνι
1286 1398 1393 1459 πρὸς
1422 1395 1632 1457 βοήθειαν
1657 1403 1734 1457 τῆς

223 1475 450 1530 οἷκοδομῆς
469 1475 546 1516 τοῦ
568 1476 672 1516 ναοῦ
692 1468 905 1529 μυριάδας
927 1470 1095 1529 ἀνδρῶν
1113 1469 1168 1528 η’.

326 1541 520 1606 Εἷρᾷμου
559 1546 637 1587 τοῦ
668 1543 837 1601 Τυρίων
870 1542 1079 1599 βασιλέως
1107 1540 1326 1601 θυγατέρα
1354 1539 1478 1599 ἔγημε
1511 1536 1731 1597 Σολομῶν,

223 1612 282 1667 ὥς
305 1612 517 1665 Τατιανὸς
538 1613 706 1672 ἷστορεῖ.

321 1728 355 1763 1.
380 1723 642 1773 ἐπροφήτευον
661 1725 711 1759 G.
814 1720 927 1771 ἄχιάς
943 1723 1018 1761 ΑΒ.
1127 1724 1238 1766 Τίνες
1256 1720 1520 1770 προεφήτευον
1536 1721 1596 1760 ἐπὶ
1616 1723 1738 1759 Σολο-

315 1775 467 1821 μῶντος
486 1775 557 1811 τοῦ
578 1771 767 1821 βασιλέως.
801 1772 905 1809 Πότε
928 1769 1072 1819 ἤρξατο
1089 1770 1275 1818 Σολομῶν
1297 1773 1432 1815 κτίζειν
1455 1767 1651 1813 τὸυναὸν,
1672 1770 1737 1807 καὶ

316 1820 411 1858 πότε
439 1818 741 1878 ἐτελείωσεν;.β’.
770 1817 844 1857 ἔτει
863 1821 931 1866 τῆς
958 1820 1149 1867 βασιλείας
1166 1816 1330 1866 ἤρξατο,
1356 1819 1418 1855 καὶ
1439 1816 1645 1855 ἐτελείωσεν
1669 1820 1738 1864 τῆς

319 1870 419 1914 ζωῆς
438 1866 559 1904 αὐτοῦ
572 1895 582 1909 ,
606 1867 651 1905 κ’.
668 1881 692 1914 η
706 1893 715 1902 .
739 1867 807 1915 τῆς
827 1869 1021 1917 βασιλείας
1043 1879 1164 1913 margo
1192 1869 1235 1903 A.
1329 1865 1364 1903 4.
1390 1861 1737 1911 ὅπερ-βασιλείας

321 1913 445 1952 αὐτοῦ
470 1915 589 1959 addidi
618 1927 662 1950 ex
693 1915 735 1950 B.
864 1917 901 1952 5.
925 1912 958 1950 κ’
978 1913 1021 1951 δὲ
1042 1914 1116 1951 ἔτει
1134 1915 1212 1961 τῆς]
1242 1914 1415 1950 εἰκοστοῦ
1439 1913 1481 1950 δὲ
1499 1915 1567 1959 τῆς
1590 1914 1640 1948 G.

322 1965 357 2000 8.
384 1962 512 2011 ,δυνζἿ
550 1962 653 2006 ὄνυξ
677 1963 722 2000 Β.
851 1962 907 1999 14.
933 1963 1041 2011 βοχεῖ
1056 1963 1130 1997 ΑΒ.
1158 1963 1264 2007 Βοχοῖ
1286 1962 1334 1995 G.
1463 1959 1543 2005 ὀζεῖ
1566 1961 1641 1996 AB.

320 2007 402 2058 ἥλεὶ
414 2012 456 2046 Α.
482 1999 596 2056 Vulgo
615 2011 698 2045 Ηλί.
794 2010 1017 2055 οἰκοδομίας
1039 2010 1086 2044 G.
1184 2011 1240 2046 18.
1268 2005 1454 2054 Εὶράμου]
1483 2006 1645 2054 σιράμου
1664 2008 1737 2045 ΑΒ.

321 2056 494 2103 Αἰράμου
515 2059 564 2094 G.
613 2057 668 2092 De
692 2057 758 2092 hoc
783 2058 920 2093 nomine
939 2058 1070 2092 dictum
1090 2056 1134 2092 ab
1160 2056 1361 2092 Hamakero
1391 2055 1540 2092 Miscell.
1568 2056 1738 2092 Phoenic.

322 2116 360 2154 p.
379 2107 462 2144 209.
565 2102 699 2152 ἔγημεν
721 2102 742 2142 ὁ
765 2105 813 2140 G.
839 2101 860 2142 ὁ
882 2116 945 2140 om.
969 2105 1012 2142 B.

323 2198 415 2234 Eius
433 2201 590 2246 tempore
612 2197 780 2243 Nathan,
806 2197 936 2235 Achias
956 2196 1145 2242 Silonitee‚
1169 2197 1371 2234 Sammaeas
1399 2200 1436 2233 et
1455 2196 1556 2233 Addo
1586 2197 1738 2244 prophe-

231 2245 306 2283 tiae
330 2247 422 2282 dono
445 2246 635 2282 clarebant.

325 2294 424 2329 Anno
451 2293 552 2339 regni
573 2292 725 2328 secundo
742 2291 1058 2338 Hierosolymorum
1081 2291 1246 2339 templum
1273 2291 1462 2327 aedificare
1482 2292 1647 2328 Salomon
1674 2304 1740 2339 ag-

233 2353 377 2389 gressus
395 2344 471 2383 est3
496 2339 647 2387 perfecit
663 2338 791 2374 aetatis
812 2338 992 2374 vicesimo.
1667 2337 1671 2339 ’

327 2389 382 2423 Ab
402 2387 532 2423 Adamo
563 2386 672 2432 igitur
690 2386 735 2421 ad
762 2386 840 2421 eius
867 2385 995 2420 aetatis
1017 2397 1142 2420 annum
1163 2386 1185 2420 8
1214 2386 1294 2422 anni
1312 2391 1538 2422 numerantur
1555 2384 1675 2429 4478,
1696 2397 1739 2422 ex

235 2434 393 2470 Africani
410 2437 571 2480 computo
587 2432 702 2475 4457,
727 2444 773 2467 ex
792 2433 941 2467 Eusebii
958 2431 1062 2468 4170.
1110 2434 1225 2468 Huius
1254 2439 1367 2469 autem
1396 2434 1448 2468 rei
1477 2434 1613 2480 plenam
1640 2434 1739 2468 inve-

234 2481 383 2528 stiganti
400 2481 559 2518 notitiam
577 2492 621 2516 ex
639 2492 762 2517 sacrae
779 2480 975 2526 scripturae
991 2480 1196 2515 testimoniis
1222 2481 1432 2517 calculorum
1457 2485 1654 2518 nostrorum
1683 2481 1740 2515 in-

234 2528 435 2575 tegritatem
451 2532 488 2564 et
508 2532 708 2563 accuratam
727 2527 853 2562 seriem
872 2527 927 2561 fas
953 2533 1007 2562 est
1025 2528 1211 2563 coniicere.

331 2576 571 2612 Hebraeorum
587 2578 671 2630 post
686 2575 803 2608 Aaron
822 2574 982 2620 pontifex
1000 2587 1150 2610 summus
1171 2575 1290 2611 Sadoc
1308 2579 1512 2611 recensetur
1527 2578 1675 2610 octavus
1695 2586 1738 2610 ex

237 2622 384 2659 Eusebii
401 2623 563 2669 scriptis,
585 2626 684 2657 mxta
699 2621 849 2656 sanioris
870 2621 1031 2656 laterculi
1054 2622 1208 2657 ordinem
1229 2623 1315 2657 sede
1335 2622 1516 2658 undecima
1542 2622 1739 2668 reponitur,

241 2671 307 2706 hoc
329 2675 450 2716 pacto:
475 2672 494 2708 1
518 2669 655 2710 Aaron,
678 2670 703 2706 2
731 2668 905 2708 Eleazar,
929 2670 952 2705 3
972 2668 1147 2711 Phimes,
1170 2667 1194 2704 4
1219 2669 1357 2712 Abiud,
1387 2670 1574 2711 5,Bocha,
1604 2671 1627 2706 6
1657 2668 1739 2711 023,

241 2719 264 2754 7
288 2717 393 2760 Heli,
415 2719 439 2754 8
458 2716 609 2752 Achitob
623 2740 634 2758 ‚
657 2717 680 2752 9
698 2715 858 2759 Samuel,
886 2718 930 2751 10
947 2715 1152 2759 Abiathar„
1167 2718 1209 2753 11
1230 2717 1358 2752 Sadoc.

336 2765 524 2810 Tyriorum
540 2775 603 2803 rex
623 2762 668 2798 ad
687 2762 959 2810 promovendum
978 2763 1097 2810 templi
1120 2763 1297 2810 opificium
1321 2762 1497 2811 myriadas
1523 2763 1696 2799 hominum
1717 2764 1740 2799 8

243 2812 338 2848 misit
355 2812 400 2848 ad
419 2811 651 2848 Salomonem.

336 2859 441 2894 Irami
464 2858 656 2906 Tyriorum
679 2856 777 2904 regis
796 2856 903 2894 filiam
927 2856 1090 2894 Salomon
1115 2856 1217 2895 duxit
1236 2869 1400 2905 uxorem,
1434 2859 1539 2906 prout
1564 2855 1739 2893 Tatianus

226 2911 374 2944 narrat.
