1800 3236
217 197 323 246 330
692 201 949 248 GEORGII
974 200 1266 248 SYNCELLI

217 312 423 370 Εὗσέβιον
449 309 518 371 χ’,
557 315 627 359 καὶ
657 314 767 358 κατὰ
788 313 1041 373 Ἀφρικανὸν
1067 312 1172 373 ὗπὲρ
1205 313 1259 358 τὰ
1287 309 1384 371 ψμ’,
1423 312 1532 358 καθ’.
1555 313 1730 359 ἕκαστον

217 386 266 429 δὲ
296 389 381 429 τῶν
410 389 538 443 τριῶν
572 382 734 429 τούτων
765 384 953 442 ἀριθμὸν
988 386 1036 428 αἵ
1064 402 1109 428 τε
1147 386 1192 428 ἐκ
1224 389 1360 444 φυλῆς
1385 382 1526 429 Ἰούδα
1560 386 1608 428 αἵ
1620 403 1662 428 τε
1683 386 1728 429 ἐκ

215 459 360 513 ’φυλῆς
389 457 503 500 Λευὶ
543 453 828 513 διαγενόμεναι
857 455 990 512 γενεαὶ
1024 453 1051 511 ἢ
1090 457 1159 499 καὶ
1188 455 1474 511 μεριζόμεναι,
1514 454 1726 499 ἀπίθανον

181 525 363 579 Οῗξουσι
388 526 466 582 τὴν
497 527 780 570 παιδοποιίαν.
819 523 901 568 ἀπὸ
918 525 999 582 γὰρ
1020 524 1216 582 Ἀβραὰμ
1239 526 1316 577 ἕως
1332 527 1478 580 Λαβὶδ
1493 527 1625 583 γενεαὶ
1657 524 1724 570 ιδ’.

216 595 380 641 τούτων
400 593 525 652 ἐνάτη
548 591 601 653 ἦν
620 596 683 638 ἐπὶ
703 595 929 646 Μωῢσέως
948 596 990 639 ἓν
1011 600 1063 653 τῇ
1083 594 1240 655 ἐρήμῳ,
1278 596 1388 640 καθ’
1416 596 1468 654 ἢν
1490 597 1758 654 ε’γνωρίζετοὸ

217 666 438 711 Ναασσών
463 666 556 717 υἱὸς
568 665 806 722 Ἀμιναδὰμ
833 665 978 723 ἄρχων
1000 669 1140 725 φυλῆς
1157 664 1320 721 Ἰούδα,
1357 661 1407 711 οὗ
1436 666 1512 724 τὴν
1540 666 1726 725 ἀδελφὴν

211 735 431 792 Ἔλισάβετ
464 735 629 794 Ἀαρών
672 736 883 795 ἀρχιερεὺς
919 736 1091 794 ἔγημεν·
1129 735 1176 787 ὃς
1205 738 1249 780 ἐν
1278 741 1330 795 τῇ
1364 735 1506 797 ἐρήμῳ
1538 741 1722 798 τελευτᾷ.

215 807 302 852 ἀπὸ
314 807 532 851 Ναασσών
551 808 598 851 δὲ
617 807 694 858 ἕως
704 809 850 862 Δαβὶδ
860 809 993 864 γενεαὶ
1013 805 1043 850 ε’
1066 806 1203 858 οὕτως
1218 807 1454 864 ·-Σολομών
1469 807 1561 859 υἱὸς
1571 811 1727 850 Ναασ-

216 878 318 932 σών,
338 877 384 930 ὃς
404 875 578 935 ἠγάγετο
597 875 730 934 Ῥαὰβ
751 877 828 934 τὴν
848 875 1008 935 πόρνην
1027 878 1092 920 ἐπὶ
1110 877 1263 934 Ἰησοῦ,
1290 878 1477 935 ἐγέννησε
1499 878 1574 922 τὸν
1598 875 1724 930 Βοόζ.

218 949 337 1002 Βοὸζ
364 948 410 992 δὲ
435 947 509 992 τὸν
532 948 671 1005 Ὠβὴδ
689 949 734 991 ἐκ
753 953 829 1004 τῆς
843 946 976 992 Ῥοῦθ
985 982 999 1002 ,
1031 947 1169 1004 Ὠβὴδ
1192 949 1239 992 δὲ
1268 948 1342 993 τὸν
1365 949 1516 993 Ἰεσσαὶ
1539 950 1607 992 καὶ
1622 948 1726 991 Ἰεσ-
1739 953 1790 989 10

218 1021 293 1064 σαὶ
327 1019 402 1063 τὸν
434 1020 580 1074 Δαβίδ
593 1033 603 1043 ·
641 1023 732 1070 πῶς
765 1014 840 1062 οὖν
868 1018 1049 1063 δυνατὸν
1069 1019 1146 1070 τὰς
1165 1018 1246 1063 ἀπὸ
1264 1019 1458 1078 Ἀβραὰμ
1485 1020 1560 1070 ἕως
1587 1022 1729 1063 111ιοῦ-

219 1091 327 1141 σέως
351 1087 399 1134 θ(
431 1089 696 1146 διαγενέσθαι
715 1086 854 1147 γενεὰς
872 1090 917 1134 ἓν
934 1087 999 1133 υο’
1021 1089 1127 1132 ἔτεσι
1138 1124 1151 1143 ,
1191 1091 1310 1133 πέντε
1332 1092 1378 1134 δὲ
1394 1088 1528 1145 μόνας
1547 1089 1628 1133 ἀπὸ
1643 1089 1728 1144 Ἰη-

220 1165 300 1205 σοῦ
330 1164 407 1204 τοῦ
434 1163 562 1217 Ναυῆ
593 1162 636 1203 ἓν
658 1158 700 1216 χ’
741 1159 871 1203 ἔτεσιν
899 1160 975 1211 ἕως
1006 1162 1176 1216 Δαβίδ,·
1214 1159 1330 1203 ἔσται
1357 1161 1435 1218 γὰρ
1471 1161 1645 1210 ἕκαστος
1665 1157 1728 1217 ρκ’

222 1232 328 1275 ἐτῶν
358 1232 402 1274 ἐν
434 1235 496 1290 τῷ,
526 1235 657 1290 καιρῷ
688 1235 765 1286 τῆς
795 1232 1061 1281 παιδοποιίας
1071 1251 1089 1284 ,’
1118 1232 1189 1273 ἵνα
1218 1230 1272 1274 τὰ
1300 1229 1342 1285 χ’
1374 1231 1500 1287 τυχὸν
1526 1231 1594 1273 ἐπ’
1635 1231 1730 1286 ἴσης

185 1302 475 1360 Βμερίσωμεν.
508 1301 556 1344 οὗ
579 1300 709 1356 μόνον
737 1302 782 1344 δὲ
802 1301 847 1344 αἱ
877 1302 921 1352 ἐξ
943 1300 1083 1345 Ἰούδα
1111 1300 1141 1344 ε’
1160 1303 1291 1358 γενεαὶ
1309 1301 1393 1345 ἀπὸ
1411 1301 1628 1345 Ναασσών
1651 1301 1785 1350 &0915

222 1374 369 1428 Δαβὶδ
387 1375 626 1425 κολοβῶσαι
643 1371 744 1422 τοὺς
759 1369 939 1429 χρόνους
956 1377 1040 1416 τῶν
1058 1369 1123 1416 υν’
1143 1373 1248 1416 ἐτῶν
1270 1370 1583 1430 ἀναγκάζουσιν,
1622 1370 1731 1414 ἀλλὰ

223 1444 292 1487 καὶ
323 1443 362 1486 οἱ
391 1435 476 1486 τῶν
511 1442 620 1486 κατὰ
652 1442 752 1493 τοὺς
774 1442 930 1493 αὐτοὺς
953 1440 1132 1500 χρόνους
1157 1441 1568 1502 ἀρχιερατευσάντων
1588 1441 1622 1493 ς’
1644 1441 1728 1485 ἀπὸ

217 1510 468 1571 ’Ἐλεαζάρου
500 1517 576 1556 τοῦ
606 1513 746 1571 ἱερέως
764 1514 833 1555 καὶ
853 1513 994 1568 Ἰησοῦ
1014 1513 1091 1564 ἕως
1118 1513 1192 1556 τὸν
1213 1514 1419 1570 Σαμουὴλ
1433 1511 1581 1571 χρόνοι
1601 1511 1729 1570 ἥττο-

223 1601 290 1635 νες
320 1583 553 1642 ὀφείλοντες
581 1582 696 1628 εἶναι.
733 1582 841 1640 μετὰ
869 1583 949 1643 γὰρ
978 1583 1052 1627 τὸν
1064 1583 1228 1642 Ἀαρών
1247 1586 1317 1628 καὶ
1329 1583 1525 1643 Ἐλεάζαρ
1545 1584 1619 1628 τὸν
1635 1582 1729 1626 υἱὸν

314 1685 351 1720 2.
377 1679 555 1729 ἀριθμῶν
577 1681 703 1728 φησὶν
720 1679 900 1731 Εὐσέβιος
923 1695 967 1718 m.
1060 1684 1095 1720 3.
1120 1683 1234 1728 Vulgo
1253 1680 1481 1721 οἷπείθανον.
1567 1684 1602 1720 5.
1626 1695 1731 1729 μωυ-

317 1729 410 1773 σέως
429 1732 469 1765 Α.
495 1731 663 1768 Μωϋσέα
688 1731 737 1765 G.
831 1733 866 1767 8.
892 1729 1015 1771 οὕτως
1031 1742 1075 1766 m.
1101 1725 1212 1772 οὗτος
1233 1731 1282 1766 G.
1389 1732 1562 1776 σαλομῶν
1583 1732 1624 1765 Α.
1650 1733 1730 1766 Σο-

315 1780 442 1821 λομῶν
460 1780 506 1813 G.
533 1777 699 1823 Σαλμών
719 1789 764 1812 m.
867 1780 902 1814 9.
930 1777 1030 1828 ῥαοὶβ
1049 1780 1090 1814 Α.
1117 1776 1228 1823 Ραοὶμ
1247 1779 1296 1813 G.
1402 1783 1458 1816 10.
1483 1777 1589 1826 ω’βήδ
1607 1780 1638 1813 Α
1663 1778 1727 1813 bis.

319 1825 430 1874 Οβὴδ
449 1827 496 1863 G.
594 1830 649 1864 11.
676 1822 747 1862 οὖν
766 1826 809 1863 A.
833 1824 932 1862 εἶναι
943 1828 991 1863 G.
1089 1826 1144 1862 14.
1171 1823 1226 1862 ἐπ’
1247 1826 1344 1873 ἴσης]
1370 1824 1501 1871 ἓφίσης
1520 1829 1563 1862 Α.
1588 1824 1627 1870 ἐξ
1645 1823 1729 1870 ἐφί-

317 1885 386 1919 σης
405 1874 452 1908 G.
489 1873 608 1909 Voluit
625 1874 776 1908 fortasse
795 1871 834 1918 ἐξ
862 1874 957 1920 ἴσης.
1064 1875 1120 1910 16.
1148 1875 1368 1921 κολωβῶσαι
1388 1873 1478 1921 (sic)
1496 1875 1539 1910 A.
1562 1874 1729 1921 κολοβῶ-

319 1923 416 1957 σθαι
439 1921 489 1957 G.
604 1922 661 1957 19.
687 1918 900 1968 ὀφείλοντες
918 1925 961 1957 Α.
985 1917 1206 1967 ὀφείλουσιν
1228 1923 1275 1957 G.

226 2002 396 2039 rationem
416 2002 514 2038 annis
533 2003 616 2046 659,
636 2003 822 2038 secundum
839 2002 1030 2038 Eusebium
1049 2005 1140 2046 600,
1164 2015 1207 2038 ex
1223 2002 1379 2038 Africani
1400 2004 1514 2037 mente
1534 2013 1641 2048 supra
1657 1999 1729 2038 740

225 2050 448 2086 conflabitur.
497 2050 625 2085 Verum
647 2050 761 2096 posito
789 2061 1013 2097 quocumque
1025 2051 1129 2086 trium
1156 2050 1301 2085 istorum
1329 2062 1491 2092 numero,
1517 2049 1630 2095 inquit
1650 2050 1728 2083 Eu-

225 2097 364 2139 sebius,
391 2096 582 2144 productae
609 2110 673 2144 per
699 2097 822 2133 seriem
854 2097 922 2132 sibi
955 2098 1129 2144 propriam
1160 2098 1236 2133 sive
1268 2097 1381 2132 tribus
1409 2097 1496 2131 Iuda
1522 2097 1596 2131 sive
1617 2097 1730 2131 tribus

225 2144 314 2181 Levi
334 2143 592 2190 generationes,
617 2149 678 2180 aut
694 2144 797 2180 etiam
814 2157 880 2192 per
898 2146 1015 2191 spatia
1033 2157 1095 2180 sua
1115 2145 1269 2187 divisae,
1295 2156 1362 2179 non
1388 2145 1571 2190 probanda
1591 2145 1729 2190 penitus

196 2194 197 2198 ’
227 2194 348 2227 aetate
367 2192 410 2226 ad
432 2192 682 2237 procreandam
703 2192 854 2228 sobolem
872 2192 1126 2239 comperientur
1142 2192 1343 2228 accessisse.
1377 2191 1581 2226 Numeratis
1599 2191 1731 2238 quippe

226 2239 273 2275 ab
299 2239 473 2273 Abraham
499 2238 544 2273 ad
561 2240 678 2274 David
704 2239 986 2285 generationibus
1016 2238 1079 2283 14,
1113 2241 1158 2274 ad
1191 2251 1309 2274 earum
1333 2251 1457 2274 nonam
1489 2239 1608 2273 Moses
1637 2238 1731 2273 inter

227 2285 329 2321 vivos
350 2287 512 2320 exstabat
524 2312 535 2327 ‚
560 2298 637 2321 cum
654 2287 818 2322 Naasson
834 2287 1000 2322 videlicet
1014 2286 1126 2322 tribus
1148 2287 1236 2324 Iuda
1261 2287 1424 2333 princeps
1451 2287 1729 2331 agnoscebatur3

226 2332 328 2368 cuius
345 2344 498 2367 sororem
516 2333 677 2368 Elisabet
692 2334 856 2369 sacerdos
871 2346 1050 2380 supremus
1066 2336 1182 2369 Aaron
1200 2346 1340 2369 uxorem
1358 2334 1520 2375 duxerat,
1545 2333 1675 2378 quique
1693 2334 1730 2367 in

227 2380 370 2415 deserto
390 2392 411 2414 e
437 2379 528 2414 vivis
546 2380 707 2415 excessit.
756 2382 787 2416 A
807 2381 968 2417 Naasson
986 2381 1113 2417 deinde
1142 2393 1252 2428 usque
1277 2381 1322 2416 ad
1343 2381 1459 2415 David
1484 2381 1730 2426 generationes

229 2427 384 2474 quinque
399 2426 465 2461 hoc
485 2432 589 2473 pacto
608 2432 842 2463 numerantur.
889 2428 1030 2463 Salmon
1049 2429 1143 2463 filius
1161 2429 1345 2471 Naasson,
1371 2428 1431 2474 qui
1451 2428 1551 2462 Raab
1570 2428 1730 2463 meretri-

227 2485 302 2510 cem
323 2474 504 2519 coniugem
528 2474 685 2520 accepit,
711 2475 790 2509 Iesu
806 2480 966 2521 tempore
987 2476 1109 2521 genuit
1126 2476 1232 2518 Booz,
1260 2477 1356 2511 Booz
1378 2475 1536 2520 suscepit
1561 2475 1665 2509 Obed
1686 2487 1730 2509 ex

230 2521 348 2564 Ruth,
374 2520 477 2556 Obed
502 2526 604 2568 pater
625 2522 743 2556 Iessae
766 2522 909 2565 extitit,
934 2523 1052 2558 Iessae
1078 2535 1162 2557 vero
1184 2523 1316 2558 David.
1364 2522 1430 2557 His
1450 2521 1595 2568 positis,
1621 2528 1659 2555 ut
1685 2523 1730 2556 ab

229 2568 404 2604 Abraham
431 2568 477 2603 ad
506 2569 630 2603 Mosen
649 2569 889 2613 generationes
907 2571 929 2605 9
946 2581 1110 2605 annorum
1126 2569 1197 2606 470
1214 2570 1343 2616 spatio,
1367 2570 1459 2603 solas
1475 2580 1559 2602 vero
1577 2568 1731 2615 quinque

231 2627 294 2664 per
305 2627 414 2650 annos
430 2614 559 2650 solidos
576 2621 760 2650 sexcentos
773 2617 972 2659 succedant,
982 2629 1130 2663 quanam
1148 2623 1225 2652 arte
1240 2616 1441 2651 constabit?
1459 2615 1624 2661 Singulos
1642 2615 1730 2650 enim

228 2673 386 2709 quosque
403 2673 568 2698 annorum
585 2667 722 2698 centum
742 2667 779 2697 et
797 2662 926 2708 viginti
943 2663 1038 2698 virili
1064 2664 1100 2698 in
1128 2668 1267 2706 aetate,
1292 2675 1361 2709 qua
1384 2662 1499 2708 proles
1526 2662 1729 2708 suscipitur,

228 2709 407 2756 oportebit
434 2721 515 2744 esse
542 2714 752 2757 provecto&
777 2715 816 2744 ut
841 2721 885 2744 ex
914 2722 1047 2755 aequo,
1073 2710 1103 2744 si
1128 2715 1244 2745 tamen
1262 2722 1320 2745 res
1341 2710 1454 2751 serat,
1481 2721 1588 2744 annos
1610 2721 1730 2744 nume-

228 2769 269 2793 ro
287 2759 358 2794 600
374 2755 642 2799 distribuamus;
667 2756 825 2803 quamvis
843 2768 911 2791 non
929 2757 1084 2802 quinque
1102 2757 1202 2791 modo
1221 2756 1465 2803 generationes
1487 2769 1551 2802 per
1569 2758 1730 2791 Naasson

231 2815 274 2839 ex
292 2804 379 2839 Iuda
396 2804 441 2839 ad
461 2803 576 2839 David
593 2815 704 2851 usque
721 2804 894 2839 deductae
913 2816 958 2839 ex
978 2815 1142 2839 annorum
1158 2802 1228 2840 450
1244 2815 1374 2838 summa
1394 2807 1527 2850 partem
1551 2803 1729 2838 maximam

230 2850 384 2886 imminui
406 2852 648 2896 expostulent3
671 2851 734 2886 sed
755 2855 792 2885 et
808 2862 925 2886 eorum
942 2862 1004 2885 sex
1016 2877 1026 2895 ‚
1051 2851 1109 2897 qui
1128 2851 1171 2885 ab
1193 2851 1365 2886 Eleazaro
1393 2851 1576 2886 sacerdote
1595 2856 1631 2885 et
1648 2851 1727 2885 Iesu

231 2909 342 2944 usque
359 2898 404 2934 ad
424 2899 567 2934 Samuel
583 2910 646 2945 per
661 2898 721 2933 illa
739 2902 897 2946 tempora
913 2898 1152 2944 pontificatum
1168 2897 1350 2940 obierunt,
1374 2902 1509 2934 aetates
1524 2897 1631 2932 multo
1649 2899 1730 2932 bre-

231 2945 348 2981 viores
363 2944 537 2982 constitui*
551 2957 697 2983 necesse
716 2950 783 2984 est·
831 2945 920 2982 Post
938 2947 1055 2983 Aaron
1076 2944 1168 2981 enim
1186 2948 1224 2981 et
1241 2945 1393 2982 Eleazar
1416 2946 1492 2981 eius
1518 2945 1624 2980 filium
1642 2956 1729 2992 pon—
