1800 3236
198 175 305 225 296
665 174 921 229 GEORGII
952 181 1242 229 SYNCELLI

41 309 85 346 V.
110 308 181 348 125
827 298 1089 360 Σποράδην.

156 378 192 418 D
299 384 489 446 Ἀμφίων
521 387 681 443 Θηβῶν
715 386 1005 442 ἐβασίλευσεν,
1045 383 1103 438 ὥς
1137 385 1280 432 ἄλλον
1318 380 1443 438 οὗτος
1483 384 1712 444 ἕμυθεόετο

199 459 430 517 κιθαρίζων
449 457 613 515 θέλγειν
632 457 732 509 τοὺς
750 458 917 512 λίθους,
937 455 1011 509 οὓς
1031 454 1212 516 εὐλόγως
1232 455 1495 516 ὖποληπτέον
1519 458 1715 516 ἠλιθίους

198 528 317 580 τινὰς
337 525 607 587 ἀνθρώπους.
864 525 867 533 '

306 603 460 656 Ζῆθος
478 599 524 642 δὲ
544 599 613 642 καὶ
627 596 818 655 Ἀμφίων
835 595 1011 655 ἀδελφοὶ
1029 592 1140 656 ἦσαν
1158 598 1348 656 ποιμένες
1376 599 1537 658 λυρικοὶ
1557 596 1744 645 καλώ-5

203 688 319 729 μενοι
340 668 411 713 διὰ
430 668 479 713 τὸ
499 669 728 725 κιθαρίζειν
750 672 1008 723 ποιμενικῶς.

302 739 487 800 Ὀρφεὺς
528 730 651 802 Θρᾲξ
695 739 946 798 ἓγνωρίζετο.
993 735 1149 784 τούτου
1186 738 1391 798 μαθητὴς
1424 741 1654 792 Μουσαῖος
1693 738 1715 784 ὅ

202 807 431 868 Εὗμόλπου
451 806 556 862 υἱός.
712 857 719 869 ,

309 880 381 925 Τὰ
418 880 528 926 κατὰ
557 874 801 937 εἱᾟιιπύλην
831 878 875 923 ἔν
912 875 1085 940 Λήμνῳ
1115 879 1184 922 καὶ
1219 879 1388 938 σφίγγα.
1430 879 1717 939 Παλαίφατος

44 963 86 1000 P.
112 962 182 1001 157
204 949 390 1009 Κάδμου
415 948 591 1010 γυναῖκά
622 966 726 1010 φησι
744 948 966 1008 γενομένην
998 950 1068 994 διὰ
1087 951 1209 1007 ζῆλον
1224 947 1449 1009 Ἁρμονίας
1470 950 1718 995 ἀποστᾶσαν
1730 961 1776 999 10

202 1023 436 1079 Καδμείοις
460 1026 666 1078 πολεμεῖν.
703 1018 759 1066 τά
783 1037 829 1065 τε
859 1021 952 1079 περὶ
986 1021 1166 1065 Οἰδίπου
1177 1054 1192 1076 ,
1230 1018 1287 1072 ὥς
1319 1018 1422 1064 εἶλεν
1452 1021 1585 1078 αὐτὴν
1595 1055 1609 1076 ,
1647 1023 1719 1066 καὶ

204 1093 259 1140 τὰ
278 1092 388 1137 κατὰ
417 1092 494 1151 τὴν
512 1092 648 1151 Ἀργῶ
668 1093 738 1136 καὶ
765 1090 865 1142 τοὺς
877 1089 1182 1149 Ἀργοναύτας,
1222 1091 1265 1135 ἐν
1289 1088 1353 1142 οἷς
1376 1086 1487 1147 ἦσαν
1505 1090 1721 1151 Ἡρακλῆς

206 1165 277 1209 καὶ
300 1163 340 1208 οἳ
357 1160 588 1222 Διόσκοροι
609 1159 952 1219 καὶἈσκληπιός.
993 1164 1027 1207 εἲ
1047 1162 1094 1206 δὲ
1116 1159 1282 1213 τούτοις
1301 1162 1342 1205 οἳ
1360 1160 1591 1221 Διόσκοροι
1617 1180 1721 1207 συν-

205 1232 419 1292 ήκμαζον,
455 1238 547 1285 πῶς
577 1231 753 1278 δύναται
782 1230 945 1277 τούτων
970 1230 1073 1276 εἶναι
1101 1232 1262 1291 ἀδελφὴ
1289 1230 1455 1290 Ἑλένη,
1492 1235 1528 1279 εἷ
1553 1231 1719 1291 μήπου

207 1304 315 1363 μετὰ
334 1304 471 1348 πολλὰ
492 1303 562 1362 ἔτη
584 1303 799 1363 παρθένος
819 1300 1047 1362 ἁρπάζεται
1065 1301 1148 1347 ὖπό
1174 1303 1377 1360 Θησέως;
1720 1314 1768 1351 15

307 1375 378 1420 Ἕν
390 1374 528 1434 Ἄργει
549 1373 784 1433 ἱεράτευσεν
800 1371 1124 1433 ”Υπερμνήστρα
1143 1376 1336 1419 Δαναοῦ.

314 1449 468 1503 Ζῆθος
489 1447 558 1489 καὶ
571 1445 760 1503 Ἀμφίων
777 1441 959 1500 Κάδμον
979 1442 1227 1502 ἐκβαλόντες
1250 1447 1409 1503 Θηβῶν
1428 1443 1718 1501 ἐβασίλευσαν.

312 1514 490 1575 Κρήτης
512 1517 755 1572 ἐβασίλευσε
770 1512 935 1566 Λάπις.

313 1584 491 1646 Κρήτης
510 1587 774 1643 ἐβασίλευσεν
783 1585 1009 1645 Ἀπτέρας,
1047 1583 1095 1638 ὃς
1111 1585 1181 1630 καὶ
1197 1584 1276 1644 τὴν
1294 1582 1415 1631 πόλιν
1433 1583 1602 1631 ἴκτισεν.
1666 1619 1668 1621 ψ

303 1711 339 1749 5.
363 1708 406 1748 δὲ
430 1709 528 1746 delet
545 1722 590 1747 m.
695 1711 734 1747 9.
761 1707 837 1757 Tol]
862 1711 916 1758 τῷ
938 1710 982 1746 Α.
1093 1708 1234 1760 Λήμνῳ
1258 1710 1434 1757 Scaliger.
1457 1709 1575 1758 λίμνφ
1600 1710 1651 1746 G.

300 1760 364 1796 11.
389 1755 463 1804 ὥς]
501 1754 543 1800 ὃς
571 1756 638 1795 καὶ
670 1757 719 1793 G.
856 1759 914 1796 12.
946 1755 996 1794 τοὶ
1016 1756 1101 1794 add.
1121 1760 1165 1796 A.
1303 1755 1406 1805 ἀργαὶ
1434 1759 1475 1794 B.
1616 1758 1675 1795 13.
1701 1753 1723 1794 ὃ

301 1803 520 1852 Ἀσκληπιὸς
540 1806 589 1840 G.
711 1803 768 1841 14.
795 1802 895 1842 εἶναι
917 1806 998 1841 add.
1016 1806 1060 1841 B.
1175 1807 1232 1843 18.
1255 1804 1393 1852 Λάπις]
1419 1803 1541 1853 λάπης
1557 1805 1601 1841 Α.
1624 1803 1726 1850 λάμ-

307 1866 383 1902 πης
403 1854 448 1890 Β.
544 1855 601 1893 19.
623 1850 794 1900 {Ant-{eae
816 1849 882 1902 ὃς]
907 1854 1112 1903 Legebatur
1128 1849 1301 1902 Ἀπτέρας
1323 1867 1375 1892 τε.
1409 1850 1628 1902 ἄπτέρασθε
1647 1853 1722 1890 ΑΒ.

831 1962 1100 2002 Miscellanea.

308 2026 502 2074 Amphion,
526 2032 565 2065 ut
584 2029 702 2075 plures
720 2028 804 2072 alii,
828 2029 966 2065 Thebis
983 2029 1159 2076 regnavit.
1206 2029 1277 2066 Hic
1307 2029 1446 2065 cithara
1479 2028 1643 2064 delinitos
1668 2028 1726 2062 la·-

217 2072 318 2120 pides
342 2086 412 2120 quo
442 2075 550 2111 vellet
566 2078 710 2112 trahere
737 2077 842 2112 fictus
864 2081 938 2121 est3
959 2089 1078 2113 verum
1099 2077 1238 2113 stolidis
1264 2081 1302 2112 et
1329 2077 1528 2124 agrestibus
1554 2076 1728 2111 nonnullis

215 2120 413 2176 hominibus
431 2122 477 2158 ad
496 2123 631 2159 civilem
650 2124 759 2161 vitam
779 2124 856 2160 eius
876 2124 1019 2172 ingenio
1044 2124 1218 2161 traductis
1246 2128 1446 2174 portentum
1474 2124 1645 2160 eiusmodi
1666 2135 1728 2158 ae-

214 2178 332 2215 ροισι-ι
349 2180 454 2204 sensu
480 2172 716 2206 asserendum.
1174 2173 1177 2175 ’

309 2215 444 2271 Zethus
462 2220 499 2252 et
517 2218 687 2265 Amphion
701 2219 836 2256 fratres
858 2220 961 2255 fuere
975 2222 1138 2266 pastores
1154 2220 1247 2256 inter
1262 2219 1392 2267 lyricos
1409 2217 1608 2261 numerati,
1632 2216 1727 2264 quod

215 2264 420 2310 pastoritiae
441 2265 632 2302 cantilenas
653 2266 698 2301 ad
717 2267 876 2303 citharae
896 2267 1052 2303 modulos
1069 2272 1325 2314 componerent.

311 2309 479 2356 Orpheus
500 2311 657 2347 Thracia
677 2313 845 2351 oriundus
874 2315 943 2351 hac
969 2318 1089 2351 aetate
1107 2314 1271 2353 florebat.
1318 2313 1408 2352 Eius
1432 2312 1628 2361 discipulus
1643 2311 1728 2347 Mu-

215 2367 320 2393 saeus
342 2357 505 2404 Eumolpi
525 2358 620 2394 filius
637 2360 767 2398 extitit.

309 2403 368 2439 Ea
389 2416 479 2451 quae
498 2405 542 2440 de
562 2406 751 2454 Hypsipile
769 2407 808 2445 in
828 2409 957 2444 Lemno
974 2412 1221 2447 memorantur.

309 2450 509 2498 Sphingem·
532 2453 656 2488 Cadmi
687 2466 830 2491 uxorem
857 2456 982 2492 scribit
1012 2457 1279 2504 Palaephatus,
1314 2462 1461 2503 e'amque
1493 2456 1665 2501 concepta
1691 2453 1727 2487 in

215 2497 440 2534 Harmoniam
459 2498 595 2535 invidia
610 2499 723 2536 virum
752 2502 954 2538 deseruisse
981 2507 1019 2539 et
1043 2504 1207 2539 Cadmeis
1239 2504 1366 2540 bellum
1395 2502 1564 2538 indixisse
1593 2504 1728 2536 narrat.

215 2545 290 2582 Res
306 2545 434 2583 deinde
450 2546 495 2583 ab
517 2547 657 2593 Oedipo
684 2552 828 2594 gestae,
851 2554 924 2587 tum
955 2563 1048 2597 quae
1063 2552 1159 2597 Argo
1188 2563 1312 2587 navem
1338 2555 1374 2586 et
1395 2551 1616 2596 Argonautas
1645 2547 1731 2583 atti-

217 2596 324 2636 nent3
348 2592 384 2628 in
406 2593 531 2640 quibus
552 2594 724 2630 Hercules
736 2621 747 2638 ‚
773 2597 901 2631 Castor
919 2602 955 2632 et
975 2599 1101 2634 Pollux
1117 2598 1303 2641 Dioscuri,
1327 2610 1393 2635 nec
1411 2609 1478 2632 non
1496 2595 1731 2642 Aesculapius

218 2641 497 2678 numerabantur.
547 2641 677 2677 Verum
706 2642 737 2678 si
763 2642 927 2678 Dioscuri
960 2648 1161 2682 memoratis
1196 2649 1353 2692 tempore
1384 2644 1519 2679 fuerint
1550 2642 1729 2689 aequalem

218 2687 390 2733 quomodo
412 2699 510 2724 soror
536 2700 656 2725 eorum
678 2690 816 2725 Helena
845 2701 866 2725 a
886 2691 1028 2727 Theseo
1058 2692 1226 2740 deinceps
1251 2693 1367 2741 potuit
1390 2691 1491 2739 rapi,
1515 2691 1583 2727 nisi
1609 2691 1730 2726 forsan

220 2737 302 2782 post
319 2746 427 2770 annos
447 2735 614 2783 plurimos
630 2736 733 2782 virgo
752 2738 1013 2784 permanserit?

312 2781 610 2830 Hypermnes'tra‚
630 2783 744 2820 Danai
762 2784 833 2819 filia
845 2809 856 2827 ,
880 2785 1077 2820 sacerdotio
1099 2785 1192 2832 apud
1208 2787 1324 2832 Argos
1345 2786 1468 2821 functa
1485 2788 1552 2821 est.

314 2828 448 2865 Zethus
466 2834 503 2866 et
518 2831 688 2878 Amphion
704 2832 907 2867 Thebarum
925 2843 1070 2879 regnum
1090 2833 1222 2869 Cadmo
1246 2834 1360 2870 eiecto
1380 2837 1564 2883 occupant.

315 2875 358 2911 In
377 2876 486 2912 Creta
507 2878 671 2924 regnavit
685 2878 808 2925 Lapis.

314 2922 356 2962 Iu
374 2922 484 2963 creta
504 2925 667 2972 regnavit
690 2927 840 2975 Apteras
853 2950 864 2970 ‚
888 2926 947 2975 qui
969 2929 1006 2963 et
1027 2926 1145 2964 urbem
1164 2926 1330 2965 condidit.
