1800 3236
171 147 173 150 ’
215 173 320 224 418
668 174 921 223 GEORGn
949 173 1236 245 sYNCELm

215 295 325 351 βολῇ
362 284 523 347 μεγάλα
564 288 634 333 καὶ
666 284 944 346 ὑπερήφανα,
982 286 1261 343 συνετελέσθη
1291 283 1466 343 ἡμέραις
1494 280 1556 329 ιε’.
1595 283 1639 329 ἓν
1675 283 1723 328 δὲ

219 369 308 414 τοῖς
325 360 552 417 βασιλείοις
568 356 734 410 τούτοις
754 355 1037 414 ἀναλήμματα
1056 359 1201 401 λίθινα
1219 354 1366 413 ὑψηλὰ
1386 352 1724 411 ἀνοικοδομήσας

182 434 292 478 Βκαὶ
310 430 386 489 τὴν
406 429 507 486 ὄψιν
526 429 711 480 ἀποδοὺς
730 425 984 485 ὁμοιοτάτην
1001 434 1088 479 τοῖς
1107 426 1220 486 ὄρεσι
1231 459 1245 482 ,
1287 423 1611 484 καταφυτεύσας
1630 426 1723 468 δέν-

221 505 344 560 δρεσι·
374 502 679 553 παντοδαποῖς,
716 495 1006 555 ἐξειργάσατο·
1054 499 1124 541 καὶ
1153 494 1427 541 κατεσκεύασε
1458 496 1532 540 τὸν
1565 493 1722 539 καλού-

220 589 344 630 μενον
372 569 607 629 κρεμαστὸν
638 566 915 627 παράδεισον,
955 567 1025 611 διὰ
1053 567 1100 612 τὸ
1120 567 1198 624 τὴν
1218 574 1393 625 γυναῖκα
1412 565 1543 610 αὖτοῦ
1565 566 1751 609 ἐπιθυ-5

221 649 314 700 μεῖν
344 645 421 698 τῆς
451 640 588 698 ὀρείας
611 639 866 692 διαθέσεως,
905 636 1202 697 τεθραμμένην
1222 638 1264 681 ἐν
1285 644 1374 688 τοῖς
1393 636 1502 681 κατὰ
1525 634 1723 693 ΙΙίΙήδειαν

221 711 378 763 τόποις.
425 715 563 754 ταῦτα
593 708 616 754 ὅ
649 707 885 768 Βήρωσσος
913 708 1076 766 ἱστορεῖ
1095 709 1188 766 περὶ
1215 711 1291 752 τοῦ
1325 704 1723 765 Ναβουχοδονόσωρ

223 785 292 827 καὶ
321 782 442 840 ἕτερα
470 784 643 825 πλεῖστα
671 781 714 824 ἓν
742 780 862 839 τρίτῃ
882 783 968 823 τῶν
985 781 1243 823 Χαλδαϊκῶν
1263 778 1426 837 βίβλῳ,
1456 774 1725 835 μεμφόμενος

220 860 310 904 τοῖς
337 852 510 908 ψευδῶς
541 848 757 910 γράψασιν
796 847 1005 906 Ἑλλήνων
1036 850 1260 907 ἱστορικοῖς
1288 846 1370 892 ὑπὸ
1398 850 1474 904 τῆς
1498 847 1724 905 Ἀσσυρίας

225 920 495 981 Σεμιράμεως
522 925 746 978 κτισθῆναι
768 924 1011 975 Βαβυλῶνα
1037 922 1106 963 καὶ
1127 919 1180 964 τοὶ
1215 918 1311 963 κατ’
1333 917 1465 975 αὐτὴν
1481 915 1719 974 θαυμάσια.
1738 924 1781 959 10

66 1007 111 1042 V.
136 1008 204 1045 177
335 992 424 1036 Τὸν
447 991 611 1049 Φαραὼ
629 991 783 1047 Νεχαώ
794 988 1191 1048 Ναβουχοδονόσωρ
1212 989 1391 1049 δευτέρῳ
1411 987 1489 1032 ἔτει
1508 992 1583 1045 τῆς
1597 992 1726 1043 βασι-

221 1063 334 1114 λείας
357 1062 488 1106 αὐτοῦ
511 1062 645 1106 ἀνεῖλε
667 1061 777 1106 κατὰ
797 1061 870 1105 τὸν
890 1058 1121 1119 Εὐφράτην
1142 1062 1207 1104 ἐπὶ
1229 1058 1346 1119 μάχῃ
1371 1063 1567 1119 κρατερᾷ,
1592 1056 1623 1102 ε’
1646 1058 1727 1102 ἕτει

189 1134 413 1190 (ἙἸωακεὶμ
450 1132 688 1191 ἀρχομένῳ,
725 1133 794 1175 καὶ
832 1131 972 1176 ἐλθών
1008 1132 1074 1175 ε’πὶ
1098 1131 1288 1186 Ἰωακεὶμ
1316 1131 1386 1173 καὶ
1416 1128 1493 1186 τὴν
1515 1128 1726 1172 Ἰουδαίαν

224 1200 571 1248 κατεδουλώσατο
593 1202 668 1246 τὸν
682 1202 873 1258 Ἰωακεὶμ
894 1199 930 1259 γ’
950 1201 1036 1258 ἔτη,
1062 1200 1119 1253 ὥς
1139 1218 1267 1260 φησιν
1290 1198 1317 1258 ἦ
1339 1198 1376 1244 δ’
1397 1204 1482 1243 τῶν
1501 1202 1726 1254 βασιλειῶν

225 1276 295 1319 καὶ
325 1272 352 1331 ἦ
382 1271 425 1329 β’
444 1277 530 1316 τῶν
559 1272 959 1330 Παραλειπομὲνων.
994 1273 1062 1316 καὶ
1078 1271 1184 1328 μετὰ
1203 1272 1299 1330 τρία
1317 1270 1386 1328 ἔτη
1412 1269 1620 1327 ἦθὲτησεν
1645 1269 1720 1313 αὖ·
1738 1273 1782 1310 15

223 1348 285 1404 τῷ
298 1378 312 1399 ,
351 1345 420 1387 καὶ
442 1342 653 1387 ἀπέστειλε
674 1341 815 1400 κύριος
842 1343 958 1402 αὐτῷ
986 1343 1086 1394 τοὺς
1102 1339 1367 1399 μονοζώνους
1386 1344 1472 1386 τῶν
1492 1340 1724 1384 Χαλδαίων

225 1413 426 1465 καὶκτούς
447 1411 710 1470 μονοζώνους
729 1414 888 1470 Συρίας
909 1414 979 1456 καὶ
1011 1413 1163 1469 Μωὰβ
1199 1414 1268 1457 καὶ
1301 1412 1404 1456 υἱῶν
1425 1409 1617 1466 Ἀμμιὺν,
1657 1411 1727 1454 καὶ

223 1485 480 1541 κατίσχυσαν
515 1483 557 1527 ἐν
586 1487 638 1542 γῇ
668 1481 808 1528 Ἰούδα
839 1483 947 1527 κατὰ
967 1483 1041 1528 τὸν
1076 1482 1200 1541 λόγον
1221 1483 1366 1541 κυρίου
1393 1481 1442 1527 ὃν
1464 1478 1664 1538 ἐλάλησεν
1683 1481 1726 1525 ἓν

219 1556 326 1613 χειρὶ
359 1552 522 1599 δούλων
555 1550 687 1598 αὐτοῦ
720 1558 806 1598 τῶν
824 1558 1068 1613 προφητῶν.
1105 1557 1241 1599 ταῦτα
1262 1552 1370 1613 παρ’
1395 1552 1540 1603 αὐτοῖς
1559 1569 1729 1611 προφη-

317 1653 353 1691 2.
381 1653 499 1700 Vulgo
523 1650 758 1701 ἀναλήματα.
884 1651 920 1690 4.
954 1651 1177 1702 ἐξεργάσατο
1197 1636 1252 1690 ”Β.
1389 1649 1658 1689 κατεσκεύασεν
1681 1651 1725 1687 Β.

318 1699 593 1743 κατεσκεύασας
612 1705 654 1738 A.
680 1699 963 1743 κατασκευάσας
979 1702 1027 1737 Gr.
1121 1704 1155 1740 5.
1178 1699 1414 1748 κρεμμαστὸν
1432 1699 1538 1746 παρὰ
1557 1696 1670 1742 θειοὶς
1683 1701 1725 1735 Α.

390 1750 424 1785 6.
451 1746 590 1794 ὀρείας]
619 1750 734 1795 Vulgo
763 1746 881 1796 ὁρίας.
925 1749 1129 1785 Correctum
1152 1761 1196 1786 ex
1223 1749 1371 1795 Iosepho
1395 1761 1426 1783 c.
1451 1747 1577 1794 Apion.
1603 1747 1640 1789 1,
1670 1749 1723 1782 19.

319 1794 390 1830 vol.
411 1795 458 1830 II.
485 1807 519 1841 p.
538 1793 620 1831 451.
725 1795 917 1843 ΛΙήδειαν]
942 1798 1100 1843 Μηδίαν
1119 1802 1157 1833 et
1183 1796 1240 1832 hic
1262 1795 1506 1842 corrigendum
1526 1798 1563 1829 et
1578 1794 1725 1830 ubicun-

320 1854 391 1887 que
407 1842 465 1877 vel
491 1843 556 1877 hoc
575 1841 676 1878 modo
699 1845 757 1880 vel
780 1845 958 1890 Μηδείαν
986 1844 1155 1892 scriptum
1172 1844 1314 1891 legitur.
1438 1844 1472 1879 7.
1506 1840 1724 1887 Βήρωσσος]

321 1889 441 1934 Vulgo
469 1887 678 1935 Βηρωσσός.
806 1895 863 1929 12.
896 1890 985 1937 ἔτει]
1013 1890 1077 1938 ἔτη
1101 1893 1143 1928 A.
1282 1888 1338 1928 14.
1375 1888 1460 1936 ἔτη]
1487 1887 1560 1926 ἔτει
1584 1890 1631 1924 G.

321 1932 346 1983 ἦ
368 1935 417 1982 δ’]
444 1935 532 1983 Cap.
553 1936 613 1973 24.
740 1938 798 1975 15.
823 1937 848 1984 ἡ
867 1936 914 1985 β’]
943 1940 1031 1986 Cap.
1049 1941 1109 1976 36.
1234 1939 1292 1976 17.
1316 1936 1429 1986 μωοὶβ
1446 1937 1487 1974 Β.
1519 1936 1650 1982 Μωοὲμ
1675 1936 1725 1972 G.

319 2032 340 2067 λ
420 1984 480 2066 ἓ.
513 1986 741 2031 κατίσχυσαν
759 1986 804 2021 Β.
840 1988 1059 2032 κατίσχυσεν
1085 1987 1136 2023 G.
1261 1984 1302 2024 ἐν
1322 1985 1369 2033 τῇ
1396 1984 1492 2032 χειρὶ
1523 1985 1601 2021 τῶν
1628 1981 1727 2021 δού-

343 2042 396 2067 ων
459 2056 469 2065 .

227 2115 343 2147 tamen
360 2111 442 2148 solis
460 2112 657 2159 quindecim
675 2113 837 2149 absoluta
858 2116 913 2149 est
933 2116 969 2148 et
986 2111 1159 2159 perfecta.
1203 2113 1320 2159 Regia
1335 2112 1374 2148 in
1388 2112 1448 2149 illa
1465 2112 1572 2147 moles
1596 2124 1617 2147 e
1635 2109 1726 2157 lapi-

229 2159 331 2194 dibus
365 2160 540 2195 exstruxit
568 2160 746 2204 excelsas,
782 2161 989 2207 easdemque
1013 2160 1122 2194 variis
1157 2162 1340 2196 arboribus
1367 2160 1540 2202 consitas,
1574 2158 1726 2206 speciem

229 2205 402 2241 montibus
422 2218 525 2252 quam
540 2207 743 2243 simillimam
766 2209 902 2243 referre
921 2206 1145 2252 excogitavit.
1193 2206 1289 2241 Hine.
1305 2207 1399 2242 horti
1427 2206 1616 2252 nuncupati
1639 2217 1727 2252 pen-

230 2253 333 2295 siles,
383 2252 483 2288 uibus
500 2265 641 2290 uxorem
659 2255 697 2289 in
713 2254 833 2290 Media
851 2254 1031 2289 educatam
1051 2259 1088 2288 et
1114 2252 1263 2288 iucundo
1292 2263 1454 2298 agrorum
1482 2265 1524 2289 ac
1550 2264 1726 2288 nemorum

230 2300 300 2335 situ
324 2265 492 2335 deiectari
518 2301 653 2337 solitam
676 2302 746 2336 sibi
773 2301 991 2337 conciliabat.
1039 2301 1138 2335 Haec
1157 2301 1308 2335 Berosus
1335 2305 1372 2335 et
1399 2301 1467 2336 alia
1493 2301 1660 2348 pleraque
1682 2301 1727 2335 de

229 2347 555 2382 Nabuchodonosor
581 2348 688 2383 tertio
709 2347 972 2382 Chaldaicarum
998 2347 1242 2393 antiquitatum
1271 2347 1360 2382 libro
1385 2355 1528 2390 narrat,
1552 2347 1727 2384 mendacii

229 2393 432 2429 insimulans
458 2394 644 2429 historicos
678 2395 897 2430 Graecorum
925 2395 1140 2441 scriptores,
1175 2394 1234 2441 qui
1262 2393 1475 2440 Babylonem
1506 2393 1550 2428 ab
1580 2396 1728 2442 Assyria

231 2440 458 2476 Semiramide
487 2446 721 2477 constructam
750 2443 924 2484 referunt,
955 2453 1100 2488 eamque
1124 2441 1281 2477 miranda
1308 2453 1469 2490 quaeque
1492 2441 1588 2476 illius
1617 2452 1727 2489 opera

231 2488 388 2523 edidisse
404 2493 535 2524 temere
556 2488 797 2535 pronunciant.

322 2535 647 2572 Nabuchodonosor
662 2535 798 2582 imperii
818 2535 872 2570 sui
900 2547 988 2571 anno
1014 2535 1164 2572 secundo
1185 2538 1330 2571 cruento
1350 2546 1426 2571 cum
1443 2534 1629 2570 Pharaone
1645 2532 1727 2568 Ne-

231 2582 319 2618 chao
338 2581 425 2617 inito
443 2582 609 2618 conflictu
630 2583 788 2630 superior
814 2584 929 2618 evasit
947 2587 983 2618 et
1007 2595 1081 2619 eum
1106 2583 1234 2619 occidit
1259 2584 1303 2618 ad
1323 2583 1561 2629 Euphratem,
1583 2581 1726 2616 ineunte

231 2629 359 2664 Ioacim
386 2631 566 2675 regnantis
597 2642 687 2666 anno
712 2630 843 2677 quinto.
891 2631 984 2665 Tum
1014 2630 1118 2665 armis
1143 2631 1178 2665 in
1199 2631 1327 2666 Ioacim
1352 2635 1388 2665 et
1408 2629 1569 2664 Iudaeam
1598 2628 1725 2671 versis,

231 2677 360 2712 Ioacim
377 2681 517 2723 captum
537 2677 684 2713 abduxit
698 2689 787 2713 anno
804 2677 906 2724 regni
933 2677 990 2712 sui
1013 2678 1118 2713 tertio
1129 2703 1141 2721 ‚
1174 2682 1214 2712 ut
1233 2683 1378 2724 quartus
1394 2677 1595 2721 Regnorum
1612 2680 1650 2710 et
1667 2687 1725 2710 se-

232 2724 366 2758 cundus
383 2723 670 2771 Paralipomenon
689 2725 769 2760 libri
785 2729 972 2760 testantur.
1020 2725 1111 2760 Tum
1131 2725 1231 2760 annis
1257 2725 1368 2760 tribus
1389 2722 1523 2759 exactis
1545 2721 1676 2757 defecit
1703 2733 1725 2757 a

234 2771 567 2807 Nabuchodonosor.
614 2773 780 2807 Dominus
797 2777 911 2807 autem
930 2772 1130 2807 auxiliarios
1146 2772 1191 2807 ad
1210 2784 1286 2807 eum
1306 2771 1400 2807 misit
1416 2768 1599 2817 expeditos
1616 2768 1726 2803 Chal-

234 2817 398 2853 daeorum
419 2825 456 2854 et
473 2819 656 2866 expeditos
674 2820 801 2866 Syriae
822 2826 860 2854 et
879 2819 985 2854 Moab
1005 2824 1041 2854 et
1065 2819 1214 2854 filiorum
1235 2820 1396 2861 Ammon3
1418 2821 1456 2853 et
1475 2816 1674 2863 praevaluit
1689 2815 1726 2850 in

234 2870 363 2900 terram
382 2865 472 2901 Iuda
485 2865 585 2902 iuxta
604 2868 745 2902 verbum
763 2866 912 2907 domini,
937 2867 1029 2912 quod
1049 2867 1184 2902 locutus
1203 2867 1308 2901 estin
1327 2877 1426 2901 manu
1448 2875 1628 2901 servorum
1646 2873 1728 2897 suo-

234 2922 309 2948 rum
328 2913 588 2960 prophetarum.
621 2914 722 2951 Haec
737 2915 858 2951 eodem
875 2918 1031 2960 tempore
1048 2913 1156 2952 Urias
1172 2913 1327 2951 Aminaei
1341 2912 1434 2949 filiun
1450 2911 1572 2959 (quem
1587 2909 1728 2956 fugien-
