1754 3236
599 184 1130 232 CHRONOGRAPHIA.
1569 178 1638 230 45

113 294 378 356 *z'pmtov‘rv'lv
399 290 532 342 οὖσαν
550 296 595 342 ἓν
612 301 667 357 τῇ
687 294 831 358 ἐρήμῳ
849 296 1073 355 Δουὸαὴλ,
1100 297 1169 341 καὶ
1183 295 1271 341 ἐκεῖ
1281 298 1508 356 πορευθεὶς
1524 295 1674 355 βάλεο

118 365 274 412 αὐτόν·
294 369 365 412 καὶ
382 365 545 419 ὖπόθες
567 367 684 429 αὐτῷ
697 370 849 420 λίθους
861 368 968 421 ὀξεῖς
989 369 1058 412 καὶ
1080 369 1235 419 λίθους
1246 373 1427 427 τραχεῖς,
1453 371 1523 412 καὶ
1542 371 1636 413 ἐπι-

117 435 312 495 κάλυψον
326 438 445 499 αὐτῷ
459 436 624 493 σκότος,
638 441 708 482 καὶ
719 437 930 497 οἶκησάτω
944 440 1032 483 ἐκεῖ
1044 440 1103 491 εἷς
1115 439 1188 483 τὸν
1199 441 1348 494 αἰῶνα,
1362 440 1431 483 καὶ
1442 438 1518 496 τὴν
1533 439 1636 496 ὄψιν

116 508 251 553 miro&
273 507 494 566 πώμασον,
517 511 587 554 καὶ
606 514 700 569 φῶς
717 510 778 568 μὴ
800 512 1015 570 θεωρείτω
1028 524 1038 535 ·
1059 511 1128 554 καὶ
1149 511 1193 554 ἒν
1211 514 1266 569 τῇ
1286 507 1424 569 ήμέρα
1443 515 1521 567 τῆς
1541 512 1634 569 κρί-

79 585 104 622 5
117 592 225 632 σε’ως
245 578 543 638 ἇπαχθήσεται
564 583 622 632 εἷς
652 581 726 625 τὸν
747 581 1010 642 ἐμπυρισμὸν
1030 586 1107 625 τοῦ
1127 579 1284 640 πυρός·
1322 583 1393 625 καὶ
1415 580 1534 624 ἴασαι
1553 582 1633 639 τὴν

85 695 92 705 .
113 654 193 709 γῆν
220 649 275 709 ἣν
301 649 515 710 ἠφάνισαν
549 652 589 695 οἷ
611 650 824 712 ἔγρήγοροι
836 686 851 708 ,
890 654 960 697 καὶ
979 652 1058 710 τὴν
1077 651 1191 697 ἴασιν
1211 656 1288 709 τῆς
1306 655 1470 709 πληγῆς
1491 649 1633 709 δήλω-

112 738 215 777 σον,
249 722 322 766 *ἵνα
343 719 547 767 ἰάσωνται
568 722 646 780 τὴν
670 723 847 782 πληγὴν,
873 726 943 767 καὶ
962 723 1024 781 μὴ
1046 722 1288 768 ἀπόλωνται
1308 721 1462 774 πάντες
1485 722 1524 766 οἱ
1546 723 1631 768 υἱοὶ

109 796 198 837 τῶν
221 790 484 852 ἀνθρώπων,
524 794 568 838 ἓν
588 798 648 854 τῷ
667 796 887 854 μυστηρίῳ
908 793 932 839 ὃ
959 792 1075 838 εἶπον
1098 795 1139 839 οἱ
1158 791 1374 854 ἒγρήγοροι
1394 795 1464 838 καὶ
1486 794 1631 838 ἐδίδα-

110 865 190 916 ξαν
215 863 318 915 τοὺς
345 864 465 916 υἱοὺς
493 863 634 909 αὐτῶν
642 897 658 920 ,
696 867 766 909 καὶ
787 863 1003 926 ἠρημώθη
1026 869 1145 910 πᾶσα
1167 864 1194 924 ἧ
1226 869 1281 923 γῆ
1312 865 1356 908 ἓν
1385 872 1475 916 τοῖς
1493 863 1630 924 ἔργοις

53 942 100 980 10
110 938 189 991 τῆς
219 935 497 987 διδασκαλίας
511 933 689 993 Ἀζαήλ’
711 937 782 980 καὶ
808 936 876 981 ἐπ’
899 935 1009 995 αὐτῇ
1026 934 1197 994 γράψον
1219 933 1361 987 πάσας
1382 935 1460 987 τὰς
1483 933 1626 995 ἆμαρ-

107 1006 215 1058 τιάς.
253 1008 324 1050 καὶ
345 1010 407 1066 τῷ
429 1006 622 1065 Γαβριὴλ
641 1003 742 1063 εἶπε,
778 1004 960 1066 πορεύου
982 1007 1176 1066 Γαβριὴλ
1197 1007 1263 1052 ἐπὶ
1286 1006 1386 1058 τοὺς
1404 1008 1663 1065 γίγαντας,1)

107 1076 176 1119 ἐπὶ
203 1076 307 1129 τοὺς
334 1075 574 1135 κιβδήλους,
612 1078 679 1121 ἐπὶ
709 1078 812 1129 τοὺς
839 1078 959 1131 υἱοὺς
974 1082 1051 1136 τῆς
1069 1079 1289 1138 πορνείας,
1326 1079 1396 1121 καὶ
1418 1075 1627 1122 ἇπόλεσον

106 1146 209 1198 τοὺς
227 1147 347 1199 υἱοὺς
367 1152 453 1192 τῶν
473 1146 710 1208 ἔγρηγόρων
725 1149 808 1194 ἀπὸ
828 1154 914 1194 τῶν
923 1150 1028 1194 υἱῶν
1056 1154 1143 1194 τῶν
1157 1146 1413 1209 ἀνθρώπων.
1452 1148 1627 1205 πέμψον

107 1217 264 1270 αὐτοὺς
293 1221 354 1271 εἷς
378 1217 590 1277 ἀλλήλους
598 1253 614 1275 ,
653 1220 699 1273 ἐξ
728 1219 870 1265 αὐτῶν
899 1222 957 1273 εἷς
990 1219 1169 1276 αὖτοὺς,
1209 1222 1253 1265 ἓν
1288 1219 1458 1281 πολέμῳ
1488 1221 1559 1264 καὶ
1581 1220 1626 1275 ἓν

48 1297 96 1334 15
107 1287 308 1352 ἀπωλείᾳ,
342 1291 412 1334 καὶ
430 1288 649 1350 μακρότης
670 1289 839 1351 ’ἡμερῶν
858 1291 936 1337 οὐκ
956 1291 1073 1337 ἕσται
1096 1291 1255 1347 αὐτοῖς,
1282 1293 1352 1335 καὶ
1372 1295 1492 1335 πᾶσα
1514 1287 1623 1350 ἐρώ-

103 1376 226 1417 τησις
255 1361 331 1406 οὔκ
351 1359 439 1406 ἔστι
457 1369 547 1413 τοῖς
577 1360 789 1422 πατράσιν
821 1362 984 1418 αὐτῶν,
1024 1362 1089 1408 ὅτι
1123 1364 1333 1417 ἐλπίζουσι
1365 1363 1486 1420 ζῆσαι
1510 1361 1621 1419 ζωὴν

101 1429 299 1487 αἰώνιον,
342 1433 413 1477 καὶ
433 1431 497 1477 ὅτι
522 1430 689 1491 ζήσεται
718 1435 894 1486 ἕκαστος
911 1434 1053 1479 αὐτῶν
1072 1433 1144 1492 ἔτη
1163 1431 1429 1479 πεντακόσια.
1469 1434 1539 1477 καὶ
1559 1437 1621 1494 τῷ

101 1502 286 1560 Μιχαὴλ
320 1500 429 1559 εἷπε,
467 1502 649 1563 πορεύου
676 1505 886 1563 Μιχαὴλ,
926 1507 1057 1563 δῆσον
1077 1508 1289 1562 Σεμιαζᾶν
1318 1506 1388 1547 καὶ
1420 1502 1521 1555 τοὺς
1542 1502 1622 1547 ἅλ-

101 1576 204 1624 λους
222 1573 303 1618 σῦν
318 1573 450 1635 αὗτῷ,
489 1575 590 1626 τοὺς
600 1577 880 1633 συμμιγέντας
897 1583 990 1627 ταῖς
1010 1574 1250 1634 θυγατράσι
1262 1578 1349 1620 τῶν
1369 1571 1619 1633 ἀνθρώπων

43 1648 180 1690 2οτοῢ
212 1648 450 1702 μιανθῆναι
478 1645 522 1689 ἓν
549 1645 699 1697 αὖταῖς
720 1647 763 1690 ἓν
783 1651 837 1706 τῇ
861 1647 1107 1708 ἀκαθαρσία
1127 1646 1279 1691 αὐτῶν.
1318 1646 1387 1688 καὶ
1411 1644 1515 1689 ὅταν
1536 1662 1616 1689 κα-

99 1719 379 1774 τασφαγῶσιν
410 1715 451 1759 οἶ
469 1716 554 1760 υἱοὶ
578 1715 742 1772 αὐτῶν,
781 1719 850 1761 καὶ
871 1717 992 1762 ἴδωσι
1013 1717 1091 1774 τὴν
1110 1715 1322 1762 ἀπώλειαν
1340 1720 1427 1760 τῶν
1449 1715 1616 1774 ἅγαπη-
1637 1725 1682 1766 Ρ.
1705 1726 1754 1765 26

99 1790 186 1831 τῶν
208 1785 374 1842 αὐτῶν,
396 1782 545 1844 ’δῆσον
565 1787 722 1840 αὐτοὺς
741 1789 807 1834 ἐπὶ
828 1785 1121 1847 ἑβδομήκοντα
1141 1788 1284 1847 γενεὰς
1302 1787 1360 1839 εἷς
1380 1786 1459 1840 τὰς
1476 1784 1615 1840 νάπας

192 1899 230 1936 2.
251 1897 316 1936 καὶ
331 1898 469 1943 λίθους
490 1899 535 1936 Α.
571 1899 636 1938 καὶ
659 1911 726 1939 om.
751 1902 800 1938 G.
881 1902 919 1939 3.
946 1897 1153 1947 οἰκησᾶτω]
1179 1898 1377 1939 olzavam
1399 1899 1443 1936 A.
1469 1900 1613 1938 οἰκειω-

193 1943 296 1983 σάτω
321 1947 371 1982 G.
473 1950 510 1985 6.
541 1949 701 1996 πληγῆς]
726 1955 846 1987 terrae
876 1949 983 1997 (γῆς)
1007 1950 1147 1985 Enoch.
1253 1950 1288 1985 7.
1323 1945 1543 1986 ἀπόλωνται
1566 1961 1612 1984 m.

192 1991 433 2032 ἅπόλλωνται
449 1996 496 2031 G.
567 1999 602 2034 9.
626 1996 818 2046 ἠρημώθη
842 2010 888 2035 m.
912 1990 1096 2046 ἐρημῇόθη
1120 1997 1168 2033 G.
1239 1999 1299 2036 11.
1322 1998 1376 2046 τῷ
1398 2008 1444 2033 m.
1467 1996 1536 2034 τόν
1559 1997 1610 2032 G.

263 2043 322 2080 17.
345 2043 401 2095 τῷ
427 2055 472 2082 m.
497 2041 567 2082 τὸν
590 2045 641 2084 G.
1418 2064 1431 2069 “

96 2137 263 2174 tenebras
280 2137 398 2182 mitte,
423 2139 521 2187 aperi
535 2139 670 2177 deserti
689 2140 827 2177 Dudac'el
848 2140 1045 2184 desertum,
1069 2144 1108 2177 et
1124 2141 1307 2188 profectus
1327 2139 1410 2176 illuc
1428 2150 1504 2175 eum
1523 2149 1609 2174 cou-

95 2185 188 2221 iice:
222 2190 259 2221 et
284 2187 479 2234 suppositis
509 2187 543 2223 ei
568 2188 745 2235 lapidibus
765 2189 878 2224 acutis
906 2194 943 2224 et
970 2189 1106 2236 asperis
1130 2188 1237 2224 induc
1263 2199 1372 2236 super
1404 2199 1480 2223 eum
1507 2191 1610 2222 tene-

95 2233 200 2276 bras,
232 2245 319 2280 quas
344 2234 381 2269 in
409 2239 588 2270 aeternum
604 2236 757 2280 incolat,
782 2236 892 2271 visum
911 2237 1063 2283 desuper
1087 2237 1251 2280 obstrue,
1276 2248 1342 2271 nec
1358 2236 1472 2270 lumen
1489 2233 1608 2280 respi-

96 2281 191 2324 ciat,
215 2286 256 2315 ut
279 2281 317 2316 in
348 2281 407 2317 die
429 2282 552 2317 iudicii
576 2283 738 2319 incendio
771 2283 1019 2320 consumendus
1048 2284 1260 2319 abducatur:
1283 2288 1412 2319 terram
1431 2282 1475 2318 ab
1504 2292 1609 2327 egre-

96 2327 194 2374 goris
214 2334 414 2376 corruptam
430 2341 536 2373 sana,
561 2331 689 2378 plagae
710 2332 910 2367 cicatricem
943 2332 1149 2375 manifesta,
1185 2335 1227 2366 ut
1259 2336 1401 2367 curetur
1428 2330 1517 2365 haec
1545 2340 1609 2364 eo-

95 2386 173 2410 rum
200 2375 326 2422 plaga,
358 2388 403 2411 ne
428 2378 566 2413 arcanis
592 2379 637 2413 ab
658 2379 840 2425 egregoris
861 2379 1050 2422 revelatis,
1075 2377 1371 2426 quorum'peritia
1390 2376 1524 2424 posteri
1543 2387 1605 2411 eo-

95 2434 172 2458 rum
188 2429 270 2458 sunt
288 2423 430 2467 imbuti,
458 2429 495 2461 et
511 2437 556 2461 ex
573 2425 699 2471 quibus
716 2426 882 2461 universa
897 2432 994 2462 terra
1012 2426 1207 2462 facinorum
1222 2426 1332 2462 Azassl
1350 2424 1527 2472 pravitate
1541 2423 1605 2458 de-

94 2476 192 2506 serta
210 2475 286 2514 est,
319 2483 437 2506 omnes
462 2472 639 2509 hominum
658 2473 724 2508 filii
739 2474 898 2509 funditus
915 2473 1108 2509 intereant:
1133 2481 1171 2509 et
1194 2473 1308 2509 omnia
1326 2474 1505 2518 hucusque
1521 2482 1605 2517 per-

93 2522 237 2565 petrata
252 2518 389 2554 scelera
406 2531 511 2566 super
528 2532 604 2555 eam
622 2520 795 2556 describe.
843 2521 894 2556 Et
911 2521 1060 2556 Gabriel
1076 2521 1179 2556 dixit.
1227 2522 1287 2557 Tu
1304 2519 1452 2556 Gabriel
1470 2519 1516 2554 ad
1534 2517 1605 2552 Gi·

93 2568 232 2611 gantes,
256 2566 406 2612 spurios,
431 2578 475 2601 ex
496 2567 681 2603 adulteriis
696 2572 807 2611 ortos,
833 2569 1078 2616 proficiscere:
1101 2568 1193 2604 filios
1211 2579 1461 2614 egregororum
1483 2577 1504 2601 a
1518 2564 1602 2600 filiis

91 2611 268 2649 hominum
293 2613 478 2660 disperde:
511 2614 614 2650 bellis
646 2615 810 2651 excitatis
834 2620 970 2663 partem
992 2627 1110 2651 eorum
1138 2616 1176 2651 in
1204 2616 1272 2650 sibi
1290 2615 1475 2650 adversam
1505 2612 1604 2647 exci-

90 2661 131 2694 ta
144 2684 154 2702 ‚
179 2667 365 2696 conserant
391 2660 539 2697 invicem
557 2662 753 2706 exercitus,
779 2667 819 2699 ut
844 2663 1010 2699 caedibus
1035 2668 1072 2699 et
1102 2668 1222 2699 mutua
1250 2661 1490 2698 internecione
1518 2670 1603 2694 con-

88 2705 268 2753 ficiantur,
292 2713 473 2744 resecetur
489 2709 684 2745 diuturnior
701 2722 818 2746 eorum
835 2710 920 2753 vita,
945 2723 1010 2746 nec
1023 2711 1070 2747 sit
1090 2711 1250 2758 patribus
1269 2721 1386 2744 eorum
1399 2705 1602 2754 inquirendi

90 2752 211 2790 locust
237 2756 444 2802 promittant
462 2756 532 2792 sibi
548 2756 632 2792 licet
650 2759 893 2794 aeternitatem
911 2758 1030 2803 vitae,
1055 2763 1093 2794 et
1107 2759 1154 2794 ad
1175 2758 1385 2804 quingentos
1402 2766 1513 2801 usque
1538 2765 1602 2789 an·

90 2811 154 2835 nos
180 2801 317 2838 luminis
343 2803 470 2839 visum.
518 2804 570 2840 Et
586 2805 740 2841 Michael
767 2806 880 2841 dixit:
912 2806 1005 2851 vadq
1020 2806 1196 2848 Michael‚
1220 2804 1412 2839 Semiazam
1445 2801 1603 2847 aliosque

89 2846 228 2884 filiabus
244 2849 418 2886 hominum
437 2851 637 2887 commixtos
660 2857 697 2888 et
712 2852 938 2889 immunditiis
955 2865 1073 2889 earum
1090 2853 1288 2899 inquinatos
1307 2849 1521 2885 vinculorum
1538 2860 1602 2884 ne-

90 2895 193 2930 xibus
210 2908 350 2941 coerce,
372 2904 409 2934 et
426 2910 503 2934 cum
522 2899 666 2935 mactati
682 2900 815 2936 fuerint
835 2913 953 2936 eorum
970 2900 1048 2943 filii,
1071 2901 1345 2945 dilectorumque
1361 2897 1430 2933 sibi
1445 2901 1600 2942 stragem

89 2942 267 2989 viderint,
291 2945 406 2982 abduc
421 2958 483 2983 eos
501 2945 540 2983 iu
562 2951 737 2984 extremos
759 2953 876 2985 terrae
903 2959 1063 2985 recessus
1082 2960 1195 2995 usque
1213 2947 1259 2983 ad
1289 2943 1519 2993 septuaginta
1534 2955 1599 2990 ge-
