1800 3236
227 153 332 204 416
686 137 937 209 GEORGII
965 161 1250 210 SYNCELLI

228 273 298 316 καὶ
318 275 380 332 τῷ
398 268 513 316 ἔθνει
544 271 846 331 συμβησόμενα
876 275 934 325 εἷς
960 272 1114 319 λάκκον
1143 272 1365 333 ἐνεβλήθη.
1419 280 1571 341 τοῦτον
1599 275 1621 322 ὃ
1644 275 1732 322 Αἶ-

74 343 119 381 V.
146 345 216 382 176
227 343 342 398 θίοψ
353 341 599 399 Ἀβὸεμὲλεχ
630 347 776 395 οῗκεῖος
798 345 991 389 Σεδεκιόυ
1017 344 1208 390 ἀνείλατο
1227 351 1302 390 τοῦ
1324 344 1496 401 λάκκου,
1532 345 1732 404 δυσωπή-

228 430 308 464 σας
329 412 403 457 τὸν
424 413 613 468 βασιλέα.
652 412 790 473 τούτῳ
825 417 1086 471 προσαχθεὶς
1118 414 1139 459 ὃ
1159 418 1356 468 Σεδεκίας
1375 419 1448 460 καί
1464 435 1555 461 τινα
1573 418 1731 473 μαθών

227 482 334 542 παρ’
371 482 502 526 αὐτοῦ
533 483 639 542 πρὸς
658 485 869 542 σωτηρίαν
894 483 971 540 οὐχ
988 483 1235 548 ὑπήκουσεν.
1272 482 1324 544 ἦν
1347 488 1392 532 δὲ
1419 486 1734 546 φυλαττόμενος

176 568 178 571 ’
228 555 272 598 ἐν
293 558 345 614 τῇ
368 552 475 612 αὗλῇ
501 552 578 605 ἕως
599 552 666 598 ὅτε
686 552 713 612 ἡ
736 552 854 605 πόλις
876 552 978 611 ἥλω.
1736 563 1761 599 5

185 677 219 713 Β
737 667 977 711 Χαλδαίων
1006 669 1214 725 βασιλεῖς.

263 752 496 797 Χαλδαίων
525 750 585 815 ιζ’-
609 753 849 809 ἐβασίλευσε
866 752 1263 813 Ναβουχοδονόσωρ
1288 752 1358 812 ἔτη
1381 751 1454 812 κγ’.
1491 759 1569 800 τοῦ
1591 755 1636 799 δὲ
1659 751 1733 800 κό-

369 840 477 879 σμου
497 819 548 880 ἦν
567 823 659 874 ε’τος
679 823 841 884 Ιὸωπηῖ

322 893 463 946 Ἄξιον
490 895 541 937 δὲ
571 896 663 951 περὶ
692 899 768 938 τοῦ
798 891 1195 954 Ναβουχοδονόσωρ
1231 894 1349 952 ὃλίγα
1368 894 1646 953 παραθέσθαι
1664 896 1732 939 καὶ

226 968 303 1008 τοῦ
326 964 487 1023 πατρὸς
510 964 640 1008 αὐτοῦ
661 966 705 1008 ἐκ
724 970 808 1009 τῶν
820 963 1057 1023 Βηρώσσου
1081 965 1272 1022 λέγοντος
1288 964 1445 1016 οὕτως·
1483 964 1667 1017 ἀκούσας
1688 966 1733 1009 δὲ
1746 973 1791 1010 10

229 1032 252 1078 ὖ
282 1035 421 1092 πατὴρ
448 1034 580 1078 αὐτοῦ
613 1034 989 1093 Ναβοπαλάσαρος
1025 1034 1087 1078 ὅτι
1116 1036 1364 1092 τεταγμένος
1388 1034 1608 1094 σατράπης
1627 1035 1668 1079 ἵν
1689 1053 1733 1079 τε

229 1103 438 1165 Αἰγύπτῳ
457 1107 525 1148 καὶ
543 1112 630 1157 τοΐς
652 1107 744 1163 περὶ
756 1107 917 1164 Συρίαν
933 1105 1010 1162 τὴν
1028 1107 1170 1161 κοίλην
1188 1107 1257 1148 καὶ
1277 1106 1355 1163 τὴν
1369 1108 1567 1162 Φοινίκην
1588 1104 1735 1157 τόποις

195 1174 482 1231 Οάποστάτης
502 1175 652 1232 γε’γονε,
691 1176 739 1219 οὗ
762 1174 993 1232 δυνάμενος
1012 1175 1140 1226 αὐτὸς
1161 1175 1219 1219 ἔτι
1239 1181 1497 1220 κακοπαθεῖν
1519 1174 1735 1232 συστήσας

230 1250 292 1305 τῷ
311 1246 390 1306 υἱῷ
421 1244 821 1306 Ναβουκοδροσόρῳ
842 1247 947 1304 με’ρη
970 1245 1061 1289 τινὰ
1082 1250 1158 1302 τῆς
1177 1244 1392 1302 δυνάμεως
1410 1246 1636 1302 ἐξέπεμψεν
1656 1246 1730 1289 ἐπ’

232 1311 378 1360 αὐτόν.
418 1317 629 1371 συμμίξας
659 1317 704 1359 δὲ
730 1314 1144 1373 Ναβουκοὸρόσορος
1172 1321 1232 1375 τῷ
1265 1314 1483 1375 ἀποστάτῃ
1502 1318 1569 1360 καὶ
1591 1334 1733 1374 παρα-
1745 1323 1790 1360 15

230 1384 466 1442 ταξάμενος
496 1386 627 1429 αὐτοῦ
660 1396 704 1430 τε
726 1393 874 1445 κρατεῖ
889 1388 958 1429 καὶ
971 1386 1053 1443 τὴν
1070 1384 1216 1444 χώραν
1239 1387 1284 1438 ἐξ
1304 1386 1435 1445 ἀρχῆς
1452 1384 1534 1430 ὖπό
1557 1387 1635 1443 τὴν
1654 1385 1734 1430 αὗ-

230 1461 309 1500 τοῦ
344 1457 560 1512 βασιλείαν
590 1454 828 1513 ἐποιήσατο.
867 1461 927 1516 τῷ
957 1474 1001 1500 τε
1031 1458 1157 1514 πατρὶ
1178 1456 1309 1500 αὐτοῦ
1343 1457 1498 1514 συνέβη
1520 1460 1733 1512 Ναβοπα-

229 1524 406 1586 λασάρῳ
429 1525 750 1585 ἀρρωστήσαντι
767 1525 1024 1583 μεταλλάξαι
1043 1527 1116 1570 τὸν
1135 1528 1231 1582 βίον
1248 1525 1545 1582 βασιλεύσαντι
1566 1526 1637 1584 ἔτη
1651 1525 1731 1571 κα’.

229 1595 485 1653 αἰσθόμενος
532 1598 578 1641 δὲ
614 1597 711 1654 μετ’
736 1597 785 1641 οὐ
815 1597 948 1642 πολὺν
977 1595 1131 1656 χρόνον
1159 1597 1236 1654 τὴν
1255 1601 1330 1641 τοῦ
1360 1597 1521 1656 πατρὸς
1539 1597 1734 1654 τελευτὴν

324 1688 358 1723 1.
383 1685 537 1731 αἰθίωψ
562 1686 602 1720 Β.
716 1687 751 1722 3.
774 1685 912 1733 τούτῳ]
936 1686 1075 1722 τοῦτον
1097 1686 1144 1720 G.
1246 1685 1282 1721 5.
1308 1681 1387 1729 ὅτε]
1412 1686 1614 1732 Legebatur
1631 1683 1733 1722 ὅταν.

403 1735 438 1769 7.
466 1734 536 1780 κγ’]
562 1730 620 1779 ny*
646 1745 692 1768 m.
813 1737 869 1771 10.
903 1732 1100 1781 βηρώσσου
1121 1733 1193 1768 AB.
1221 1734 1430 1779 Βηρωσσοῦ
1451 1735 1499 1769 G.
1554 1734 1733 1780 Excerpta

323 1783 441 1815 autem
464 1783 550 1816 haec
570 1786 651 1815 sunt
670 1793 714 1816 ex
741 1780 873 1816 Euseb.
894 1781 932 1823 Ι,
961 1784 1016 1818 11.
1041 1793 1076 1826 p.
1095 1782 1152 1817 30.
1255 1779 1356 1818 οὕτω
1380 1782 1423 1816 Α.
1532 1782 1588 1816 11.
1614 1779 1653 1816 ἔν
1677 1781 1731 1826 τε]

324 1825 365 1863 ἐν
383 1829 430 1875 τῇ
456 1829 504 1863 Gr.
624 1828 681 1864 13.
707 1827 932 1875 δυνάμενος]
958 1827 1165 1873 δυνάμενος
1185 1829 1259 1864 ΑΒ.
1340 1868 1343 1875 ,
1372 1828 1429 1865 14.
1457 1829 1734 1875 Ναβουκοδρο-

323 1871 438 1920 σόρῳ]
475 1873 791 1922 ναβοκοδροσόρῳ
811 1877 885 1912 AB.
927 1875 1308 1924 Ναβουχοδονοσόρῳ
1331 1876 1378 1911 G.
1405 1876 1734 1912 Nabucodrossorus

322 1923 419 1968 apud
435 1923 625 1958 Eusebium
644 1923 822 1958 scribitur.
929 1925 984 1960 15.
1013 1922 1144 1969 αὐτόν]
1171 1923 1299 1959 αὐτῶν
1321 1923 1369 1958 G.
1472 1921 1733 1970 ναβουκοδρό-

321 1981 436 2014 σορος
455 1973 497 2005 Α.
524 1971 850 2016 ναβοκοδρόσορος
867 1971 909 2005 Β.
936 1969 1328 2018 Ναβουχοδονόσορος
1349 1971 1397 2006 G.
1510 1972 1565 2007 16.
1593 1967 1731 2014 αὐτοῦ]

321 2017 524 2062 Legebatur
544 2015 683 2054 αὐτῶν.
701 2018 907 2054 correctum
925 2031 970 2054 ex
987 2019 1136 2065 Iosepho
1156 2019 1275 2065 Antiq.
1289 2019 1344 2061 X,
1371 2018 1428 2054 11.
1451 2017 1521 2054 vssol.
1542 2018 1572 2053 I.
1590 2030 1626 2065 p.
1650 2019 1731 2055 537.

230 2098 424 2140 lamnam,
457 2098 495 2133 in
521 2098 703 2134 cisternam
731 2100 926 2136 coniicitur.
975 2100 1146 2147 Aethiops
1163 2099 1396 2135 Abdemelech
1414 2098 1585 2134 Sedeciae
1610 2098 1732 2133 dome--

231 2146 341 2181 sticus
362 2146 452 2180 eruit
469 2158 489 2180 e
505 2146 655 2181 cisterna
674 2146 896 2190 Hieremiam,
921 2147 1064 2194 eiusque
1084 2148 1228 2182 salutem
1250 2160 1271 2182 a
1289 2158 1376 2191 rege
1391 2145 1612 2192 deprecatur.
1659 2145 1733 2179 Ad-

231 2198 338 2228 vocat
356 2193 560 2238 prophetam
578 2194 746 2228 Sedecias
770 2198 806 2229 et
828 2195 874 2228 de
899 2196 1003 2229 rebus
1028 2206 1204 2228 commune
1233 2195 1356 2228 bonum
1382 2193 1623 2237 spectantibus
1647 2192 1731 2227 edo-

232 2245 331 2282 ctus,
356 2240 520 2274 assentiri
537 2242 721 2276 detrectat.
768 2241 950 2287 Propheta
969 2241 1144 2276 detinetur
1164 2240 1201 2275 in
1218 2241 1299 2276 aula
1315 2240 1453 2276 vinctus
1471 2251 1584 2286 usque
1602 2239 1646 2275 ad
1671 2250 1732 2275 ur-

231 2287 286 2323 bis
303 2288 488 2323 excidium.

748 2358 1040 2399 Chaldaeorum
1069 2373 1195 2412 reges,

278 2426 533 2462 chaldaeorum
551 2438 615 2462 rex
635 2428 679 2463 17
696 2426 1020 2462 Nabuchodonosor
1036 2428 1134 2462 annis
1152 2427 1219 2470 43,
1243 2426 1364 2463 mundi
1380 2438 1466 2462 vero
1483 2424 1591 2463 4888.

324 2474 502 2509 Nonnulla
528 2474 573 2509 de
591 2473 914 2509 Nabuchodonosor
944 2480 980 2509 et
1015 2474 1089 2510 eius
1120 2480 1221 2521 patre
1249 2486 1292 2509 ex
1309 2475 1464 2516 Beroso,
1490 2473 1547 2509 hic
1575 2473 1731 2508 inserere

230 2521 410 2569 proposito
430 2521 523 2556 nulla
547 2525 650 2556 tenus
668 2521 818 2557 alienum
845 2525 909 2556 est.
958 2521 1057 2556 Haec
1083 2522 1142 2557 ille
1167 2521 1306 2557 scribit.
1354 2522 1510 2567 Cognita
1540 2520 1732 2555 rebellione

226 2574 416 2614 satrapae,
451 2569 510 2615 qui
534 2568 571 2603 in
602 2570 764 2614 Aegypto
791 2569 945 2615 locisque
969 2569 1013 2603 ad
1034 2569 1272 2615 Coelesyriam
1309 2572 1346 2603 et
1367 2568 1567 2603 Phoenicen
1592 2566 1731 2613 positis,

231 2627 380 2663 quorum
410 2616 668 2661 praefecturam
700 2615 870 2660 gerebat,
904 2627 961 2650 res
992 2628 1101 2652 novas
1129 2616 1358 2658 moliebatur,
1393 2613 1732 2651 Nabuchodonosori

231 2668 335 2710 pater
354 2663 641 2709 Nabopalasarus
671 2663 760 2697 mala
787 2662 983 2697 istiusmodi
1005 2675 1072 2698 non
1100 2664 1246 2698 serenda
1271 2668 1389 2706 rama,
1421 2667 1578 2697 coactam
1605 2661 1731 2696 virium

259 2716 368 2745 artem
386 2710 460 2745 filio
477 2710 691 2745 commendat
710 2714 746 2744 et
762 2709 798 2743 in
818 2709 1029 2745 desertorem
1054 2709 1172 2745 mittit.
1219 2710 1396 2745 Instructa
1419 2709 1529 2754 igitur
1555 2708 1632 2743 acie
1657 2707 1732 2741 col-

245 2758 386 2803 atisque
413 2769 490 2792 cum
519 2769 561 2792 eo
588 2757 699 2802 signis
728 2757 887 2802 superior
912 2757 1280 2793 Nabuchodonosorus
1305 2756 1445 2798 evadit,
1478 2757 1731 2799 liberatamque

256 2804 466 2847 rovinciam‚
489 2803 773 2851 quemadmodum
795 2804 892 2850 prius
912 2815 973 2838 suo
998 2804 1153 2838 restituit
1174 2804 1331 2850 imperio.
1381 2803 1434 2837 Eo
1453 2807 1610 2849 tempore
1636 2799 1731 2847 patri

229 2815 497 2897 glabopalasaro
514 2851 673 2898 graviori
688 2851 806 2886 morbo
829 2856 992 2896 correpto
1010 2851 1108 2886 annis
1128 2854 1174 2887 21
1194 2857 1336 2898 sceptra
1360 2849 1540 2885 moderato
1565 2858 1730 2883 excessus

230 2909 252 2932 e
266 2897 342 2934 vita
360 2899 519 2946 contigit.
569 2899 671 2935 Mora
688 2898 825 2934 modica
850 2898 1037 2934 interiecta
1061 2899 1175 2946 patris
1199 2903 1344 2935 mortem
1360 2897 1524 2946 percepit
1540 2894 1730 2933 Nabucho-
