1800 3236
552 201 1101 252 ‘CHRONOGRAPHIAA
1483 183 1586 246 '281

81 317 324 377 ἔπῶνυμος,
358 319 528 362 πολλῶν
553 313 891 374 διαφθαρέντων·
909 314 1138 366 διασωθεὶς
1163 311 1369 371 μετὰ-τὴν
1389 312 1470 358 ἀπ’
1495 317 1625 359 Αἷ-Ῑ)

80 389 240 450 γύπτου
268 393 347 434 τοῦ
377 391 485 432 λαοῦ
518 386 626 443 μετὰ
655 385 880 437 Μωῢσέως
901 383 1047 438 ἔξοδον
1074 384 1366 442 γεγενῆσθαι.”
1400 386 1471 428 καὶ
1487 387 1584 442 μετ’

81 449 202 519 ὀλίγα
219 500 221 502 .
231 492 263 516 ,,
272 457 404 504 Μετὰ
427 458 474 502 δὲ
494 456 676 516 ’Ώγυγον
708 455 781 500 διὰ
801 455 881 513 τὴν
905 454 990 502 ἀπὸ
1007 459 1085 500 τοῦ
1107 458 1407 510 κατακλυσμοῦ
1428 456 1589 514 πολλὴν

81 530 258 590 φθορὰν
284 528 561 586 ἀβασίλευτος
588 527 742 584 ἴμεινεν
763 524 791 584 ἦ
811 530 887 571 νῦν
898 525 1065 583 Ἀττικὴ
1082 525 1204 585 μέχρι
1219 525 1443 585 Κέκροπος
1465 525 1587 584 μεθ’.

42 609 68 646 5
81 601 252 657 τὸνμὲν
268 599 351 659 γὰρ
360 599 542 657 Ὤγυγον
558 597 774 653 Ἀκταῖον,
816 595 845 654 ἢ
875 596 933 640 τὰ
950 595 1223 652 πλασσόμενα
1243 600 1329 641 τῶν
1350 594 1587 653 ὀνομάτων,

80 671 180 716 οὖδὲ
197 671 394 729 γενέσθαι
427 670 557 727 φησὶν
576 666 598 713 ὁ
634 665 913 726 Φιλόχορος.”
949 669 1020 711 καὶ
1041 667 1148 723 μεθ’
1171 667 1292 726 ἕτερα
1309 667 1444 723 »Ἀπὸ
1461 665 1590 726 Ὠγύ-

78 759 155 801 γου
183 742 326 786 τοίνυν
363 741 431 784 ἐπὶ
448 742 619 798 Κῦρον,
657 737 773 790 ὅπως
800 737 885 782 ἀπὸ
908 738 1134 789 Μωὶίσέως
1152 738 1219 782 ἐπὶ
1236 738 1311 783 τὸν
1329 737 1463 782 αὐτοῦ·
1482 736 1590 798 χρό-

79 831 153 858 νον
171 808 394 872 ἕτηιασλέ.
416 809 526 854 ἀλλὰ
545 811 613 853 καὶ
629 806 837 866 Ἑλλήνων
850 808 901 852 δέ
915 826 1023 860 τινες
1043 808 1259 867 ἱστοροῦσι
1276 809 1386 853 κατὰ
1398 809 1499 861 τοὺς
1510 809 1590 853 αὔ-

78 882 181 933 τοῦς
187 880 368 942 χρόνους
379 880 575 939 γενέσθαι
587 879 782 924 Μωὶίσὲα
795 892 807 903 ·
818 879 1031 935 Πολέμων
1041 879 1120 935 μὲν
1129 879 1172 923 ἓν
1181 877 1329 939 πρώτῃ
1339 884 1425 924 τῶν
1439 878 1590 939 Ἑλλη-

22 963 69 1000 10
79 957 206 999 νικῶν
228 953 424 1010 ἱστοριῶν
440 950 584 1008 λέγων,
599 941 666 994 ἐπὶ
676 941 850 1000 Ἄπιδος
869 953 946 994 τοῦ
959 949 1193 1007 Φορωνέως
1211 957 1342 1009 μοῖρα
1360 954 1439 995 τοῦ
1448 952 1588 1009 Αἴγυ-

78 1025 211 1068 πτίων
229 1025 418 1080 στρατοῦ
435 1012 621 1074 ἐξέπεσεν
642 1017 891 1078 Αἰγύπτου,
929 1020 976 1065 οἳ
999 1020 1043 1064 ἓν
1064 1024 1119 1078 τῇ
1137 1021 1409 1080 Παλαιστίνῃ
1427 1026 1586 1066 καλου-
1607 1027 1650 1064 Ρ.
1676 1026 1745 1067 149

76 1094 182 1153 μένῃ
200 1091 416 1155 Συρίᾳγοῧ
446 1089 593 1151 πόρρω
607 1090 811 1149 Ἀραβίας
829 1089 1024 1150 ᾤκησαν,
1063 1085 1180 1135 οὗτοι
1200 1089 1395 1148 δηλονότι
1417 1092 1458 1136 οἱ
1477 1093 1586 1149 μετὰ

77 1163 315 1214 Μωῦσέως.
358 1161 514 1207 Ἀπίων
546 1162 593 1206 δὲ
621 1161 912 1206 Ποσειδωνίου
942 1159 1263 1219 περιεργότατος
1286 1168 1588 1221 γραμματικῶν

78 1235 123 1279 ἓν
152 1238 206 1293 τῇ
236 1232 346 1278 κατὰ
373 1232 590 1277 Ἰουδαίων
622 1232 761 1292 βίβλῳ
793 1232 863 1275 καὶ
888 1232 933 1276 ἐν
955 1229 1010 1281 ,δ’
1033 1236 1119 1277 τῶν
1138 1232 1333 1291 ἱστοριῶν
1352 1250 1456 1291 φησι
1476 1234 1586 1279 κατὰ

20 1304 234 1362 15Ἴναχον
252 1303 430 1363 Ἄργους
456 1301 636 1360 βασιλέα
666 1298 871 1357 Ἀμῶσιος
897 1299 1120 1359 Αἶγῦπτου
1149 1301 1446 1359 βασιλεύοντος
1473 1304 1586 1349 ἀπο·

77 1379 229 1432 στῆναι
245 1373 491 1428 Ἰουδαίους,
530 1367 589 1418 ὧν
610 1373 803 1431 γίνεσθαι
825 1372 1033 1417 Μωϋσὲα.
1068 1372 1276 1429 μέμνηται
1299 1374 1346 1417 δὲ
1366 1376 1437 1418 καὶ
1452 1373 1585 1434 Ἡρό-

78 1448 205 1497 δοτος
222 1447 300 1502 τῆς
321 1443 586 1496 ἀποστασίας
603 1440 763 1500 ταύτης
780 1444 850 1486 καὶ
862 1441 1069 1499 Ἀμώσιος
1093 1444 1137 1487 ἓν
1155 1447 1208 1502 τῇ
1229 1444 1417 1506 δευτέρᾳ,
1438 1436 1583 1507 τρόπῳ

77 1516 130 1561 δέ
159 1533 241 1560 τινι
282 1516 354 1559 καὶ
390 1515 630 1570 Ἰουδαίων,
666 1514 710 1558 ἓν
739 1519 831 1565 τοῖς
859 1512 1219 1573 περιτεμνομὲνοις
1259 1513 1414 1569 αὖτοὺς
1448 1533 1582 1561 κατα-

202 1590 223 1600 *
265 1585 292 1607 7,

106 1591 157 1631 ιθ
173 1604 262 1630 ιων.

16 1604 104 1704 2ορ
154 1605 171 1643 μ
186 1659 354 1702 Τοῦτον
379 1653 456 1700 τὸν
476 1649 596 1700 Ἄπίν
627 1669 733 1715 φησι
751 1657 920 1714 πρῶτον
936 1654 1187 1712 Αἶγυπτίοις
1201 1658 1459 1713 νομισθῆναι
1475 1655 1581 1714 θεὸν

76 1728 147 1774 καὶ
165 1725 360 1787 Σάραπιν
380 1729 605 1784 κληθῆναι.
645 1719 770 1777 οὗτος
786 1724 860 1770 τὸν
876 1724 1059 1784 ἀδελφὸν
1074 1725 1283 1791 Αἰγιαλέα
1301 1730 1378 1783 τῆς
1390 1726 1575 1784 Ἀχαΐας,

171 1831 205 1866 1.
227 1824 336 1873 μετὰ]
363 1823 462 1862 κατὰ
483 1837 661 1872 superscr.
679 1823 717 1860 in
733 1823 776 1860 A.
878 1820 951 1861 ἄπ’
971 1821 1159 1871 aly-imno
1175 1826 1220 1861 A.
1242 1824 1434 1873 Αἴγυπτον
1457 1826 1506 1861 G.

168 1877 205 1910 2.
228 1874 456 1921 γεγενῆσθαι
481 1873 654 1919 Scaliger.
694 1870 920 1920 γενήσεσθαι
940 1873 989 1907 G.
1011 1871 1190 1918 γενέσθαι
1208 1885 1254 1909 m.
1364 1875 1401 1911 3.
1414 1870 1578 1921 Ὤγυγον

169 1922 345 1967 Scaliger.
371 1919 529 1968 ,Ωγύγου
553 1921 603 1955 G.
716 1922 772 1957 11.
796 1918 836 1956 οἳ
856 1919 1018 1966 Scaliger
1040 1932 1076 1968 p.
1095 1921 1153 1957 26.
1178 1917 1203 1966 ἡ
1221 1921 1271 1956 G.
1376 1923 1435 1958 12.
1460 1922 1576 1969 Vulgo

168 1969 374 2018 Αρῥαβίας.
485 1969 542 2006 13-
566 1967 684 2012 Vulgo
703 1968 959 2005 Ποσιδωνίου.
1075 1968 1134 2006 15.
1158 1968 1275 2015 Vulgo
1287 1965 1480 2016 Αμοίσιως.

171 2019 231 2054 16.
253 2018 430 2065 γίνεσθαι
442 2017 485 2052 Α.
506 2013 685 2063 γενέσθαι
708 2016 757 2051 G.

75 2100 212 2142 vatum,
235 2110 324 2135 aevo
342 2098 422 2142 illo,
446 2110 516 2146 qno
547 2108 626 2133 cum
650 2095 780 2143 populo
796 2096 918 2132 Moses
936 2095 1115 2143 profectus
1135 2098 1211 2140 est,
1234 2096 1395 2133 extitisse
1422 2097 1577 2134 affirma-

75 2145 196 2183 muS.”
242 2146 294 2182 Et
307 2151 387 2194 post
404 2145 590 2182 nonnulla:
614 2145 831 2187 „devastato
850 2144 975 2179 diluvii
994 2144 1095 2191 aquis
1112 2144 1286 2179 hominum
1307 2157 1439 2191 genere
1465 2157 1575 2192 usque

75 2194 122 2228 ad
138 2193 307 2240 Cecropis
325 2198 474 2230 aetatem
495 2197 532 2228 et
549 2204 657 2228 annos
674 2191 742 2229 189
760 2195 841 2237 post
853 2191 1019 2237 ogygum
1037 2191 1171 2238 absque
1186 2192 1331 2238 regibus
1348 2192 1469 2228 Attica
1483 2204 1575 2228 nunc

74 2240 175 2276 dicta
199 2241 301 2287 regio
330 2240 532 2287 permansit.
581 2239 709 2274 Verum
739 2237 829 2273 enim
854 2250 938 2273 vero
966 2238 1133 2274 Actaeum
1151 2239 1318 2286 Ogygum
1343 2239 1402 2275 vel
1426 2240 1575 2286 quaevis

73 2287 144 2322 alia
161 2287 246 2323 ficta
258 2288 395 2323 nomina
410 2299 580 2334 nusquam
594 2285 755 2321 extitisse
772 2284 1005 2320 Philochorus
1019 2285 1206 2320 affirmat.”
1252 2285 1411 2333 Aliisqne
1427 2287 1575 2322 interiev

75 2334 165 2369 ctis:
188 2335 260 2390 ,φο
284 2336 413 2381 Ogygo
430 2347 542 2381 usque
559 2334 606 2369 ad
626 2334 781 2379 Cyrum,
807 2332 908 2368 velut
925 2343 950 2368 a
966 2331 1068 2368 Mose
1082 2333 1129 2369 ad
1156 2332 1304 2369 eundem
1322 2345 1433 2381 usque
1452 2333 1574 2369 termi-

74 2392 157 2416 num
174 2393 258 2416 anm
272 2386 497 2417 numerantur
515 2381 618 2417 1235.

170 2429 267 2470 Quin
290 2428 392 2463 immo
413 2429 630 2463 Graecarum
649 2425 875 2462 historiarum
901 2425 1090 2473 scriptores
1114 2427 1231 2474 spatio
1254 2426 1422 2474 temporis
1449 2426 1571 2462 eodem

72 2475 200 2511 Mosen
216 2475 351 2510 vixisse
369 2475 599 2521 profitentur;
621 2474 788 2509 Polemon
808 2473 946 2520 quidem
969 2474 1062 2511 libro
1084 2475 1195 2521 primo
1214 2474 1355 2510 dicensz
1381 2474 1451 2521 Api
1477 2474 1571 2509 Pho-

73 2522 172 2557 ronei
199 2522 272 2556 filio
297 2527 468 2568 regnante
496 2520 708 2567 Aegyptiaci
732 2520 909 2556 exercitus
940 2521 1035 2556 haud
1055 2522 1191 2558 modica
1210 2534 1332 2557 manus
1355 2521 1472 2556 deleta
1495 2524 1570 2563 θείς

75 2569 219 2604 fuerunt
237 2569 310 2612 isti,
332 2568 395 2615 qui
413 2567 507 2603 Mosi
524 2569 667 2602 comites
686 2567 842 2603 adiuncti
858 2567 1105 2612 Palaestinam,
1129 2569 1198 2604 alio
1209 2569 1344 2604 nomine
1362 2568 1489 2604 dictam
1499 2569 1571 2613 Sy-

72 2615 158 2651 riam
170 2642 183 2658 ,
205 2617 252 2652 ab
268 2616 398 2651 Arabia
414 2627 484 2650 non
504 2614 610 2660 longe
628 2613 799 2660 positam,
822 2622 1091 2661 occupaverunt.
1136 2616 1251 2663 Apion
1267 2622 1394 2659 autem,
1420 2614 1570 2649 Posido-

73 2662 124 2697 nii
142 2662 249 2705 filius,
259 2663 573 2699 Grammaticorum
588 2661 879 2704 accuratissimus,
896 2673 1005 2709 opere
1021 2664 1189 2699 adversus
1204 2664 1352 2699 Iudaeos
1371 2662 1477 2704 edito,
1502 2660 1570 2696 ffl-

71 2710 281 2745 storieorum
299 2710 466 2745 videlicet
484 2712 609 2755 quarto
623 2709 755 2743 refert:
777 2708 900 2744 Inachi
916 2710 1125 2756 Argivorum
1141 2711 1237 2757 regis
1260 2715 1376 2745 aetate
1389 2710 1434 2743 ab
1450 2706 1567 2743 Amosi

72 2756 229 2803 Aegypti
255 2769 341 2803 rege
368 2755 517 2791 Iudaeos
541 2756 642 2790 Mose
669 2755 758 2792 duce
783 2756 969 2793 defecisse.
1034 2758 1130 2794 Sane
1154 2757 1359 2794 defectionis
1387 2755 1492 2789 istius
1523 2765 1567 2789 ac

72 2803 209 2849 pariter
226 2803 363 2838 Amosis
381 2808 418 2839 et
444 2805 541 2838 certo
562 2802 710 2849 quodam
728 2807 832 2850 pacto
850 2803 1055 2840 Iudaeorum
1085 2805 1190 2841 etiam
1204 2831 1216 2848 ‚
1238 2816 1325 2851 quos
1346 2801 1569 2838 circumciso-

72 2861 149 2885 rum
166 2861 308 2886 numero
325 2857 507 2892 accenset,
529 2849 619 2885 libro
634 2851 788 2886 secundo
806 2850 960 2886 meminit
980 2852 1193 2888 Herodotus,
1486 2874 1492 2877 »
1535 2869 1538 2872 >

164 2897 268 2943 Apim
294 2897 399 2933 istum
429 2897 579 2944 Serapis
603 2897 742 2933 nomine
763 2897 942 2943 insignem*
956 2897 1085 2934 divinis
1105 2898 1295 2934 honoribus
1313 2897 1359 2931 ab
1379 2894 1568 2942 Aegyptiis

71 2948 258 2991 exceptum
284 2945 503 2992 primumque
529 2944 624 2982 iuter
652 2945 756 2983 divos
784 2944 932 2982 relatum
955 2948 1112 2983 narrant.
1159 2945 1257 2982 Idem
1275 2944 1418 2980 tratrem
1435 2941 1568 2991 Aegia-
