1800 3236
261 116 366 168 560
694 124 946 171 GEORGII
973 125 1260 173 SYNCELLI

261 243 380 296 βειαν
423 234 644 289 εῧσταθῶς
675 233 973 294 ’βασιλεύσασα
1014 236 1098 296 ἴτη,
1121 236 1183 285 θ’.
1221 235 1380 298 ταύτην
1409 239 1458 286 τὸ
1493 242 1750 301 Φαρισαῖκόν

224 307 409 368 Βῆγάπα
447 306 668 365 σύστημα,
713 305 772 359 ὥς
797 312 881 352 τῶν
918 308 1058 354 ἄλλων
1085 307 1186 366 δύο,
1224 312 1526 356 Σαδδουκαίων
1563 315 1632 357 καὶ
1653 313 1752 357 Ἐσ-

259 384 415 439 σηνῶν,
451 379 739 436 εὐσεβέστερον
757 376 859 422 εἶναι
880 380 1045 435 δοκοῦν,
1084 381 1153 423 καὶ
1170 379 1335 432 τούτοις
1354 381 1429 438 τὴν
1450 386 1535 425 τῶν
1553 381 1751 441 πραγμά-

259 469 346 496 των
371 452 543 509 ἐγχειρεῖ
568 449 767 505 διοίκησιν
789 446 847 499 ὥς
864 447 1082 507 θεοφιλής,
1121 453 1190 494 καὶ
1211 446 1264 508 ἦν
1283 449 1310 508 ἦ
1329 452 1405 508 μὲν
1429 449 1659 504 ἀπόλαυσις
1674 458 1751 510 τῆς

259 521 394 581 ἀρχῆς
421 524 507 565 τῶν
539 520 784 578 Φαρισαίων
813 517 1078 575 δεσμούντων
1114 523 1182 564 καὶ
1201 519 1387 566 λυόντων
1407 519 1464 572 ὥς
1483 520 1664 579 ἤθελον,
1702 523 1779 567 ais

260 595 307 638 δὲ
337 591 569 649 δυσχέρειαι
599 594 676 646 τῆς
704 589 921 647 γυναικὸς,
961 592 1105 649 καίπερ
1127 590 1256 649 οῦσης
1278 592 1509 649 δεινοτέρας
1527 594 1596 636 καὶ
1620 594 1753 651 φοβε-

260 667 338 722 ρᾶς
355 669 444 712 τοῖς
465 660 556 712 ἔξω.
594 660 701 717 πλὴν
718 655 817 716 ἦρχε
837 665 922 705 τῶν
941 665 1107 705 πολλῶν
1124 663 1191 705 καὶ
1211 661 1360 720 ἤρχετο
1377 659 1454 705 ὑπ’
1480 662 1632 707 αὐτῶν.
1673 661 1750 708 δύο

258 734 305 778 δὲ
333 733 494 777 παίδων
518 728 842 789 Ἀριστοβούλου
876 732 944 774 καὶ
970 729 1177 790 ’Υρκανοῦ
1208 730 1342 791 ταύτῃ
1371 730 1614 790 προσόντων
1644 732 1751 790 αῧτὴ

254 803 331 862 τὴν
351 802 567 860 βασιλείαν
593 799 785 861 “Υρκανῷ
812 806 872 861 τῷ
892 803 1159 862 πρεσβυτέρῳ
1186 804 1379 860 ἐπέτρεπε
1400 804 1493 861 περὶ
1513 803 1586 847 τὸν
1608 801 1751 847 θοίνα-

97 885 140 921 Ρ.
162 884 235 923 296
257 892 346 929 τον,
379 869 688 933 Ἀριστοβούλῳ
707 872 753 915 δὲ
770 876 830 932 τῷ
849 872 1034 932 νεωτέρῳ
1055 873 1131 930 τὴν
1150 871 1468 932 ἀρχιερωσύνην.
1507 872 1604 916 ἀλλ’
1626 867 1750 925 οὗτος
1761 879 1800 916 10

256 941 525 1000 ἀσθενούσης
553 947 630 999 τῆς
655 942 817 1000 μητρὸς
847 941 1044 1001 ἁρπάσας
1076 943 1150 987 τὸν
1180 944 1325 1003 καιρὸν
1353 942 1460 1000 μετὰ
1488 947 1655 987 πολλῶν
1687 945 1752 987 οῗ-

256 1020 385 1061 κετῶν
400 1019 547 1073 κρατεῖ
562 1017 644 1057 τῶν
664 1010 884 1071 ἐρυμάτων
902 1015 970 1056 καὶ
986 1011 1283 1073 μισθοφόρους
1300 1015 1344 1057 ἐκ
1362 1010 1522 1057 τούτων
1542 1009 1751 1072 ἁθροίσας

94 1096 142 1133 V.-
163 1094 234 1132 236
257 1093 346 1138 τοῖς
373 1083 583 1143 χρήμασιν
611 1082 772 1127 ἀνεῖπεν
801 1081 951 1127 ἑαυτὸν
981 1084 1171 1137 βασιλέα.
1209 1084 1283 1128 τὸν
1314 1083 1577 1141 δὲ“Υρκανὸν
1603 1085 1752 1128 οἰκτεί-

255 1173 390 1218 ρουσα
408 1155 570 1200 Σαλίνα
590 1151 845 1210 πονούμενον
860 1153 936 1210 τὴν
947 1152 1273 1212 Ἀριστοβούλου
1291 1153 1473 1212 γαμετὴν
1498 1153 1574 1198 σὺν
1594 1155 1750 1206 τέκνοις
1794 1158 1800 1167 ’

254 1229 448 1287 καθεῖρξε
466 1224 571 1283 πρὸς
581 1229 641 1284 τῷ
660 1225 813 1284 βορείῳ
830 1224 996 1279 κλίματι
1009 1228 1084 1268 τοῦ
1103 1229 1207 1268 ναοῦ
1226 1227 1283 1276 εἷς
1293 1228 1447 1283 Βαρεΐς
1457 1223 1505 1268 τὸ
1521 1222 1748 1283 φρούριον·
1760 1231 1800 1269 15

254 1301 323 1344 καὶ
343 1299 385 1342 ἓν
405 1293 569 1346 τούτοις
581 1298 751 1356 τελευτᾷ
770 1295 866 1352 πρὶν
877 1293 1200 1352 Ἀριστόβουλον
1220 1293 1545 1353 τιμωρήσασθαι
1563 1297 1655 1353 περὶ
1674 1299 1751 1352 τῆς

253 1368 353 1414 καθ’
371 1366 579 1426 εΥρκανοῦ
597 1362 919 1415 ἐπαναστάσεως
940 1362 1202 1422 διοικήσασα,
1228 1364 1284 1417 ὥς
1303 1367 1558 1424 προείρηται,
1579 1365 1656 1422 τὴν
1670 1365 1751 1424 ἆρ-

247 1440 330 1498 χὴν
351 1438 480 1483 ἔτεσιν
507 1434 554 1481 θ’
576 1437 643 1479 καὶ
665 1435 738 1480 τὸν
764 1433 970 1494 εΥρκανὸν
987 1433 1145 1492 ταύτης
1164 1434 1424 1495 κληρονόμον
1444 1439 1748 1482 καταλιποῦσα.

211 1510 358 1569 Βπρός
386 1507 433 1553 ὃν
459 1504 783 1566 Ἀριστόβουλος
812 1504 1160 1564 παραταξάμενος
1192 1507 1360 1567 πολέμῳ
1390 1509 1483 1567 νικᾷ
1505 1505 1609 1564 πρὸς
1632 1503 1749 1565 Ἶερι-

245 1585 408 1638 χοῦντα
435 1576 687 1634 συμβαλὼν,
724 1578 795 1621 καὶ
825 1577 1127 1633 μεταβαίνουσι
1154 1577 1260 1636 πρὸς
1279 1576 1408 1621 αῦτόν
1430 1576 1471 1620 οἳ
1488 1578 1654 1627 πλειόυς
1671 1580 1800 1634 τῆς20

246 1650 454 1711 Ὑρκανοῦ
485 1650 651 1708 μοίρας.
690 1646 712 1693 ὅ
745 1648 791 1692 δὲ
820 1647 920 1704 μετ’
953 1646 1100 1706 ὀλίγων
1131 1649 1265 1707 φίλων
1291 1647 1340 1693 τὸ
1359 1647 1508 1706 λεχθὲν
1529 1647 1574 1691 ἓν
1592 1644 1748 1707 Ἰερου-

343 1774 380 1811 2.
404 1770 569 1820 ἕσσηνῶν
583 1772 626 1807 Β.
652 1772 802 1808 Εσινῶν
821 1771 870 1807 G.
999 1771 1034 1808 3.
1060 1771 1201 1808 δοκοῦν
1225 1770 1397 1818 Scaliger.
1437 1769 1551 1816 Vulgo
1576 1766 1746 1807 ἐδόκουν.

415 1823 450 1858 6.
475 1819 670 1867 δυσχέρεια
690 1819 735 1856 Β.
831 1815 948 1865 οὔσης
964 1818 1008 1854 Β.
1034 1817 1166 1861 οὔσαις
1182 1820 1229 1854 G.
1325 1821 1382 1856 12.
1405 1816 1445 1855 ἐκ
1462 1816 1608 1854 τούτων
1620 1830 1685 1852 om.
1698 1818 1746 1855 G.

418 1866 476 1906 14.
501 1869 643 1914 σαλήνοι
663 1868 705 1902 Β.
774 1904 776 1906 ,
824 1868 880 1904 15.
905 1868 1103 1913 καθεῖρξεν
1125 1867 1197 1903 ΑΒ.
1220 1868 1425 1915 καθείρξας
1448 1866 1497 1902 G.
1601 1867 1655 1907 εἰς
1677 1867 1747 1913 βα-

345 1917 445 2000 ρεῒςὶ3
448 1917 523 1953 AB.
553 1914 735 1965 εἰσβανεὶς
763 1915 812 1952 G.
845 1915 900 1958 εἰς
928 1912 1049 1962 Βάριν
1076 1914 1250 1962 Scaliger.
1408 1915 1467 1952 18.
1497 1913 1747 1951 καταλειποῦ·

346 1976 395 2002 σα
448 1990 459 2001 .

252 2071 400 2107 nendum
417 2074 642 2119 paraverunt.
690 2070 787 2107 lllam
805 2069 1071 2107 Pharisaeorum
1097 2068 1294 2106 sodalitium
1316 2069 1595 2106 Sadducaeorum
1622 2071 1659 2103 et
1674 2067 1746 2102 Es-

254 2132 412 2155 senorum
427 2119 538 2155 visum
558 2120 674 2166 potius
691 2119 812 2154 maiori
829 2119 1013 2155 sedulitate
1041 2119 1194 2160 colebat3
1218 2118 1346 2164 illaque
1372 2117 1522 2152 vicissim
1535 2141 1546 2158 ,
1569 2114 1750 2161 religionis

254 2167 410 2202 studiosa
424 2167 626 2202 Pharisaeis
643 2167 841 2203 melioribus
863 2165 1074 2208 aestimatis,
1099 2166 1260 2212 publicae
1280 2166 1333 2200 rei
1353 2177 1469 2200 curam
1490 2164 1747 2205 committebat3

254 2213 421 2260 quocirca
439 2226 545 2260 penes
562 2215 770 2250 Pharisaeos
785 2226 849 2262 pro
869 2214 979 2249 libero
999 2213 1128 2248 animos
1149 2213 1298 2257 ligantes
1316 2212 1374 2247 vel
1394 2212 1593 2247 relaxantes
1621 2221 1748 2256 supre-

247 2273 325 2296 mae
350 2261 467 2296 stabat
488 2262 672 2307 potestatis
697 2274 803 2304 usus3
838 2261 991 2296 mulieris
1018 2273 1100 2295 vero
1133 2265 1306 2294 austeram
1343 2271 1481 2306 semper
1505 2263 1542 2294 et
1570 2256 1748 2293 extraneis

248 2319 390 2354 gravem
415 2311 452 2343 et
477 2309 661 2344 timendam
689 2321 729 2343 se
765 2307 961 2344 exhibentis
987 2307 1165 2342 molestiae
1190 2306 1330 2341 fuerunt
1355 2306 1531 2353 propriae.
1579 2304 1746 2340 Pluribus

248 2355 315 2390 hoc
343 2357 447 2401 pacto
469 2356 537 2390 sibi
563 2356 667 2402 plane
687 2355 854 2390 subiectis
881 2355 959 2401 ipsa
987 2366 1030 2388 ex
1048 2355 1316 2389 Pharisaeorum
1342 2358 1428 2389 nutu
1456 2357 1533 2388 tota
1559 2352 1747 2400 pendebat,

247 2401 404 2437 Duorum
436 2407 550 2437 autem
576 2414 620 2437 ex
652 2414 691 2437 se
721 2403 868 2437 filiorum
890 2402 950 2436 uni
977 2402 1116 2448 quidem
1135 2401 1303 2447 Hyrcano
1333 2401 1491 2436 nimirum
1517 2399 1649 2435 seniori
1673 2399 1745 2433 leto

248 2450 406 2497 proxima
441 2461 586 2495 regnum
613 2449 756 2495 reliquit
772 2475 783 2493 ‚
818 2449 946 2484 iuniori
975 2448 1172 2484 Aristobulo
1202 2448 1407 2494 pontificatu
1436 2447 1627 2494 assignato.
1675 2445 1745 2480 Hic

249 2499 360 2533 matre
380 2497 496 2532 morbo
517 2501 666 2542 gravata
685 2503 825 2544 tempus
850 2497 1058 2532 commodum
1084 2499 1226 2538 nactus,
1251 2497 1390 2531 munitis
1418 2495 1631 2542 quibuslibet
1657 2493 1745 2528 locis

248 2544 452 2591 occupatis,
476 2545 726 2590 conductisque
747 2544 894 2590 pecnnia
922 2545 1090 2579 militibus
1111 2554 1230 2588 regem
1249 2555 1287 2579 se
1309 2544 1511 2590 proclamat.
1558 2541 1680 2576 Salina
1701 2550 1744 2574 ex

248 2591 397 2627 adverso
415 2591 570 2638 Hyrcani
590 2591 712 2626 afflicti
730 2593 895 2626 miserata
904 2592 1097 2627 Aristobuli
1114 2602 1256 2627 uxorem
1275 2603 1351 2626 cum
1368 2590 1489 2626 liberis
1507 2588 1639 2624 boreali
1656 2592 1746 2622 tem-

248 2639 299 2685 pli
320 2639 472 2674 statione
498 2643 535 2674 et
554 2638 729 2686 praesidio
756 2639 906 2684 munito,
932 2640 989 2674 cui
1005 2639 1109 2675 Baris
1128 2649 1272 2682 nomen,
1297 2642 1395 2674 tenet
1422 2636 1602 2673 inclusam.
1647 2635 1744 2670 Inte-

250 2685 315 2721 rim
335 2685 526 2721 Aristobuli
544 2687 580 2722 in
606 2687 748 2722 fratrem
770 2687 971 2731 Hyrcanum
1001 2687 1161 2722 iniuriam
1182 2685 1331 2721 nondum
1353 2686 1428 2721 ulta
1442 2689 1552 2719 morte
1569 2681 1745 2730 praeripi-

248 2737 331 2776 tur,
356 2745 522 2780 regnum,
546 2738 587 2769 ut
606 2733 862 2781 praemisimus,
888 2746 994 2769 annos
1011 2746 1134 2770 novem
1154 2732 1332 2769 moderata
1351 2737 1388 2768 et
1405 2733 1570 2778 Hyrcano
1590 2729 1744 2765 haerede

249 2781 385 2816 relicto.
432 2782 472 2815 In
491 2793 567 2817 eum
584 2785 783 2828 comparato
802 2782 960 2816 exercitu
979 2781 1196 2817 Aristobulus
1213 2781 1257 2816 de
1281 2792 1393 2816 rerum
1411 2790 1540 2814 summa
1561 2779 1608 2814 ad
1625 2777 1747 2812 Hieri-

251 2827 389 2862 chuntis
407 2839 546 2875 campos
563 2830 720 2865 decertat
739 2831 777 2864 et
793 2828 954 2875 superior
972 2829 1110 2872 evadit3
1137 2841 1244 2876 quare
1259 2841 1301 2864 ex
1312 2827 1470 2875 Hyrcani
1487 2830 1589 2872 parte
1607 2825 1650 2861 ad
1668 2834 1744 2859 eum
1787 2865 1791 2868 ,

249 2874 387 2921 plurimi
404 2875 583 2915 deficiunt.
629 2877 825 2924 Hyrcanus,
849 2876 943 2924 quod
960 2876 1029 2913 iam
1046 2881 1224 2914 narratum
1241 2882 1313 2921 est,
1337 2886 1452 2912 arcem
1466 2874 1581 2911 Barim
1596 2872 1642 2909 ad
1657 2875 1745 2908 tem·
