1800 3236
243 201 345 255 566
700 210 951 258 GEORGII
979 209 1265 258 SYNCELLI

245 317 426 384 ’Σκαύρῳ
457 320 607 367 διέπειν
634 323 702 367 καὶ
736 319 812 367 δύο
843 321 1054 380 Ῥωμαὶκὰ
1081 320 1277 382 τάγματα
1298 321 1406 383 πρὸς
1421 324 1665 381 συμμαχίαν
1686 326 1744 377 εἲς

238 392 403 452 Ῥώμην
430 393 617 451 ἠπείγετο
650 392 721 436 διὰ
750 394 966 447 Κιλικίας,
1011 392 1140 445 αὐτὸς
1169 394 1245 438 τὸν
1273 394 1468 458 μξγιστον
1496 393 1743 447 κατατάξων

242 466 461 524 θρίαμβον
479 460 729 521 ἐπαγόμενος
747 463 847 515 τοὺς
873 461 1139 521 ἡττηθέντας
1166 464 1282 525 αὐτῷ
1303 469 1490 520 βασιλεῖς
1514 463 1744 524 Φαρνάκην

243 532 525 595 Μιθριδάτου
543 533 635 577 υἱὸν
654 532 746 593 (τὸν
767 535 836 577 καὶ
856 531 1172 593 καρτερήσαντα
1191 535 1265 580 τὸν
1286 536 1393 580 ἴδιον
1407 534 1563 591 ἀνελεῖν
1580 535 1744 594 πατέρα

241 602 526 665 Μιθριδάτην
552 608 605 663 τῇ
624 603 730 662 πρὸς
748 602 977 662 Πομπήιον
991 602 1133 664 χάριτι
1154 607 1224 649 καὶ
1247 601 1375 658 αὖθις
1397 605 1506 650 κατὰ
1523 604 1773 662 Ῥωμαίων5

242 673 558 732 στασιάσαντα)
592 676 773 731 Κολχῶν
796 674 890 732 ἤτοι
906 676 1070 729 Λαζῶν
1097 676 1299 732 βασιλέα,
1337 675 1546 735 ἄρχοντας
1564 674 1744 735 Ἰβήρων

241 745 304 801 κ’,
348 742 671 805 Ἀριστόβουλον
711 745 931 790 Ἰουδαίων
957 745 1135 803 βασιλέα
1167 745 1246 790 σὺν
1274 745 1516 806 θυγατράσι
1547 749 1643 791 δυσὶ
1674 748 1744 791 καὶ

240 817 361 871 υἱοῖς,
384 813 643 876 ,Ἀλεξάνδρῳ
665 817 734 860 καὶ
750 813 983 877 Ἀντιγόνῳ,
1021 810 1080 861 ὧν
1098 814 1121 861 ὅ
1140 814 1340 875 νεώτερος
1360 817 1406 861 ἐκ
1424 821 1502 875 τῆς
1526 816 1627 862 ὁδοῦ
1649 819 1745 861 δια-

242 887 349 946 δρὰς
369 886 642 947 Ἀλέξανδρος
667 888 726 940 εἷς
745 886 822 946 τὴν
839 886 1052 932 Ἰουδαίαν
1078 884 1260 932 ἐπάνεισι
1282 885 1547 949 στασιάσων,
1586 885 1644 940 ὥς
1665 891 1745 946 δη-

240 954 497 1015 λωθήσεται.
663 971 666 988 ²
1756 965 1800 1002 10

205 1045 237 1083 Β
348 1024 576 1088 Πομπήιος
606 1021 680 1072 οὖν
698 1024 926 1089 ’πολιορκίᾳ
953 1026 1098 1082 λαβὼν
1114 1026 1168 1071 τὰ
1184 1024 1454 1086 Ἱεροσόλυμα
1469 1024 1745 1087 Ἀριστόβου-

242 1104 318 1144 λον
349 1099 425 1155 μέν
458 1099 627 1154 δέσμιον
656 1097 733 1142 σὺν
760 1105 851 1150 τοῖς
882 1099 1024 1141 παισὶν
1046 1096 1304 1158 Ἀλεξάνδρῳ
1336 1101 1405 1142 καὶ
1427 1097 1647 1158 Ἀντιγόνῳ
1666 1116 1745 1142 κα-

241 1175 374 1226 τεῖχεν
405 1171 462 1221 εἷς
487 1166 651 1226 Ῥώμην
683 1167 816 1212 ἀπιὼν
829 1202 843 1223 ,
879 1165 1182 1227 θριαμβεύσων
1212 1171 1280 1212 καὶ
1302 1168 1443 1213 ἄλλων
1462 1170 1600 1213 ἐθνῶν
1616 1174 1744 1223 βασι-

242 1244 327 1291 λεῖς
354 1241 424 1284 καὶ
451 1236 679 1297 ἡγεμόνας·
711 1236 903 1299 ςΥρκανῷ
923 1238 970 1282 δὲ
989 1243 1049 1298 τῷ
1073 1236 1225 1282 τούτου
1249 1239 1420 1299 ἀδελφῷ
1443 1239 1520 1296 τὴν
1541 1240 1743 1299 ἀρχιερω-

242 1307 374 1367 σύνην
396 1310 622 1368 ἐγχειρίσας
637 1307 882 1367 ὕποφόρους
901 1308 1017 1362 ἔταξε
1033 1306 1253 1364 Ῥωμαίοις
1270 1309 1515 1360 Ἰουδαίους.
1757 1307 1800 1346 15

346 1382 436 1425 Καὶ
466 1379 655 1439 Κικέρων
688 1377 710 1422 ὃ
738 1377 878 1439 ῥήτωρ
911 1379 1266 1437 καὶσυγκλητικός
1291 1379 1407 1439 παρὰ
1425 1377 1685 1435 εῬωμαίοις
1666 1397 1745 1435 ηκ-

242 1452 384 1508 μαζεν
433 1468 557 1502 ουτος
595 1453 764 1494 καθεῖλε
801 1448 968 1493 Κάτελλ
973 1467 1019 1493 ον
1061 1451 1131 1493 καὶ
1167 1450 1368 1508 Κέθηγον
1399 1452 1468 1495 καὶ
1496 1450 1743 1541 Λέντουλον

241 1521 609 1579 συνομοσαμένους
628 1520 736 1565 κατὰ
751 1524 827 1577 τῆς
847 1518 1094 1577 συγκλητου.

205 1596 239 1633 C
351 1589 578 1649 Πομπήιος
613 1589 752 1635 ἐλθὼν
795 1592 852 1642 εις
894 1588 1058 1648 Ῥώμην
1086 1591 1156 1634 καὶ
1187 1587 1482 1650 θριαμβεύσας
1514 1587 1580 1635 {ni
1612 1590 1741 1641 νίκαις

339 1717 373 1752 1.
400 1712 552 1773 σκαύρῳ
570 1714 611 1750 Β.
636 1712 775 1761 Σκᾶρῳ
795 1714 844 1750 G.
961 1713 1195 1769 συμμαχείαν
1219 1715 1264 1750 Β.
1380 1715 1416 1752 3.
1447 1711 1678 1770 ἐπαγόμενος
1700 1714 1743 1750 Β.

337 1760 594 1820 ἐπαγομένους
618 1763 664 1797 Gr.
760 1761 846 1807 4.μ
849 1759 1064 1808 ηθριδάτου
1092 1762 1136 1798 Β.
1244 1763 1278 1798 5.
1303 1758 1544 1807 μηθριδάτην
1568 1762 1642 1797 ΑΒ.

338 1810 372 1844 6.
397 1776 564 1867 βασιλέα]
588 1808 761 1857 βασιλέας
784 1774 846 1845 Ε’πμ
943 1809 1030 1855 ἰβηρ
1034 1810 1101 1844 ίων
1121 1810 1164 1843 Β.
1272 1811 1306 1846 8.
1330 1809 1568 1855 Αλεξάνδρου
1586 1808 1651 1845 καὶ
1668 1811 1743 1845 Αν-

337 1856 498 1902 τιγόνων
526 1857 575 1892 G.
724 1859 759 1896 9.
792 1822 1030 1911 Ἰουδαίαν]ρ
1043 1856 1171 1892 ἰδαίαν
1190 1856 1231 1891 Β.
1374 1856 1577 1898 στασιάσας
1600 1857 1653 1891 G.-

341 1904 399 1941 11.
424 1905 518 1939 Hinc
540 1903 698 1950 plenique
722 1902 872 1938 Codices
889 1903 998 1938 MSS.
1020 1903 1169 1949 Georgii
1190 1903 1345 1950 Syncelli
1376 1905 1513 1939 nomine
1532 1902 1697 1949 vulgati'
1687 1915 1742 1939 m-

342 1950 489 2008 cipiunt.
525 1952 672 1986 GOAR.
721 1951 814 1985 Vide
844 1949 956 1985 Goari
984 1951 1243 1985 annotationem
1280 1963 1316 1997 p.
1346 1953 1392 1988 72
1422 1952 1478 1986 ed.
1510 1951 1624 1986 Paris.

340 2000 399 2035 17.
429 1996 606 2035 κατελλον
627 1999 712 2034 ΑΒ.-
724 1997 923 2034 κάστελλον
948 1998 1029 2032 AG.
1065 1998 1214 2043 Corrige
1231 1999 1437 2034 Κατιλίναν
1454 2010 1529 2033 cum
1557 1997 1741 2042 Scaligero

341 2055 378 2092 p.
401 2047 460 2083 73.
561 2043 651 2082 καθ’
682 2044 816 2091 ἕλληυα
840 2046 1070 2103 (Κατιλίναν
1089 2045 1155 2092 ιιι.)
1169 2024 1304 2092 υΚέθιγ
1306 2059 1350 2083 ον
1373 2045 1439 2082 καὶ
1464 2045 1677 2083 Λέντουλον
1700 2046 1742 2079 Ρ.

365 2096 366 2099 ’
408 2092 563 2141 κε’θιγον
584 2093 628 2132 Β,
731 2093 846 2140 Vulgo
865 2091 1104 2129 Λέντουλλον.

247 2196 504 2240 commendata,
528 2197 761 2254 Romanisque
790 2196 987 2244 legionibus
1014 2196 1090 2231 loco
1115 2196 1262 2231 tutando
1292 2196 1427 2233 relictis
1454 2195 1610 2238 duabus,
1637 2195 1743 2231 Pom-

247 2243 345 2290 peius
363 2255 428 2290 per
445 2245 604 2280 Ciliciam
621 2245 690 2280 iter
705 2244 801 2290 agit,
825 2243 1065 2288 celebremque
1086 2242 1253 2278 ducturus
1273 2243 1485 2290 triumphum
1496 2243 1638 2277 Romam
1659 2255 1743 2278 con-

246 2290 371 2332 tendit.
418 2290 541 2326 Victos
575 2295 689 2327 autem
717 2303 820 2337 reges
848 2301 964 2325 secum
992 2291 1143 2324 ducebat
1162 2291 1377 2325 Pharnacem
1397 2289 1612 2325 Mithridatis
1636 2290 1743 2326 filium

247 2335 328 2383 (qui
343 2332 500 2383 Pompeii
515 2338 664 2384 gratiam
680 2338 953 2384 promeriturus,
976 2336 1151 2383 proprium
1170 2342 1303 2383 patrem
1321 2337 1399 2373 neci
1417 2336 1560 2373 tradere
1577 2337 1744 2372 sustinuit

247 2388 284 2420 et
303 2395 437 2421 rursum
456 2384 493 2418 in
509 2385 685 2419 Romanos
708 2384 799 2420 bello
826 2383 1055 2419 tumultuatus
1078 2383 1160 2429 est)
1182 2384 1412 2427 Cholcorum‚
1435 2384 1472 2419 id
1501 2388 1556 2419 est
1570 2385 1599 2418 L
1602 2396 1742 2419 azotum

248 2442 371 2477 reges,
395 2430 573 2477 principes
592 2431 768 2467 Iberorum
786 2429 914 2477 viginti
931 2434 967 2465 et
984 2430 1219 2466 Aristobulum
1238 2431 1388 2478 denique
1401 2410 1608 2467 ’Iudaeorum
1624 2443 1742 2476 regem

249 2489 325 2514 cum
354 2456 491 2513 filiabus
511 2478 656 2526 geminis
684 2480 722 2513 et‘
736 2477 816 2515 filiis
832 2478 990 2519 duobus,
1021 2477 1218 2512 Alexandro
1235 2483 1272 2513 et
1296 2479 1496 2524 Antigono,
1521 2488 1666 2524 quorum
1685 2478 1742 2512 iu-

249 2525 327 2561 ιιίοι·
349 2524 545 2562 Alexander
565 2525 652 2570 fuga
676 2536 739 2580 per
767 2523 856 2560 viam
882 2527 1023 2579 ereptus
1041 2524 1204 2559 Iudaeam
1220 2526 1371 2573 repetit,
1397 2530 1519 2561 auctor
1545 2524 1714 2559 futurus
1703 2536 1740 2560 ιιι

249 2586 293 2610 ea
315 2571 545 2615 seditionum,
570 2583 657 2627 quas
678 2572 714 2606 in
734 2570 960 2627 sequentibus
984 2583 1216 2617 exponemus..

341 2618 541 2665 Pompeius
551 2618 660 2665 igitur
687 2619 801 2664 captis
829 2618 1007 2654 obsidione
1023 2618 1273 2664 Hierosolymis
1293 2618 1362 2654 iter
1381 2619 1523 2654 Romam
1541 2629 1664 2653 versus
1686 2617 1741 2652 di-

249 2664 390 2720 ligem,
413 2665 643 2701 Aristobulum
660 2676 731 2700 una
749 2677 823 2702 cum
843 2665 924 2701 filiis
945 2665 1140 2702 Alexandio
1158 2671 1195 2700 et
1210 2666 1385 2711 Antigono
1408 2665 1585 2708 vinctum,
1611 2665 1655 2701 de
1673 2664 1743 2700 illis

250 2717 288 2748 et
307 2711 482 2748 nationum
498 2712 644 2748 aliarum
659 2711 824 2767 regibus
825 2716 856 2747 t
872 2712 1014 2747 ducibus
1032 2713 1185 2748 subactis
1204 2713 1414 2759 triumphum
1433 2712 1620 2754 ducturus,
1645 2712 1742 2758 Hyr-

247 2771 344 2843 ¹«gamo
352 2771 487 2809 quoque
505 2759 580 2797 eius
595 2758 699 2798 fratri
718 2759 924 2808 pontificatu
941 2759 1189 2807 commendato,
1206 2760 1353 2799 ludaeos
1370 2759 1535 2796 Romania
1548 2758 1739 2805 vectigales

265 2810 334 2842 eclt

344 2852 470 2889 Cicero
497 2853 618 2890 rhetor
641 2852 813 2889 senatoria
835 2852 1008 2899 dignitate
1037 2854 1246 2901 conspicuus
1271 2853 1365 2889 inter
1379 2853 1550 2889 Romanos
1570 2851 1740 2895 florebat3

251 2898 282 2939 is
298 2900 501 2943 Catilinam,
526 2900 722 2956 Cethegum
739 2904 775 2936 et
791 2900 1000 2935 Lentulum·
990 2912 1027 2935 m
1046 2906 1203 2938 senatum
1223 2902 1424 2937 coniuratos
1442 2899 1583 2935 delevit.

343 2946 527 3015 Pompeius
543 2947 702 2985 victoriis
719 2946 904 2995 pluribus
894 2947 1043 2995 insignia
1064 2949 1206 2987 Romam
1223 2948 1365 2985 veniens
1383 2959 1424 2984 ac
1442 2946 1615 2995 triumpho
1631 2945 1740 2982 dona-
