1800 3236
577 161 1108 209 CHRONOGRAPHIA.
1156 227 1161 231 ,
1491 165 1595 214 703

80 278 257 332 πνεῦμα.
309 269 388 334 ἄρ’
411 273 488 319 οῧκ
517 273 703 333 ἐναργῶς
722 271 955 332 διετηρήθη
985 277 1055 319 καὶ
1078 276 1320 337 παρέμεινεν
1351 279 1430 333 ἕως
1462 286 1594 342 λυθῇ,

78 348 148 391 καὶ
177 351 255 403 τῆς
285 343 497 405 ἁμαρτίας
525 346 846 404 ἓξαλειφθείσης
875 346 944 390 ἐπὶ
975 351 1149 401 πολλοῖς
1179 348 1244 402 οἷς
1273 349 1423 411 ἔπραξε
1451 358 1596 406 καλοῖς

76 414 396 474 ὁμολογηθῆναι
420 418 616 476 δυνηθῇ,-
827 462 829 464 .
1473 413 1477 418 ’
1602 430 1635 465 C

181 486 412 531 Ἐπέστειλε
435 487 482 530 δὲ
501 486 617 547 αὐτῷ
639 490 899 547 Ναυατιανῷ
926 487 1033 546 πρὸς
1054 489 1162 541 λε’ξιν
1185 484 1271 535 ὧδέ
1286 505 1401 543 πως·
1435 491 1595 538 Διονύ-

45 563 169 608 5σιος
204 560 466 617 Ναυατιανῷ
506 557 678 618 ἀδελφῷ
711 558 887 615 χαίρειν.
945 562 982 602 εἷ
1011 559 1152 615 ἄκων,
1193 559 1252 613 ὦς
1286 561 1398 621 φῂς,
1433 563 1589 621 ἤχθης,

74 629 241 683 δείξεις,
296 628 370 673 ἐὰν
406 626 686 687 ἇναχωρήσῃς
716 626 833 672 ἑκών.
902 627 983 673 ἴδει
1008 631 1087 686 μὲν
1113 628 1195 691 γὰρ
1233 634 1303 676 καὶ
1334 637 1419 677 πᾶν
1451 632 1592 678 ὁτιοῦν

71 702 226 742 παθεῖν
250 696 356 757 ὖπὲρ
388 703 463 742 τοῦ
486 699 547 757 μὴ
581 697 786 755 διακόψαι
817 698 894 756 τὴν
921 701 1143 758 ἐκκλησίαν
1175 707 1251 746 τοῦ
1276 707 1408 747 θεοῦ·
1446 707 1516 748 καὶ
1538 701 1591 762 ἦν

72 768 149 812 οὔκ
181 769 414 828 ἀδοξοτέρα
449 775 524 826 τῆς
554 770 685 814 ἕνεκεν
715 773 793 813 τοῦ
830 769 890 826 μὴ
925 773 1283 831 εἰδωλολατρῆσαι
1314 775 1535 832 γενομένης
1562 774 1589 833 ἢ

71 839 204 884 ἕνεκεν
223 845 301 884 τοῦ
323 840 382 897 μὴ
403 842 543 896 σχίσαι
560 841 778 899 μαρτυρία
794 854 803 864 ·
841 840 940 885 κατ’
962 843 1034 895 ἐμὲ
1056 843 1102 886 δὲ
1119 846 1188 887 καὶ
1205 845 1369 899 μείζων.
1409 845 1496 889 ἐκεῖ
1509 846 1587 901 μὲν

11 910 148 968 1ογἀρ
173 909 279 969 ὑπὲρ
301 915 404 967 μιᾶς
422 929 485 962 τις
505 917 582 969 τῆς
606 909 760 956 ἑαυτοῦ
783 916 949 969 ψυχῆς,
990 914 1182 958 ἐνταῦθα
1202 915 1248 958 δὲ
1266 912 1372 974 ὑπὲρ
1392 914 1492 972 ὅλης
1509 921 1586 973 τῆς

68 981 288 1038 ἐκκλησίας
304 988 527 1041 μαρτυρεῖ.
565 983 635 1026 καὶ
655 986 730 1026 νῦν
751 982 797 1025 δὲ
818 983 854 1025 εἴ
872 984 1016 1027 πεῖσαί
1029 1001 1075 1027 σε
1095 986 1131 1027 εἶ
1146 983 1318 1039 βιάσαιο
1341 985 1441 1037 τοὺς
1460 986 1584 1030 ἀδελ-

67 1052 178 1109 qum),-
206 1054 265 1104 εἰς
295 1050 496 1108 ὁμόνοιαν
526 1053 689 1106 ἐλθεῖν,
725 1054 865 1109 μεῖζον
893 1052 1010 1098 ἔσται
1041 1071 1108 1098 σοι
1142 1061 1220 1100 τοῦ
1249 1054 1501 1114 σφάλματος
1527 1057 1620 1102 van

67 1120 356 1180 κατόρθωμα,
396 1125 465 1167 καὶ
488 1123 536 1167 τὸ
556 1124 634 1179 μὲν
658 1123 707 1167 οὗ
737 1122 1064 1181 λογισθήσεται,
1104 1125 1152 1170 τὸ
1177 1128 1223 1171 δὲ
1244 1125 1580 1184 ἐπαινεθήσεται.

66 1194 102 1236 εἷ
122 1193 168 1236 δὲ
189 1191 483 1238 ἀπειθούντων
505 1193 760 1251 ἀδυνατοίης
770 1228 784 1248 ,
821 1192 966 1248 σώζων
998 1197 1102 1250 σῶζε
1123 1196 1202 1254 τὴν
1223 1202 1403 1243 σεαυτοῦ
1423 1196 1579 1255 ψυχήν.

9 1269 55 1307 15
66 1263 291 1321 ἓρρῶσθαί
310 1281 355 1308 σε
380 1262 577 1320 ἐχόμενον
595 1269 672 1322 τῆς
696 1263 862 1323 εἰρήνης
886 1267 930 1309 ἕν
950 1268 1078 1326 κυρίῳ
1099 1267 1286 1324 εὔχομαι.
1324 1270 1582 1324 θαυμασίως

63 1326 134 1377 διὰ
164 1333 359 1392 βραχέων
387 1336 464 1389 μὲν
506 1333 669 1392 λόγων,
720 1335 1087 1380 συνεκτικωτάτων
1120 1339 1166 1381 δὲ
1204 1339 1374 1382 ἐννοιῶν
1406 1336 1428 1382 ὃ
1461 1343 1580 1389 θεῖος

62 1402 288 1468 Αιονύσιος
309 1409 452 1450 πᾶσαν
474 1407 728 1464 πανουργίαν
746 1406 959 1450 ἀπέκλεισε
980 1411 1039 1467 τῷ
1061 1405 1254 1468 Ναυάτῳ
1276 1406 1489 1467 πρόφασιν
1509 1411 1579 1452 αι’-

60 1471 251 1535 ’ἑιωμὲνῳ
274 1475 351 1532 τὴν
373 1481 459 1520 τῶν
479 1476 674 1535 ἀδελφῶν
695 1476 888 1521 ἔνστασιν
910 1478 980 1520 καὶ
1000 1476 1049 1521 οὐ
1072 1477 1151 1535 τὴν
1173 1480 1285 1522 ἰδίαν
1302 1476 1574 1537 θρασύτητα,

61 1550 140 1602 τῆς
162 1545 270 1590 κατὰ
288 1544 453 1604 Ῥώμην
484 1548 703 1604 ἐκκλησίας
731 1545 964 1604 ἀπόσχισιν.
1012 1547 1119 1592 ἀλλὰ
1153 1551 1223 1592 καὶ
1251 1556 1340 1600 τοῖς
1364 1547 1464 1593 κατ’
1486 1549 1575 1592 Λῖ-

0 1623 51 1659 20
62 1633 220 1674 γυπτον
248 1615 270 1661 ὅ
298 1617 427 1669 αὐτὸς
455 1616 682 1675 ἱερώτατος
709 1616 859 1677 γράφει
879 1615 1105 1670 Διονύσιος
1131 1621 1225 1678 περὶ
1248 1621 1475 1676 μετανοίας
1502 1620 1572 1663 καὶ
1592 1627 1637 1664 Ρ.
1660 1629 1732 1667 375

60 1691 137 1744 τῆς
165 1691 250 1731 τῶν
279 1688 323 1732 ἓν
359 1692 419 1748 τῷ
451 1690 620 1749 διωγμῷ
650 1686 979 1748 παραπεσόντων
1006 1688 1221 1748 ἀποδοχῆς
1238 1690 1346 1745 μετὰ
1378 1689 1457 1747 τὴν
1482 1690 1572 1733 ἔπι-

61 1758 254 1817 στροφὴν
281 1758 359 1810 τὰς
388 1764 473 1802 τῶν
504 1757 863 1818 παραπτωμάτων
883 1757 1019 1811 τάξεις
1037 1759 1190 1818 ἄριστα
1213 1760 1462 1815 διεξελθὼν,
1500 1761 1571 1804 καὶ

153 1848 188 1883 8.
213 1847 283 1883 τοῦ
304 1846 358 1894 μὴ
376 1848 464 1894 εἰδ.]
490 1848 563 1884 τοῦ
583 1859 649 1884 om.
674 1848 722 1883 G.
816 1848 851 1884 9.
875 1847 1066 1894 μαρτυρία
1084 1859 1128 1883 ex
1147 1847 1314 1884 Eusebio.
1335 1847 1453 1894 Vulgo
1471 1861 1569 1894 μοιρ-

150 1896 299 1941 τυρίαν.
394 1898 453 1933 20.
476 1894 680 1938 Διονύσιος
691 1907 756 1931 om.
770 1894 818 1930 G.
913 1897 972 1932 21.
996 1894 1239 1943 ἐπιστροφήν]
1262 1893 1507 1943 ἀποστροφὴν
1519 1897 1568 1931 G.

58 1970 314 2010 conservatam,
334 1978 377 2002 ac
395 1968 464 2001 tam
484 1967 545 2002 diu
558 1966 767 2002 remansisse
785 1965 879 2001 inter
898 1965 1011 2009 vivos,
1036 1966 1149 2001 donec
1167 1965 1204 2001 in
1221 1977 1308 2012 pace
1329 1966 1567 2002 dimitteretur

57 2018 95 2048 et
128 2014 289 2049 abstersa
328 2014 466 2061 peccati
506 2015 585 2050 labe
619 2015 784 2049 bonorum
819 2025 962 2060 operum
989 2013 1183 2049 mercedem
1215 2017 1426 2061 accepturus
1460 2014 1564 2050 fidem

57 2060 171 2096 denuo
196 2061 450 2108 profiteretur?

149 2109 292 2144 Novato
309 2121 414 2155 porro
437 2108 549 2144 eidem
567 2109 656 2144 haec
683 2107 804 2145 verbis
826 2107 972 2143 totidem
999 2106 1190 2154 Dionysius
1212 2107 1367 2154 scripsit.
1415 2107 1563 2143 Novato

55 2155 158 2190 fratri
193 2157 352 2193 salutem.
408 2156 581 2199 Invitum,
614 2161 654 2192 ut
685 2156 758 2199 ais,
789 2167 812 2190 a.
839 2156 939 2191 nobis
964 2155 1171 2198 abductum,
1205 2154 1237 2190 si
1255 2158 1381 2201 sponte
1399 2154 1563 2197 redieris,

55 2203 267 2240 declarabis.
310 2204 527 2250 Oportuerat
548 2216 633 2239 sane
652 2203 801 2250 quodvis
819 2202 914 2238 aliud
932 2202 1179 2237 incommodum
1201 2202 1320 2248 potius
1341 2202 1437 2248 pati,
1461 2213 1563 2248 quam

53 2249 214 2285 discidiis
235 2251 293 2286 dei
315 2251 496 2287 ecclesiam
518 2252 730 2297 deturpare3
756 2262 870 2296 neque
888 2262 971 2285 vero
993 2262 1033 2284 eo
1050 2250 1145 2296 quod
1165 2250 1232 2284 iam
1243 2250 1372 2291 latum,
1399 2261 1442 2284 ne
1459 2248 1564 2283 idolis

54 2297 244 2333 offerretur
271 2298 505 2341 sacrificium,
540 2299 658 2340 aliud,
686 2311 730 2333 ne
755 2297 933 2333 dividatur
962 2295 1403 2344 ecclesia‚vperferendum
1431 2299 1563 2341 marty-

53 2344 143 2379 rium
160 2345 327 2380 minorem
349 2346 443 2392 apud
462 2358 516 2381 me
540 2351 756 2393 promeretur
774 2345 930 2388 laudem3
956 2343 1041 2391 quin
1065 2344 1166 2379 immo
1181 2370 1192 2387 ,
1215 2355 1270 2378 me
1289 2343 1405 2379 iudice
1417 2369 1427 2387 ‚
1451 2342 1562 2378 maio-

52 2402 126 2426 rem
145 2392 250 2428 etiam
271 2394 418 2439 expetit.
464 2393 541 2428 Illic
560 2405 708 2440 namque
725 2393 762 2428 in
783 2393 884 2427 unius
901 2392 1038 2427 animae
1055 2403 1140 2428 suae
1160 2389 1389 2433 commodum,
1414 2389 1472 2425 hic
1497 2400 1562 2435 pro

52 2438 204 2474 ecclesia
229 2440 397 2474 universa
424 2443 597 2476 tormenta
625 2440 785 2475 sustinet.
832 2439 937 2474 Nunc
966 2442 1063 2475 certe
1095 2439 1127 2474 si
1158 2438 1336 2480 suaseris,
1369 2437 1426 2472 vel
1456 2437 1561 2470 etiam

52 2486 183 2521 fratres
203 2485 241 2520 vi
263 2486 447 2532 adegeris,
472 2493 511 2522 ut
529 2488 566 2522 in
586 2487 806 2523 concordiam
823 2487 994 2529 redeant,
1017 2486 1154 2534 culpam
1177 2486 1361 2521 admissam
1385 2484 1559 2519 correctio

52 2532 259 2580 superabit3
296 2539 332 2568 et
352 2534 413 2569 illa
443 2534 583 2580 quidem
601 2547 670 2570 non
688 2533 938 2581 imputabitur3
973 2545 1089 2580 neque
1105 2534 1194 2569 haec
1214 2532 1316 2568 laude
1334 2542 1400 2565 sua
1419 2530 1558 2584 privata

51 2580 242 2626 supererit.
291 2581 332 2615 Si
353 2584 578 2616 contumaces
599 2582 635 2616 in
654 2582 801 2617 salutem
820 2581 984 2616 evincere
1001 2592 1178 2627 nequeas,
1202 2580 1280 2626 ipse
1299 2583 1393 2613 tuam
1411 2587 1556 2630 ammam

50 2634 205 2663 servato.
255 2628 330 2671 Te,
356 2628 386 2662 si
414 2639 535 2674 pacem
561 2629 805 2676 amplectaris,
829 2627 867 2663 iu
888 2627 1024 2663 domino
1042 2628 1161 2663 valere
1188 2631 1283 2672 opto.
1330 2624 1457 2659 Paucis
1477 2633 1556 2676 qui-

50 2674 127 2709 dem
152 2675 271 2710 verbis
288 2680 324 2710 et
343 2675 528 2710 sententiis
549 2677 672 2711 crebro
690 2676 866 2711 rationum·
881 2675 1040 2711 acumine
1058 2674 1236 2710 instructis
1264 2682 1394 2726 omnem
1420 2669 1556 2703 fraudls

50 2721 258 2757 facilitatem
277 2722 422 2757 Novato
444 2723 592 2757 fratrum
619 2728 801 2770 urgentem
825 2722 1048 2766 instantiam,
1074 2734 1142 2757 non
1169 2723 1413 2756 contumaclam
1426 2741 1448 2770 ‚⁸
1463 2725 1556 2770 quae

51 2768 235 2804 divisionis
264 2770 309 2805 ab
343 2769 490 2805 ecclesia
514 2770 671 2805 Romana
698 2782 804 2805 causa
832 2770 919 2813 fuit,
952 2770 1127 2816 propriam
1149 2764 1390 2814 praetendenti
1414 2763 1555 2817 dutinus

50 2814 246 2862 Dionysius
268 2817 475 2853 interclusit.
525 2818 621 2859 Quin
641 2818 746 2853 etiam
766 2818 812 2853 ad
832 2829 892 2852 eos
909 2817 971 2864 qui
993 2821 1094 2852 erant
1112 2816 1148 2850 in
1168 2814 1332 2860 Aegypto
1350 2819 1555 2865 sace-{umus

49 2863 142 2897 idem
162 2863 356 2910 Dionysius
377 2863 501 2899 scribit
517 2865 620 2910 epist.
640 2865 684 2900 de
703 2865 920 2911 poenitentia
945 2867 982 2899 et
1000 2863 1128 2910 lapsiS,
1152 2861 1268 2907 deque
1298 2859 1407 2914 lap-sm
1427 2856 1550 2890 uadem

48 2908 87 2944 in
103 2911 351 2957 persecutione
367 2915 450 2958 post
469 2911 733 2948 conversionem
751 2910 981 2959 recipiendis,
1008 2922 1078 2957 qua
1104 2911 1248 2943 cunctos
1269 2915 1448 2941 crimmum
1466 2913 1549 2948 gra-
