1754 3236
124 143 131 149 ’
178 168 242 216 10
635 164 893 212 GEORGII
924 161 1210 209 SYNCELLI

172 287 242 330 καὶ
259 283 314 328 τὰ
336 282 464 327 πλείω
482 276 624 338 λαβὼν
633 312 647 335 ,
685 277 793 335 πλὴν
814 277 960 334 ὀλίγων
975 279 1060 319 τῶν
1081 271 1189 317 κατὰ
1204 270 1304 322 τοὺς
1324 268 1553 328 ἡμετέρους
1567 265 1676 328 χρό-

173 373 274 407 νους
300 351 547 412 γεγονότων,
587 347 767 405 σύνοψίν
804 365 898 392 τινα
940 342 1171 390 σπουδάσω
1206 346 1404 400 ποιῆσαι,
1445 341 1676 399 συναφείας

175 426 266 484 ἅμα
292 426 360 469 καὶ
391 423 596 480 ἀληθείας
617 422 659 464 ἐν
687 424 790 463 πᾶσι
820 418 1052 476 φροντίζων
1071 416 1142 459 καὶ
1173 418 1251 471 τῆς
1281 409 1550 470 καταλλήλου
1589 415 1676 455 τῶν

175 494 434 556 πραγμάτων
467 491 746 544 ἀκολουθίας,
787 485 997 546 διαφοράς
1024 504 1133 546 φημι
1172 484 1382 540 βασιλέων
1424 484 1494 527 καὶ
1533 481 1676 541 ἱερέων

137 566 386 627 Οᾶριθμὸν,
422 567 650 623 προφητῶν
669 578 712 604 τε
732 561 800 603 καὶ
821 555 1065 602 ἀποστόλων
1096 557 1166 600 καὶ
1191 553 1423 615 μαρτύρων
1452 555 1522 598 καὶ
1552 555 1706 597 δαΐα-5

174 636 365 691 σκάλων,
402 637 470 680 καὶ
493 639 578 678 τῶν
598 630 912 690 παρ’Ἓλλησιν
937 628 964 686 ἢ
991 627 1134 678 ἄλλοις
1154 626 1320 672 ἔθνεσιν
1351 628 1416 670 ἐπὶ
1440 625 1573 687 σοφίᾳ
1602 629 1678 680 βε-

173 709 392 766 βοημένων
416 705 442 763 ’ἢ
467 704 573 763 ἄλλῃ
593 705 670 747 τινὶ
692 703 813 760 τέχνῃ
834 700 860 758 ἢ
883 701 1068 761 ἀριστεία
1091 702 1308 757 πολεμικῇ,
1331 699 1400 742 καὶ
1421 698 1487 741 ἐπὶ
1504 699 1678 754 μοχθη-

175 781 246 842 ρία
266 775 486 837 προδήλῳ,
523 772 661 819 πάντα
679 771 736 824 ὥς
758 771 846 824 οἷός
864 789 908 815 τε
929 770 986 816 ὢν
1009 767 1315 825 ἀναλεξάμενος
1345 771 1390 813 ἐκ
1419 772 1504 813 τῶν
1534 784 1679 828 προει-

175 851 362 910 ρημένων
382 849 599 906 ἱστορικῶν
622 844 810 903 ἀνδρῶν·
848 844 913 886 ἐπὶ
935 846 1038 887 πᾶσι
1059 841 1136 899 τὴν
1155 839 1265 884 κατὰ
1283 843 1478 899 Χριστοῦ
1499 840 1571 883 καὶ
1601 841 1679 882 τοῦ

171 922 315 980 γένους
339 918 460 977 ημῶν
484 916 791 974 θεοβδέλυκτον
821 911 1055 971 διαθήκην,
1094 911 1148 970 ἣν
1176 912 1341 956 διέθετο
1372 910 1428 955 τὰ
1449 906 1677 968 σκηνώμα-
1692 918 1738 955 10

172 1010 229 1036 τα
250 996 335 1036 τῶν
351 989 596 1044 Ἰδουμαίων
609 988 677 1031 καὶ
697 986 736 1030 οἳ
750 986 1012 1043 Ἰσμαηλΐται
1032 981 1253 1034 διώκοντες
1273 982 1349 1029 τὸν
1366 981 1476 1027 κατὰ
1489 981 1537 1026 τὸ
1553 984 1682 1025 πνεῦ-

172 1081 236 1120 μα
281 1061 384 1106 λαὸν
424 1061 559 1110 θείοις
596 1060 768 1116 κρίμασι
799 1058 868 1100 καὶ
902 1055 1169 1101 ἀποστασίαν
1208 1058 1464 1111 μελετῶντες
1495 1052 1574 1110 τὴν
1607 1050 1679 1095 ἐπ’

175 1130 361 1190 ἐσχάτων
382 1135 465 1176 τῶν
483 1128 649 1188 ἡμερῶν
665 1127 747 1172 ὑπὸ
771 1132 847 1171 τοῦ
864 1128 1076 1186 μακαρίου
1095 1123 1278 1170 Παύλου
1308 1129 1682 1185 προφητευθεῖσαν

137 1201 405 1263 Βδιαγράψω
424 1201 532 1246 κατὰ
553 1198 750 1256 δύναμιν,
776 1199 852 1251 ἕως
876 1202 953 1242 τοῦ
969 1203 1045 1242 νῦν
1064 1198 1291 1248 ἐνεστῶτος
1311 1195 1449 1248 ἑξάκις
1462 1197 1682 1253 χιλιοστοῦ

174 1277 492 1334 τριακοσιοστοῢ
509 1271 626 1323 ἔτους
642 1270 723 1319 ἀπὸ
746 1271 915 1322 κτίσεως
935 1267 1095 1326 κόσμου
1109 1270 1372 1319 ’ῗνδικτίωνος
1393 1265 1578 1328 πρώτης.
1602 1265 1681 1325 ἆρ-
1695 1276 1741 1314 15

171 1345 254 1404 χὴν
276 1346 322 1389 δὲ
337 1343 493 1395 παντὸς
512 1342 631 1394 ἔτους
653 1343 695 1386 ἐν
715 1344 822 1402 τῷδε
843 1346 903 1401 τῷ
917 1344 1099 1401 χρονικῷ
1121 1340 1199 1398 τὴν
1218 1337 1391 1399 πρώτην
1410 1343 1488 1384 τοῦ
1508 1335 1680 1398 πρῶτον

175 1416 309 1473 μηνὸς
337 1419 411 1459 τοῦ
435 1414 541 1473 παρ’
558 1412 767 1472 Ἑβραίοις
787 1412 927 1457 Νισὰν
947 1416 1030 1463 πᾶς
1049 1429 1114 1462 τις
1134 1409 1397 1469 ἐντυγχάνων
1420 1410 1538 1470 αὐτῷ
1567 1414 1684 1467 λογι-

177 1487 317 1541 ζέσθω
327 1520 342 1541 ,
381 1487 450 1530 καὶ
470 1485 519 1529 οὗ
550 1484 627 1542 τὴν
648 1484 757 1528 κατὰ
776 1484 877 1535 τοὺς
894 1485 1154 1541 Αἷγυπτίους
1172 1481 1343 1542 πρώτην
1376 1487 1455 1526 τοῦ
1481 1480 1616 1536 &al-ff,
1656 1477 1684 1537 ἢ

171 1562 251 1614 τῆν
271 1556 379 1601 κατὰ
392 1555 624 1612 Ῥωμαίους
650 1553 821 1614 πρώτην
842 1559 919 1600 τοῦ
936 1555 1201 1614 Ἰανουαρίου
1221 1553 1378 1611 μηνὸς,
1417 1552 1445 1611 ἢ
1468 1551 1599 1597 ἄλλου
1620 1568 1684 1595 τι-

121 1645 133 1653 ·
173 1628 245 1679 νὸς
267 1627 419 1679 ἔθνους
449 1626 631 1672 ἄλλοθεν
660 1627 907 1685 ἀρχομένου.
960 1624 1177 1686 διαφόρως
1207 1625 1288 1684 γὰρ
1317 1624 1436 1684 παρὰ
1461 1620 1742 1683 διαφόροις20

175 1697 340 1743 ἔθνεσιν
363 1698 405 1742 οἳ
424 1702 550 1755 μῆνες
574 1700 642 1742 καὶ
663 1698 707 1741 αἱ
734 1702 820 1742 τῶν
846 1702 991 1755 μηνῶν
1013 1699 1082 1742 καὶ
1105 1698 1307 1741 ἐνιαυτῶν
1335 1696 1462 1756 ἀρχαὶ
1491 1710 1685 1754 συνεφω-

1588 1770 1609 1779 n
1659 1763 1681 1781 Ἃ

175 1766 394 1828 νήθησαν·
434 1762 491 1813 ὧν
513 1767 540 1826 ἡ
562 1768 706 1827 ἄγνοια
722 1775 810 1821 τοῖς
835 1769 1107 1826 βουλομένοις
1130 1768 1318 1827 ἀκριβῶς
1343 1769 1437 1827 περὶ
1464 1764 1634 1826 ἧμερων
1653 1785 1681 1822 η

269 1892 307 1928 2.
330 1904 416 1928 τινα
440 1891 520 1928 add.
544 1893 586 1928 A.
702 1892 758 1929 15.
791 1891 900 1936 ἔτους
923 1891 1004 1929 add.
1030 1893 1073 1929 Α.
1176 1889 1297 1940 ἀρχὴν
1321 1892 1364 1928 Α.
1392 1889 1464 1940 τήν
1485 1887 1608 1938 ἀρχὴν
1633 1889 1681 1925 G.

271 1939 330 1976 17.
362 1939 490 1977 Νισὰν
512 1953 555 1987 ω.
578 1941 728 1978 Νισσαν
752 1941 801 1975 G.
895 1943 953 1978 19.
983 1942 1054 1979 τοῦ
1077 1940 1158 1978 add.
1184 1942 1228 1977 A.

178 2055 376 2102 excerptis,
398 2059 541 2104 praeter
557 2068 599 2092 ea
617 2068 706 2104 quae
722 2060 843 2093 nostra
863 2059 981 2094 aetate
998 2057 1224 2104 contigerunt
1243 2056 1355 2104 magis
1372 2054 1536 2103 insignia,
1559 2066 1688 2091 narra-

177 2104 308 2140 tionum
336 2104 541 2140 concordiae
558 2106 691 2151 pariter
717 2117 758 2140 ac
785 2105 970 2149 veritatis,
994 2118 1181 2153 rerumque
1205 2106 1393 2141 relatarum
1422 2104 1467 2139 ad
1497 2116 1575 2139 sese
1592 2103 1685 2139 invi-

178 2163 255 2186 cem
272 2150 404 2187 ordinis
421 2152 616 2195 studiosus,
640 2153 781 2188 brevem
809 2153 990 2189 historiam
1008 2157 1196 2189 contexere
1221 2164 1286 2200 pro
1303 2153 1437 2189 viribus
1460 2152 1687 2187 contendam:

178 2210 322 2244 regum,
346 2198 504 2246 inquam,
530 2200 751 2246 spectabilem
776 2201 932 2244 turbam,
958 2202 1178 2236 sacerdotum
1199 2200 1335 2248 copiam
1356 2200 1576 2243 immensam,
1602 2211 1685 2246 pro-

179 2246 385 2327 phetarum,
410 2247 664 2292 apostolorum,
689 2252 896 2294 martyrum,
930 2248 1130 2293 doctorum,
1154 2248 1410 2295 reliquorumve
1436 2246 1528 2294 apud
1556 2245 1686 2282 Genti-

197 2304 235 2328 es
256 2293 388 2328 aliasve
411 2294 566 2328 nationes
591 2295 778 2338 scientiae,
802 2295 858 2331 vel
884 2296 1029 2332 alterius
1055 2296 1247 2342 cuiuspiam
1264 2295 1376 2339 artis,
1400 2295 1499 2331 reive
1524 2294 1686 2338 bellicae,

181 2343 244 2375 aut
261 2340 414 2385 ingentis
435 2341 578 2385 alicuius
595 2342 723 2377 laboris
740 2343 896 2390 suscepti
914 2344 1052 2380 nomine
1067 2344 1253 2380 celebrium
1269 2355 1460 2388 numerum,
1479 2342 1687 2389 reliquaque

182 2392 311 2422 cuncta
323 2413 334 2430 ,
360 2393 521 2434 quantum
538 2389 632 2426 vires
649 2390 891 2437 ingeniumque
911 2397 1120 2439 suppetent,
1145 2403 1188 2426 ex
1207 2391 1378 2438 praefatis
1403 2389 1581 2426 historicis
1608 2401 1686 2425 cum

182 2433 322 2469 delectu
338 2435 553 2482 decerpens3
576 2449 716 2472 exosum
732 2438 872 2473 tandem
896 2439 962 2475 deo
978 2443 1244 2482 testamentum,
1268 2438 1361 2484 quod
1387 2438 1557 2473 adversus
1577 2437 1687 2472 Chri-

182 2484 273 2536 stum
290 2493 469 2528 genusque
489 2487 640 2520 nostrum
656 2484 724 2520 sibi
744 2485 991 2531 disposuerunt.
1006 2487 1231 2523 tabernacula
1245 2486 1483 2521 Idumaeorum
1504 2490 1542 2521 et
1553 2485 1687 2520 Ismae-

180 2527 286 2570 litae,
310 2529 372 2575 qui
392 2529 555 2576 populum
578 2544 621 2566 ex
641 2532 769 2578 spiritu
793 2537 909 2569 natum
930 2534 1058 2570 divinis
1080 2534 1220 2570 iudiciis
1245 2533 1480 2575 insectantes,
1504 2545 1526 2567 a
1552 2532 1687 2568 beatis-

180 2575 266 2611 simo
286 2576 393 2611 Paulo
410 2578 689 2623 praenunciatam
704 2580 740 2614 in
756 2580 826 2614 fine
842 2581 975 2616 dierum
993 2582 1224 2617 defectionem
1241 2580 1401 2617 meditati
1418 2585 1511 2623 sunt,
1529 2580 1573 2616 ad
1587 2592 1688 2627 prae-

182 2627 313 2678 sentem
339 2635 450 2670 usque
489 2625 675 2660 creationis
716 2629 994 2664 trecentesimum
1026 2641 1134 2676 supra
1163 2629 1279 2664 sexies
1311 2628 1524 2663 millesimum
1556 2639 1596 2663 ac
1625 2627 1687 2662 In—

181 2670 346 2705 dictionis
366 2671 498 2717 primae
522 2684 656 2716 annum,
681 2673 887 2710 describam.
936 2676 1028 2711 Anni
1053 2688 1139 2712 vero
1165 2676 1394 2723 principium,
1425 2675 1554 2711 mensis
1572 2674 1687 2710 Nisan

182 2717 272 2763 apud
289 2718 471 2754 Hebraeos
492 2719 594 2766 primi
611 2720 699 2756 diem
720 2722 889 2767 primum,
916 2724 974 2759 cui
994 2724 1195 2759 Chronicon
1219 2725 1287 2758 hoc
1309 2723 1345 2758 in
1374 2735 1494 2758 manus
1510 2722 1688 2766 inciderit,

181 2765 293 2800 lector
311 2771 426 2801 mente
451 2766 632 2813 designet3
657 2779 721 2803 nec
738 2770 989 2816 Aegyptiorum
1013 2783 1108 2807 more
1138 2771 1266 2806 mensis
1285 2771 1417 2814 Thetin,
1440 2770 1498 2805 vel
1513 2771 1689 2806 Romano-

181 2823 259 2867 rum
274 2812 388 2848 instar
407 2813 561 2849 Ianuarii
579 2814 746 2861 primum,
774 2822 943 2861 assumat,
967 2823 1029 2854 aut
1047 2819 1092 2854 ab
1112 2818 1181 2854 alio
1206 2819 1334 2865 quovis
1355 2818 1414 2854 die
1449 2817 1602 2853 nationis
1629 2817 1688 2852 al-

181 2865 293 2893 tenus
313 2861 468 2907 exemplo
486 2862 592 2897 ducat
614 2862 767 2905 initium
790 2864 1023 2901 diversimode
1042 2866 1214 2912 siquidem
1235 2865 1327 2913 apud
1343 2865 1502 2901 diversas
1529 2864 1688 2900 nationes

181 2916 339 2951 menses,
361 2909 595 2957 mensiumque
612 2909 756 2947 exordia
769 2911 1020 2958 instituuntur,
1043 2925 1193 2962 quorum
1207 2913 1351 2950 inscitia
1367 2913 1412 2950 de
1429 2913 1567 2957 diebus,
1590 2924 1687 2949 men-
