1800 3236
79 707 124 746 V.
147 706 218 744 262

196 878 238 917 B.

198 1673 230 1709 C

232 177 336 225 622
717 181 976 228 GEORGII
1002 180 1293 230 SYNCELLI

338 290 471 347 Γάϊος
489 293 642 340 ἑαυτὸν
663 293 858 339 ἀποθεοῖ.

336 364 387 411 Ὁ
409 366 538 418 αὗτὸς
554 366 632 423 τὴν
650 372 827 423 γυναῖκα
839 364 1046 421 Μεμμίου
1062 361 1286 422 Ῥηγοῦλου
1299 363 1444 421 λαβὼν
1461 366 1624 427 πατέρα
1643 366 1747 413 ‘tab-

234 455 313 496 της
329 437 404 481 τὸν
425 437 532 481 ἴδιον
551 436 689 495 ἄνδρα
709 435 915 491 Μέμμιον
938 435 1066 493 λέγειν
1086 433 1186 479 εἶναι
1205 433 1450 493 ἠνάγκασεν.

335 508 405 552 Ἔν
431 506 706 566 Ἰερουσαλὴμ
736 507 804 550 ἐπὶ
828 503 1025 565 Ἡρώδου
1055 510 1132 550 τοῦ
1149 505 1382 568 τετράρχου
1400 507 1510 552 κατὰ
1529 512 1616 553 τῶν
1637 508 1747 553 ἄπο-

232 576 396 625 στόλων
415 580 487 623 καὶ
504 582 581 636 τῆς
605 577 705 635 ὅλης
728 577 950 634 ἐκκλησίας
969 575 1186 635 ἐπιβουλή.

685 697 959 747 ,ΚΟΣΜΟῩ
990 697 1126 739 ΕΤΗ
1154 692 1292 758 ,apl-ff.

614 782 708 836 Τῆς
742 779 867 830 θείας
902 775 1153 838 σαρκώσεως
1189 778 1259 836 ἴτη
1296 775 1369 824 λε’.

341 870 511 932 Πέτρος
550 873 620 916 καὶ
645 869 843 930 Ἰωάννης
876 874 934 925 εἷς
965 872 1014 917 τὸ
1046 872 1159 933 ἱερὸν·
1185 869 1372 924 ἀνιόντες
1403 871 1479 918 τὸν
1505 872 1551 916 ἐκ
1582 875 1748 930 γενετῆς

229 944 368 1003 χωλὸν
392 941 698 1004 ἑθεράπευσαν.

678 1063 951 1107 ΚΟΣΜΟΥ
980 1062 1114 1105 ΕΤΗ
1144 1057 1288 1122 ,εφλςί

612 1148 705 1201 Τῆς
739 1145 863 1196 θείας
898 1140 1148 1204 σαράῶσεως
1184 1142 1255 1200 ἴτη
1291 1139 1368 1195 λς’.

342 1237 414 1282 Τὰ
448 1236 557 1281 κατὰ
586 1236 661 1282 τὸν
675 1236 872 1283 Ἀνανίαν
904 1239 974 1282 καὶ
1002 1238 1252 1297 Σαπφείραν
1283 1238 1326 1283 ἓν
1341 1236 1618 1298 Ἰερουσαλὴμ
1636 1255 1749 1298 πρα-

230 1309 394 1368 χθέντα
414 1308 586 1368 Πέτρῳ.

344 1382 506 1436 Θωμᾶς
545 1380 765 1423 Θαδδαῖον
798 1380 856 1430 εἲς
871 1377 1051 1423 ’Έδεσαν
1080 1381 1149 1424 καὶ
1172 1376 1338 1431 Ἰούδας
1366 1379 1475 1424 κατὰ
1505 1385 1624 1425 θεῖον
1641 1399 1750 1440 χρη-

235 1452 345 1508 σμὸν
381 1451 621 1507 ἐξέπεμψαν
653 1449 1018 1508 εὐαγγελίσασθαι.
1058 1450 1104 1502 ὃς
1132 1448 1207 1495 τόν
1230 1468 1274 1495 τε
1297 1449 1502 1510 Αὕγαρον
1524 1450 1749 1509 ἰασάμενος

234 1523 278 1566 ἒν
307 1519 419 1582 λόγῳ
449 1522 623 1580 κυρίου,
663 1521 813 1573 καθὼς
846 1523 915 1565 καὶ
941 1522 1206 1580 προέγραψεν
1227 1521 1344 1582 αὐτῷ
1367 1519 1388 1566 ὃ
1413 1523 1555 1581 σωτὴρ
1576 1523 1750 1580 πέμψας

234 1594 304 1637 καὶ
336 1592 409 1637 τὸν
437 1591 555 1651 ἅγιον
580 1591 714 1636 αὐτοῦ
730 1596 982 1651 χαρακτῆρα
1002 1592 1129 1651 λέγων
1153 1592 1217 1636 ὅτι
1244 1593 1352 1649 μετὰ
1373 1593 1422 1637 τὸ
1446 1592 1755 1654 ἆναληφθῆναί

238 1682 314 1720 με,
354 1663 599 1708 ἀποστέλλω
630 1664 697 1707 σοὶ
725 1664 841 1715 τινὰς
870 1668 956 1708 τῶν
980 1668 1194 1721 μαθητῶν
1212 1681 1296 1720 μου
1305 1698 1320 1719 ,
1356 1664 1428 1708 ἵνα
1450 1661 1656 1710 ῗάσωνταί
1672 1683 1749 1710 σου

236 1735 285 1779 τὸ
306 1732 452 1787 πάθος
487 1735 558 1779 καὶ
580 1732 687 1791 ζωήν
709 1735 866 1778 σοι·καὶ
886 1741 976 1786 τοῖς
1003 1741 1094 1786 σοῒς
1112 1732 1375 1795 παράσχωσι.
1414 1736 1484 1779 καὶ
1503 1736 1604 1788 τούς
1620 1734 1750 1782 αῧτό-

332 1837 368 1873 2.
392 1835 510 1882 Vulgo
533 1833 733 1882 Ριγούλου.
767 1834 1085 1882 μεμμιοριγούλου
1103 1835 1176 1872 AB.
1331 1833 1366 1871 4.
1400 1832 1476 1880 ἐπὶ]
1501 1831 1580 1872 ὑπὸ
1605 1835 1654 1871 G.

331 1885 369 1921 6.
396 1882 478 1925 ἔτος
498 1884 540 1918 Α.
663 1885 698 1920 8.
723 1885 904 1930 »γεννητῆς
922 1885 996 1919 ΑΒ.
1108 1886 1165 1921 10.
1189 1880 1273 1926 ἔτος
1288 1883 1331 1918 Β.
1450 1886 1508 1921 11.
1532 1882 1596 1931 ἔτη
1615 1896 1682 1919 om.
1706 1885 1749 1921 Α.

412 1929 468 1968 14.
495 1931 691 1972 Θαδδαῖος
715 1932 763 1966 G.
880 1934 935 1968 18.
963 1929 1146 1968 ἰάσωνται
1162 1932 1204 1967 Α.
1229 1930 1405 1970 ἰάσονται
1421 1932 1504 1967 BG.
1613 1943 1683 1967 σου
1705 1931 1749 1969 τό

331 1975 462 2021 πάθος
485 1978 527 2013 Β.
554 1990 614 2016 σοι
634 1979 706 2016 τοῦ
725 1976 882 2022 πάθους
893 1981 937 2016 Α.
964 1991 1004 2016 σε
1025 1982 1096 2018 τοῦ
1112 1978 1269 2023 πάθους
1281 1981 1328 2015 G.
1423 1981 1482 2017 19.
1509 1978 1607 2025 σοῖς]
1634 1978 1691 2017 σοὶ
1704 1980 1750 2015 Β.

333 2072 442 2108 Caius
463 2072 605 2109 deorum
626 2073 775 2120 collegio
795 2085 873 2109 sese
891 2073 1007 2120 ipsum
1028 2077 1206 2110 accenset.

331 2121 428 2156 Idem
459 2126 608 2168 accepta
638 2121 707 2156 sibi
733 2121 889 2158 Memmii
913 2121 1045 2168 Reguli
1076 2133 1211 2166 uxore,
1235 2121 1434 2159 Memmium
1461 2119 1575 2157 virum
1603 2120 1681 2156 eius
1709 2132 1750 2157 se

240 2170 376 2215 patrem
398 2168 517 2203 dicere
535 2169 663 2216 coegit.

335 2215 375 2249 In
396 2216 574 2261 apostolos
606 2221 644 2252 et
667 2216 868 2252 universam
887 2215 1072 2253 ecclesiam
1091 2216 1249 2252 Herodis
1277 2216 1479 2252 tetrarchae
1498 2214 1596 2251 iussu
1618 2215 1750 2252 Hiero-

241 2261 384 2309 solymis
409 2268 533 2299 exorta
550 2264 776 2311 conspiratio.

720 2337 878 2377 ANNI
906 2336 1113 2376 MUNDI
1142 2311 1269 2380 5535.

664 2404 829 2441 D1v11u13
860 2406 1149 2441 lucrummxoms
1185 2414 1243 2439 AN.
1268 2404 1328 2441 35.

335 2462 469 2547 Petri?
485 2464 523 2500 et
537 2462 685 2500 Ioannes
702 2464 741 2500 in
759 2464 927 2512 templum
949 2465 1207 2501 adscendentes
1234 2463 1395 2501 claudum
1419 2474 1465 2500 ex
1492 2462 1616 2500 matris
1646 2464 1749 2499 utero

239 2519 436 2548 vtau-averun

725 2572 884 2614 ANNI
912 2573 1111 2615 NUNDI
1138 2573 1264 2620 5536.

668 2639 831 2679 Dlvmffl
861 2643 1149 2679 Incmmmoms
1182 2654 1244 2680 ΑΝ.
1267 2643 1328 2680 36.

337 2700 430 2738 Acta
443 2701 545 2738 Petri
564 2701 659 2738 circa
678 2703 845 2739 Ananiam
867 2707 905 2738 et
921 2703 1132 2751 Sapphiram
1153 2704 1190 2739 in
1205 2701 1440 2738 Hierusalem.

338 2748 568 2786 Thaddaeum
577 2749 715 2786 Christi
732 2750 834 2786 fidem
855 2752 1140 2787 annunciaturum
1160 2752 1315 2787 Thomas
1334 2754 1372 2784 et
1389 2748 1495 2784 ludas
1513 2746 1635 2783 divino
1652 2746 1751 2783 iussu

245 2793 413 2830 miserunt
431 2797 611 2833 Edessam.
658 2797 728 2833 Hic
746 2799 865 2834 morbo
884 2798 1050 2834 liberavit
1068 2800 1269 2845 Augarum,
1294 2800 1402 2844 prout.
1417 2796 1513 2840 datis
1538 2795 1637 2843 priua
1653 2795 1752 2830 litte-

244 2840 296 2876 ris
313 2842 489 2890 missaque
509 2845 629 2881 vultus
645 2845 765 2891 effigie
783 2846 978 2892 scripserat
995 2847 1151 2882 salvator
1167 2846 1308 2881 dicens:
1332 2843 1583 2890 discipulorum
1597 2853 1753 2878 meorum

246 2890 426 2925 nonnullos
443 2892 680 2928 infirmitatem
704 2897 798 2928 tuam
814 2897 1018 2938 curaturos,
1041 2894 1109 2929 tibi
1123 2893 1265 2940 tuisque
1283 2891 1380 2928 vitae
1395 2892 1532 2926 futuros
1549 2893 1711 2926 auctores
1731 2901 1754 2923 e

243 2936 350 2975 terris
365 2938 402 2974 in
419 2940 552 2976 caelum
571 2944 736 2988 receptus
756 2941 802 2977 ad
819 2944 856 2977 te
871 2940 1016 2977 mittam.
1067 2940 1224 2977 Cunctos
1243 2939 1392 2990 proinde
1406 2939 1501 2975 iuius
1518 2938 1619 2975 cives
1633 2937 1755 2974 verbis

1753 594 1777 629 5

1759 1068 1800 1106 10

1762 1462 1800 1499 15
