1800 3236
234 142 340 194 546
704 146 957 194 GEORGII
986 145 1274 193 SYNCELLI

237 258 538 315 Μακκαβαίων
563 258 792 319 ἀναιρεῖται
807 257 889 303 ὗπό
908 258 1180 314 Πτολεμαίου
1199 257 1534 310 τινόςἸουδαιόυ
1552 277 1739 320 στρατη-

237 336 313 392 γοῦ
333 335 408 388 τῆς
425 327 580 389 Ἶεριχὼ
602 333 671 375 καὶ
690 334 884 389 γαμβροῦ
906 329 1036 373 αὐτοῦ
1061 327 1186 389 δόλῳ.

349 395 486 452 Οὗτος
506 399 527 445 ὅ
547 402 690 458 Σίμων
707 400 814 457 μετὰ
832 397 894 458 ρο’
915 399 985 456 ἔτη
1006 398 1105 450 τοὺς
1118 399 1350 451 Ἰουδαίους
1370 397 1635 459 ἠλευθέρωσε
1655 406 1740 445 τῶν

238 470 398 534 φόρων.
435 471 601 516 ἐτέλουν
621 472 700 529 γὰρ
727 470 810 514 ἀπὸ
830 474 906 514 τοῦ
927 467 1097 528 πρώτου
1120 467 1340 515 Σελεύκου.

81 551 125 588 Ρ.
148 551 219 590 288
337 538 548 599 ζΗγήσατο
585 546 670 586 τῶν
697 539 915 585 Ἰουδαίων
951 541 1165 591 Ματθίας
1205 538 1227 585 ὃ
1264 540 1404 599 πατὴρ
1433 543 1518 585 τῶν
1550 542 1770 584 Manna-5

237 614 372 672 βαίων
393 612 462 668 ἔτη
482 610 534 670 γ’.
568 610 732 663 Ἰούδας
752 611 843 663 υἱὸς
864 609 995 655 αὗτοῦ
1020 609 1090 668 ἔτη
1115 608 1165 662 ς’.
1187 609 1391 670 Ἰωνάθης
1412 610 1481 668 ἔτη
1500 608 1576 656 ιθ’.
1599 612 1744 668 Σίμων

239 684 311 742 ἴτη
332 680 386 741 η’.
428 680 534 737 ὁμοῦ
555 681 624 740 ἔτη
644 680 723 727 λδ’.

342 753 435 799 Καὶ
456 752 674 798 σπένδεται
687 750 908 808 Ῥωμαίοις
925 747 1102 803 Ἰούδας.

691 851 806 909 Περὶ
835 853 928 896 τῶν
958 849 1286 909 Μακκαβαίων.

339 937 391 984 ‘O
411 936 493 982 ἀπὸ
515 939 757 982 Ματαθιόυ
776 942 853 982 τοῦ
873 937 1034 997 πατρὸς
1052 942 1138 981 τῶν
1155 937 1456 994 Μακκαβαίων
1466 971 1479 992 ,
1514 934 1656 982 Ἰούδα
1677 939 1746 981 καὶ
1762 946 1800 981 10

235 1007 444 1054 Ἰωνάθου
476 1009 546 1052 καὶ
576 1009 769 1060 Σίμωνος
798 1006 953 1067 χρόνος
982 1007 1091 1052 κατὰ
1121 1008 1197 1064 μὲν
1228 1008 1302 1052 τὸν
1323 1008 1475 1067 ἀκριβῆ
1498 1007 1621 1067 λόγον
1644 1009 1747 1052 ἐτῶν

240 1081 330 1124 ἐστι
366 1076 457 1133 λό’,
498 1076 554 1130 ὥς
579 1076 858 1122 ὑποτέτακται
867 1112 881 1133 ,
922 1078 1031 1122 κατὰ
1061 1079 1106 1121 δὲ
1140 1078 1345 1134 Εὖσέβιον
1375 1081 1479 1123 ἐτῶν
1502 1077 1553 1124 λ’.
1592 1078 1670 1137 ἀφ’
1700 1073 1749 1122 οὗ

204 1150 325 1209 Βγᾶρ
353 1147 509 1208 χρόνου
532 1152 799 1205 Πτολεμαῖος
818 1147 839 1192 ὃ
869 1146 1122 1207 Φιλοπάτωρ
1141 1147 1299 1207 ἤρξατο
1320 1153 1513 1205 πολεμεῖν
1534 1149 1640 1209 πρὸς
1655 1149 1750 1193 Ἀν-

238 1223 381 1277 τίοχον
401 1219 474 1264 τὸν
490 1219 620 1277 μέγαν
639 1218 665 1276 ἦ
688 1223 773 1263 τῶν
790 1220 1090 1276 Μακκαβαίων
1109 1219 1252 1278 γραφὴ
1275 1220 1452 1278 ἱστορεῖ·
1492 1218 1513 1264 ὃ
1538 1221 1582 1263 δὲ
1598 1218 1751 1278 χρόνος

243 1291 386 1335 αὐτῶν
407 1289 489 1334 ἀπὸ
505 1287 717 1346 Ἀντιόχου
738 1294 815 1333 τοῦ
829 1290 1086 1348 Ἐπιφανοῦς
1104 1289 1346 1348 ἀριθμεῖται
1369 1290 1446 1342 ἕως
1461 1295 1537 1334 τοῦ
1554 1289 1747 1335 θανάτου
1763 1300 1800 1334 15

242 1363 447 1417 Σίμωνος.
486 1357 508 1403 ὃ
530 1360 610 1419 γὰρ
646 1357 902 1419 Φιλοπάτωρ
920 1357 1160 1416 πολεμήσας
1170 1359 1368 1420 Ἀντιόχῳ
1387 1365 1445 1421 τῷ
1465 1359 1631 1422 μεγάλῳ
1652 1361 1753 1412 τοὺς

237 1431 472 1481 Ἰουδαίους
492 1430 651 1489 ἀφῆκεν
670 1427 888 1482 ἀπολύσας
906 1431 1177 1488 ἐλευθέρους,
1208 1431 1407 1475 Ἰουδαῖοι
1433 1432 1477 1475 δὲ
1494 1436 1555 1492 τῷ
1570 1431 1752 1489 Ἐπιφα-

241 1508 310 1547 νεῖ
327 1498 526 1561 Ἀντιόχῳ
558 1501 637 1561 υἱῷ
667 1504 744 1544 τοῦ
768 1499 950 1558 μεγάλου
974 1499 1189 1557 Ἀντιόχου
1226 1502 1464 1546 συνέθεντο.
1503 1500 1525 1545 ὃ
1554 1502 1595 1545 δ’
1626 1502 1754 1553 αὐτὸς

241 1570 473 1630 Ἐπιφανὴς
505 1570 579 1615 τὸν
607 1570 709 1614 ναὸν
741 1569 916 1627 ἐσύλησε
946 1572 1014 1614 καὶ
1029 1569 1261 1622 Ἰουδαίους
1283 1570 1502 1628 ἑλληνίζειν
1518 1570 1750 1630 ἠνάγκασε’

87 1652 132 1690 V.
154 1653 227 1691 230
246 1640 341 1687 τότε
362 1641 608 1692 Ματαθίας
625 1639 777 1698 ἀνέστη
800 1632 878 1684 σὺν
896 1647 984 1692 τοῖς
1006 1642 1125 1684 παισὶ
1152 1639 1261 1703 ζήλῳ
1282 1646 1386 1685 θεοῦ
1407 1646 1600 1698 πολεμῶν
1619 1643 1747 1703 αὐτῷ.
1762 1651 1800 1686 2(

337 1733 373 1768 1.
398 1729 611 1777 στρατηγοῦ
628 1729 697 1775 τῆς
715 1729 757 1763 Β.
783 1729 1081 1776 στρατηγοῦντος
1104 1729 1159 1766 G.⁴
1275 1732 1333 1768 10.
1356 1731 1585 1776 Ματαθίου]
1611 1744 1751 1777 ματτοι-

336 1778 433 1814 θίου
453 1778 496 1813 Β.
532 1777 771 1814 Ματθαδίου
797 1778 844 1812 G.
982 1778 1040 1814 12.
1072 1775 1117 1822 λ’]
1156 1777 1413 1825 Quadraginta
1438 1779 1532 1824 apud
1560 1780 1752 1815 Eusebium

337 1837 375 1871 p.
400 1827 459 1862 89.
573 1825 630 1861 19.
656 1821 856 1870 ἠνάγκασε]
883 1820 1094 1872 ἠνάγκαζεν
1118 1825 1167 1859 G.
1277 1828 1337 1862 20.
1361 1827 1556 1872 ματαθίας
1573 1827 1615 1862 Β.
1640 1829 1754 1863 Ματ-

337 1872 432 1913 θίας
458 1872 507 1906 G.
609 1875 691 1915 τοῖς
716 1883 782 1907 om.
802 1873 845 1910 Β.
948 1870 1068 1921 αὐτῷ]
1094 1869 1217 1908 αὐτοῦ
1242 1873 1292 1907 G.

243 1941 356 1977 frater
373 1953 395 1977 a
411 1941 612 1977 Ptolemaeo
640 1942 789 1989 quodam
821 1942 952 1978 Iudaeo
979 1942 1079 1978 urbis
1101 1943 1370 1979 Hiericuntinae
1400 1945 1580 1991 praefecto
1605 1948 1643 1981 et
1677 1944 1753 1981 eius

246 2001 377 2034 genero
398 1989 531 2035 paratis
548 1989 684 2025 insidiis
699 1990 920 2025 interficitur.

340 2036 461 2071 Simon
478 2036 548 2072 iste
571 2037 779 2072 tributorum
799 2049 904 2072 onere
922 2037 967 2073 ab
1000 2037 1100 2072 annis
1120 2036 1187 2072 iam
1208 2039 1277 2075 170
1304 2037 1466 2085 imposito
1485 2038 1637 2075 Iudaeos
1663 2040 1754 2075 libe-

245 2082 352 2120 ravit.
399 2082 489 2118 Illud
511 2083 601 2119 enim
621 2095 642 2119 a
660 2084 800 2119 Seleuci
819 2085 838 2119 1
859 2085 1074 2131 temporibus
1099 2085 1310 2131 pendebant.

339 2129 563 2186 Iudaeorum·
584 2133 841 2178 praefecturam
869 2131 982 2178 gessit
1001 2132 1174 2167 Matthias
1197 2133 1486 2168 Maccahaeorum
1517 2136 1622 2178 pater
1652 2133 1752 2168 annis

247 2175 383 2219 tribus,
407 2177 512 2260 Ιιὲᾱὶε
534 2190 608 2213 eius
631 2179 725 2214 filius
741 2179 840 2215 annis
860 2191 944 2223 sex,
968 2179 1089 2215 Simon
1109 2180 1210 2216 annis
1230 2184 1322 2217 octo.
1368 2181 1508 2215 Summa
1525 2180 1672 2216 omnium
1699 2186 1755 2217 est

247 2233 417 2258 annorum
485 2250 494 2259 .

343 2270 451 2306 Iudas
473 2282 550 2307 cum
566 2272 732 2309 Romanis
751 2273 875 2309 foedus
894 2273 986 2309 iniit.

826 2345 886 2385 De
917 2344 1178 2387 Maccabaeis.

344 2409 521 2457 Tempus,
545 2421 615 2457 quo
641 2409 930 2448 Maccahaeorum
958 2417 1060 2460 pater
1082 2412 1252 2449 Matthias
1286 2424 1354 2449 una
1380 2425 1456 2450 cum
1472 2414 1582 2458 Iuda,
1605 2414 1753 2450 Ionatha

251 2459 290 2492 et
307 2457 447 2494 Simone
468 2457 551 2493 filiis
570 2458 743 2505 publicam
763 2459 968 2495 Iudaeorum
994 2472 1068 2496 rem
1097 2462 1256 2507 suscepit
1283 2462 1588 2498 administrandam
1617 2474 1661 2497 ex
1691 2474 1753 2497 ac·-

252 2504 428 2540 curatiore
459 2510 621 2551 computo
650 2517 815 2541 annorum
848 2512 902 2543 est
928 2506 996 2551 34,
1028 2512 1133 2554 prout
1160 2508 1392 2552 subiecimus3
1430 2522 1474 2545 ex
1498 2509 1643 2544 Eusebii
1666 2521 1751 2543 vero

251 2552 394 2588 calculis
417 2564 582 2588 annorum
596 2554 656 2590 30.
705 2553 765 2588 Ex
791 2566 861 2600 quo
888 2555 977 2590 enim
998 2555 1218 2591 Ptolemaeus
1239 2557 1446 2603 Philopator
1478 2569 1554 2592 cum
1583 2555 1751 2592 Antiocho

250 2598 384 2646 Magno
410 2600 512 2637 bellis
544 2599 717 2636 dissidere
743 2602 882 2649 coepit,
909 2602 1198 2639 Maccahaeorum
1226 2605 1379 2640 excurrit
1414 2604 1571 2639 historia.
1620 2604 1752 2638 Eorum

252 2657 339 2682 vero
359 2651 493 2694 tempus
510 2648 554 2684 ab
573 2647 743 2683 Antiocho
764 2648 897 2684 Illustri
919 2650 964 2684 ad
983 2650 1132 2685 Simonis
1146 2657 1288 2687 mortem
1309 2651 1499 2698 computari
1521 2650 1752 2686 existimatur.

252 2691 462 2740 Philopator
482 2695 573 2738 enim
591 2694 719 2730 bellum
736 2695 908 2732 Antiocho
926 2697 1086 2732 illaturus
1103 2698 1250 2735 Iudaeos
1270 2699 1434 2734 libertate
1461 2698 1560 2744 prius
1588 2697 1752 2739 donavit3

252 2744 375 2794 partes
391 2746 505 2777 autem
520 2741 682 2778 Antiochi
696 2742 847 2777 Illustris
860 2744 1023 2780 Antiochi
1037 2745 1160 2791 Magni
1177 2747 1311 2782 nomine
1328 2746 1394 2781 filii
1410 2746 1600 2781 tuebantur
1610 2744 1752 2786 Iudaei3

255 2787 348 2822 ldem
369 2788 477 2824 nihilo
493 2789 609 2825 secius
625 2788 829 2836 Epiphanes
848 2792 975 2837 templo
1000 2792 1138 2839 direpto
1151 2819 1162 2836 ‚
1184 2794 1333 2829 Iudaeos
1351 2793 1605 2828 Graecanicam
1628 2801 1753 2837 super-

255 2834 433 2870 stitionem
451 2837 636 2873 admittere
652 2839 900 2873 tormentorum
914 2838 951 2873 vi
975 2840 1214 2886 compellebat.
1262 2842 1365 2876 Tunc
1387 2841 1557 2875 Matthias
1583 2850 1667 2874 vero
1693 2849 1752 2872 re-

254 2879 394 2926 ligionis
409 2882 536 2921 ardore
552 2894 760 2928 succensus,
787 2883 861 2921 eius
883 2885 1037 2922 consiliis
1053 2898 1092 2923 se
1119 2888 1286 2936 opposuit
1315 2887 1499 2924 adversum
1521 2889 1558 2923 et
1576 2897 1651 2922 cum
1668 2884 1750 2920 filiis
