1800 3236
254 184 359 235 250
395 224 397 227 -
711 193 962 251 GEORGII
991 192 1281 242 SYNCELLI

255 309 340 357 πᾶς
369 302 392 350 ὅ
420 303 524 357 λαός
549 307 631 367 ’μιᾷ
661 310 782 365 φωνῇ
795 339 810 361 ,
846 305 1054 365 λέγοντες,
1092 303 1255 358 πάντας
1298 306 1398 360 τοὺς
1431 304 1579 366 λόγους
1609 307 1756 368 κυριόυ

255 373 483 434 ποιήσομεν
512 377 582 419 καὶ
610 375 896 432 ἀκουσόμεθα.
934 378 1004 420 καὶ
1035 376 1193 435 ἔγραψε
1217 381 1354 422 ταῦτα
1377 376 1527 423 πάντα.
1564 376 1659 423 τότε
1682 379 1756 438 ὄρ-

254 448 413 506 θρίσας
434 443 679 507 ᾠκοδόμησε
700 444 1008 505 θυσιαστήριον
1026 444 1108 493 ὑπὸ
1127 447 1176 492 τὸ
1194 446 1293 507 ὄρος
1313 450 1382 493 καὶ
1403 447 1459 505 ιβ’
1477 450 1629 500 λίθους
1646 449 1756 493 κατὰ

256 517 395 576 φυλὴν
422 515 591 574 ἔστησε·
627 518 698 560 καὶ
727 514 870 568 θύσας
895 521 955 577 τῷ
984 522 1074 578 θεῷ
1103 515 1291 575 μόσχους
1317 519 1512 579 προσέχεε
1550 519 1600 563 τὸ
1626 518 1755 576 ἣμισυ

253 591 332 631 τοῦ
360 588 538 644 αἵματος
563 586 670 646 πρὸς
701 586 749 631 τὸ
776 585 1110 647 θυσιαστήριον·
1146 590 1354 647 ἔπανέγνω
1387 607 1431 634 τε
1467 585 1596 641 αὖθις
1626 592 1684 641 εἷς
1700 582 1784 634 τ’ὰ5

217 653 352 705 Βῶτα
380 661 456 702 τοῦ
493 661 598 701 λαοῦ
623 657 670 701 τὸ
695 659 862 713 βιβλίον
883 662 960 715 τῆς
980 656 1213 716 διαθήκης,
1251 661 1320 704 καὶ
1340 657 1477 714 εἷπον,
1515 658 1655 704 πάντα
1677 659 1758 704 ὅσα

255 726 431 785 ἐλάλησε
460 726 603 786 κύριος
631 726 860 785 ποιήσομεν
879 730 949 772 καὶ
972 727 1260 786 ἀκουσόμεθα.
1310 732 1380 775 καὶ
1402 730 1548 786 λαβὼν
1582 730 1631 775 τὸ
1653 730 1756 775 ἄλλο

254 797 386 861 ᾔμισυ
408 802 485 843 τοῦ
505 799 684 854 αἵματος
703 803 789 844 τῶν
810 803 974 844 θυσιῶν
996 798 1040 844 ἐν
1060 804 1237 860 κρατῆρι
1257 802 1530 846 κατεσκέδασε
1553 805 1630 845 τοῦ
1650 805 1757 845 λαοῦ

255 870 326 913 καὶ
347 867 454 913 εἶπεν
465 902 479 923 ,
523 868 617 913 ἰδοὺ
643 869 692 913 τὸ
713 867 819 926 αἷμα
837 874 913 926 τῆς
931 868 1142 928 διαθήκης
1159 865 1210 929 ἧς
1236 872 1400 916 διέθετο
1423 871 1529 931 πρὸς
1547 869 1660 928 ἡμᾶς
1683 869 1758 916 κύ-

257 957 347 998 ριος
373 940 466 997 περὶ
491 937 660 984 πάντων
690 944 776 984 τῶν
805 938 938 998 λόγων
972 939 1148 987 τούτων.
1198 942 1461 1000 παραλαβών
1487 943 1533 986 δὲ
1560 945 1758 999 Μωῦσῆς
1772 948 1800 985 1(

256 1010 331 1054 τὸν
352 1008 516 1068 Ἀαρὼν
545 1011 615 1055 καὶ
646 1010 808 1066 Ναδὰβ
834 1012 904 1055 καὶ
922 1011 1090 1067 Ἀβιοὺδ
1124 1012 1202 1057 σὺν
1226 1012 1368 1064 ἄλλοις
1387 1011 1423 1058 ο’
1443 1008 1520 1070 τῆς
1539 1014 1760 1072 γερουσίας

257 1080 410 1137 ἀνέβη,
449 1074 499 1124 οὗ
529 1078 704 1137 εἱστήκει
735 1079 877 1132 ὃθεὸς
904 1087 980 1126 τοῦ
996 1081 1178 1141 Ἰσραήλ.
1217 1085 1286 1127 καὶ
1312 1081 1422 1128 εἶδον
1441 1083 1515 1128 τὸν
1537 1081 1669 1127 τόπον
1688 1085 1759 1127 καὶ

255 1150 311 1195 τὰ
328 1148 412 1195 ὕπὸ
430 1150 529 1202 τοὺς
551 1149 686 1202 πόδας
698 1151 829 1196 αὐτοῦ
851 1150 947 1196 ὡσεὶ
967 1152 1087 1212 ἔργον
1106 1156 1232 1197 λίθου
1254 1155 1503 1213 σαπφείρου,
1525 1155 1594 1197 καὶ
1616 1152 1758 1212 ὥσπερ

257 1219 366 1273 εἶδος
378 1219 666 1280 στερεώματος
686 1227 762 1266 τοῦ
775 1223 958 1282 οὐρανοῦ
972 1228 1023 1282 τῇ
1043 1215 1323 1281 καθαρότητι,
1344 1226 1413 1269 καὶ
1430 1228 1515 1270 τῶν
1534 1225 1759 1269 ἐπιλέκτων

99 1300 141 1336 Ρ.
166 1300 235 1338 133
259 1296 335 1337 τοῦ
363 1292 533 1351 Ἰσραὴλ
560 1292 609 1337 οὗ
636 1290 890 1352 διεφώνησεν
912 1294 1010 1339 οὐδὲ
1033 1292 1105 1346 εἷς.
1147 1297 1216 1339 καὶ
1239 1294 1454 1355 ὤφθησαν
1474 1297 1517 1340 ἐν
1541 1298 1603 1357 τῷ
1624 1292 1758 1357 τόπῳ,
1772 1301 1800 1337 13

259 1364 329 1406 καὶ
348 1361 503 1422 ἔφαγον
526 1364 595 1406 καὶ
614 1362 743 1409 ἔπιον.

102 1440 144 1476 V.
172 1440 240 1478 106
370 1437 473 1485 Τοῖς
500 1428 586 1478 οὖν’
605 1440 778 1492 γενικοῖς
806 1435 875 1479 καὶ
906 1436 1052 1488 ἲδικοῖς
1080 1431 1226 1493 νόμοις
1245 1437 1444 1494 Μωῦσῆς
1462 1452 1760 1495 προκαταρτη-

257 1504 352 1555 θεὶς
364 1503 441 1561 τὴν
454 1501 641 1549 διάνοιαν
659 1507 724 1549 ἐπὶ
744 1504 822 1562 τὴν
841 1504 1073 1565 ἀκρώρειαν
1092 1506 1284 1551 ἀνελθεῖν
1302 1504 1384 1551 ὕπὸ
1403 1511 1478 1551 τοῦ
1499 1510 1607 1553 θεοῦ
1625 1521 1761 1566 προσ·-

258 1572 444 1631 ετάχθη,
485 1573 593 1619 ἔνθα
623 1576 701 1620 σὺν
730 1575 870 1633 Ἰησοῦ
899 1581 958 1637 τῷ
990 1581 1066 1621 τοῦ
1085 1580 1214 1634 Ναυῆ
1245 1575 1365 1639 μόνῳ
1396 1577 1675 1637 προσαναβὰς
1694 1577 1761 1621 ἐπὶ

259 1645 516 1703 τελειοτέραν
565 1647 863 1704 μυσταγωγίαν
901 1644 1123 1706 ἀνάγεται,
1168 1652 1274 1692 ναοῦ
1314 1665 1426 1700 τινος
1462 1647 1578 1708 αὐτῷ
1619 1658 1800 1706 παρα-2(

261 1715 500 1773 δειχθέντος
534 1719 815 1774 παμποικίλου
865 1719 935 1762 καὶ
973 1716 1332 1779 δυσερμηνεύτου,
1380 1719 1655 1778 προπυλαίοις
1692 1720 1763 1762 καὶ

355 1839 391 1875 2.
416 1837 630 1886 ποιήσωμεν
642 1840 714 1876 ΑΒ.
810 1836 1059 1888 ἀκουσόμεθα
1076 1842 1120 1877 Β.
1146 1838 1402 1888 ἀκουσῶμεθα
1418 1843 1462 1880 Α.
1484 1837 1699 1887 ἀκοῦσομεν
1710 1842 1759 1876 G.

357 1885 451 1923 Vide
471 1888 585 1923 Exod.
606 1888 744 1931 XXIV,
767 1889 804 1926 3.
897 1887 1059 1935 ἔγραψεν
1072 1890 1144 1925 ΑΒ.
1171 1889 1342 1938 ἔγραψαν
1356 1891 1404 1925 G.
1497 1891 1534 1928 3.
1557 1890 1621 1926 καὶ
1632 1902 1698 1924 om.
1712 1890 1760 1923 G.

435 1934 471 1970 4.
495 1934 618 1980 φυλάς
638 1937 687 1973 G.
731 1946 734 1949 '
792 1936 828 1972 5.
852 1937 948 1982 πρὸς
964 1937 1008 1972 Β.
1034 1939 1089 1979 εἰς
1108 1938 1157 1972 G.
1274 1937 1324 1974 τοὶ
1347 1948 1413 1972 om.
1437 1937 1482 1974 B.
1589 1939 1624 1974 6.
1651 1935 1761 1973 εἷπον

357 1980 432 2016 Bm.
456 1979 575 2020 εἰπών
597 1983 646 2019 G.
757 1983 792 2019 7.
814 1982 1029 2030 ποιήσωμεν
1047 1983 1111 2021 καὶ
1134 1982 1392 2030 ἄκουσῶμεθα
1412 1985 1484 2020 ΑΒ.
1591 1987 1649 2021 10.
1675 1983 1763 2032 περὶ

358 2039 426 2064 om.
444 2029 491 2063 G·
603 2028 672 2067 τὸν
699 2028 811 2078 λόγον
833 2033 971 2069 τοῦτον
990 2034 1033 2068 Α.
1151 2034 1208 2070 11.
1231 2031 1356 2081 υαδὰβ
1382 2033 1426 2068 Β.
1450 2029 1596 2077 Ναδοῖμ
1615 2033 1665 2067 G.

358 2072 392 2111 o'
417 2087 483 2111 om.
502 2077 551 2113 G.
670 2079 728 2116 12.
752 2076 859 2116 εἶδον
877 2091 923 2116 m.
947 2077 1045 2118 ἰδών
1069 2080 1118 2116 G.
1247 2082 1305 2120 13.
1338 2076 1441 2126 ὦσεὶ]
1468 2077 1593 2127 ὥσπερ
1614 2080 1664 2117 G.

358 2124 415 2160 19.
439 2124 540 2173 vam}
562 2125 605 2161 B.

268 2238 342 2262 mus
358 2229 396 2263 et
417 2228 606 2266 audiemus.
653 2230 706 2266 Et
717 2242 761 2267 ea
775 2234 900 2268 cuncta
916 2230 1191 2279 descripserunt.
1223 2232 1381 2278 Sui-gens
1393 2235 1508 2268 autem
1522 2231 1644 2268 Moses
1661 2243 1763 2268 mane

269 2273 471 2311 aedificavit
498 2277 611 2313 altare
635 2278 680 2313 ad
700 2279 825 2314 montis
848 2279 1002 2315 radicem
1023 2280 1208 2316 duodecim
1232 2279 1357 2327 positis
1382 2278 1558 2327 lapidibus
1587 2291 1651 2336 pro
1672 2280 1762 2315 duo-

268 2320 383 2357 decim
401 2323 552 2360 tribuum
577 2336 738 2369 numer03
764 2330 801 2362 et
818 2326 1003 2363 immolatis
1030 2328 1096 2364 deo
1117 2327 1238 2363 vitulis
1261 2326 1410 2363 medium
1438 2327 1618 2374 sanguinus
1636 2327 1763 2363 effudit

269 2367 308 2403 in
330 2369 462 2413 altare3
484 2383 692 2420 rursumque
708 2374 910 2409 testamenti
926 2374 1050 2410 librum
1071 2375 1236 2411 audiente
1254 2375 1380 2422 populo
1408 2374 1561 2422 perlegit
1584 2379 1621 2410 et
1638 2375 1762 2410 excla-

213 2416 218 2424 '
270 2421 456 2453 maverunt
481 2419 619 2455 cuncti:
642 2421 757 2455 onmia
778 2432 1004 2468 quaecunque
1028 2422 1165 2458 locutus
1193 2427 1250 2458 est
1265 2422 1422 2459 dominus
1449 2422 1615 2459 faciemus
1634 2426 1671 2457 et
1697 2433 1762 2457 au·-

270 2462 416 2518 diemus.
465 2465 726 2514 Acceptamque
740 2467 842 2503 aliam
862 2469 1040 2514 sanguinis
1062 2470 1280 2506 victimarum
1301 2475 1437 2516 partem
1456 2469 1604 2505 mediam
1621 2480 1764 2516 resper-

269 2515 318 2546 mt
334 2509 372 2546 in
389 2513 550 2559 populum
569 2518 607 2550 et
623 2514 689 2549 ait:
712 2526 795 2550 ecce
813 2516 957 2562 sanguis
974 2518 1196 2561 testamenti,
1220 2517 1315 2564 quod
1342 2517 1516 2564 disposuit
1540 2516 1697 2551 dominus
1716 2516 1762 2551 de

269 2557 428 2594 omnibus
452 2561 569 2596 verbis
593 2560 683 2598 istis.
730 2561 781 2597 Et
804 2563 992 2610 assumptis
1020 2566 1155 2608 Aaron,
1180 2565 1321 2600 Nadam
1346 2569 1383 2600 et
1400 2563 1517 2600 Abiud
1540 2575 1616 2599 cum
1644 2562 1722 2598 aliis
1742 2575 1764 2598 e

270 2605 487 2651 senioribus,
509 2607 692 2644 adscendit
710 2609 829 2644 Moses
851 2610 889 2644 in
912 2611 1043 2655 locum,
1068 2623 1135 2659 quo
1154 2615 1304 2648 steterat
1321 2611 1407 2647 deus
1424 2610 1546 2646 Israffl.
1593 2610 1645 2646 Et
1663 2610 1764 2646 vide-

270 2657 354 2688 runt
372 2652 483 2691 locum
505 2657 544 2691 et
593 2667 660 2692 uae
680 2657 745 2692 sub
765 2657 914 2703 pedibus
940 2658 1041 2702 eius,
1072 2660 1172 2696 velut
1198 2659 1348 2706 speciem
1377 2657 1502 2705 lapidis
1521 2655 1693 2704 sapphiri
1722 2670 1765 2693 ac

271 2700 369 2735 velut
396 2701 544 2748 speciem
610 2703 771 2739 momenti
794 2704 883 2739 caeli
911 2704 948 2740 in
973 2717 1037 2741 sua
1087 2707 1227 2743 uritate.
1277 2707 1326 2742 Et
1348 2706 1393 2741 de
1419 2705 1628 2752 primoribus
1652 2704 1765 2741 Israel

273 2758 343 2782 nou
360 2749 571 2785 contradixit
586 2750 643 2786 vel
663 2762 762 2786 unus·
808 2751 859 2786 Et
876 2751 944 2786 visi
965 2756 1048 2788 sunt
1063 2765 1100 2788 ιιι
1116 2754 1212 2797 loco,
1238 2758 1275 2789 et
1294 2753 1516 2789 comederunt
1532 2756 1569 2787 et
1588 2752 1766 2788 biberunt.

365 2795 608 2833 Communibus
634 2798 756 2844 itaque
772 2797 1003 2845 privatisque
1026 2800 1164 2846 legibus
1185 2801 1303 2837 Moses
1331 2801 1544 2843 instructus,
1569 2800 1615 2835 ad
1639 2799 1766 2835 montis

270 2853 432 2878 cacumen
450 2856 472 2880 a
490 2844 556 2880 deo
580 2845 812 2881 conscendere
839 2845 953 2881 iussus
985 2851 1061 2890 est3
1085 2847 1237 2894 illucque
1264 2847 1357 2884 solus
1380 2859 1456 2883 cum
1473 2847 1554 2882 Iesu
1573 2846 1679 2883 Nave
1699 2858 1764 2893 pe-

270 2895 433 2933 netrans,
457 2892 502 2927 ad
521 2891 752 2928 sublimiorem
770 2904 885 2928 rerum
911 2893 1105 2929 divinarum
1130 2895 1342 2941 agnitionem
1371 2895 1549 2938 elevatur,
1572 2898 1712 2930 ostenso
1730 2891 1765 2928 ei

269 2936 416 2982 quodam
436 2939 565 2987 templo
590 2951 704 2977 rerum
723 2939 870 2976 difficile
889 2940 1171 2989 explicandarum
1192 2942 1365 2979 varietate
1391 2946 1513 2978 ornato
1537 2954 1580 2978 ac
1605 2940 1763 2977 vestibu-
