1800 3236
242 189 346 243 534
705 198 957 246 GEORGII
983 199 1270 248 SYNCELLI

244 308 441 369 βασιλεὺς
451 308 667 363 Ἰουδαίοις
686 310 919 357 ἐσπείσατο.
945 313 1014 356 καὶ
1030 313 1233 359 εἷσελθὼν
1253 314 1312 367 εἲς
1329 313 1406 373 τὴν
1427 311 1547 360 πόλιν
1567 320 1738 362 καθεῖλε

245 381 296 428 τὸ
320 388 452 438 τεῖχος
468 382 575 439 μετὰ
592 381 692 434 τοὺς
713 380 862 440 ὅρκους
874 380 1039 427 Ἰούδαν
1059 385 1298 430 καταλιπών
1317 384 1458 445 ἄρχειν
1478 385 1599 445 μέχρι
1617 390 1738 432 Πτο-

243 454 453 509 λεμαίδος.
489 454 559 497 καὶ
577 450 803 506 ἀναζεύξας
829 455 888 504 εἰς
911 451 1163 510 Ἀντιόχειαν
1184 454 1310 508 ὀξέως
1327 455 1437 500 κατὰ
1461 458 1671 501 Φιλίππου
1693 459 1738 501 ἐκ

243 523 457 581 Περσίδος
483 520 790 574 ἐπανελθόντος
818 523 896 568 σὺν
923 529 1016 575 ταῖς
1038 523 1240 582 δυνάμεσι
1262 528 1332 571 καὶ
1351 527 1428 585 τὴν
1444 528 1661 582 βασιλειάν
1682 530 1739 580 εἷς

243 591 395 638 ἑαυτὸν
412 590 751 652 περιστήσαντος,
781 591 829 637 ὃν
848 592 1131 653 πολιορκήσας
1150 597 1354 653 κατέλαβε
1376 597 1454 655 τὴν
1468 595 1766 655 Ἀντιόχειαν.5

207 660 378 715 Βαῦτός
395 681 440 708 τε
468 663 666 722 παραυτά
687 664 906 722 ἐκβληθεὶς
924 662 1007 709 ὕπὸ
1023 666 1274 726 Δημητρίου
1292 668 1387 712 υἱοῦ
1406 666 1611 713 Σελεύκου
1633 667 1749 730 ὅμηε

246 732 440 793 ρεύοντος
451 734 494 778 ἓν
508 731 647 794 Ῥώμῃ
658 735 728 778 καὶ
744 732 1026 787 κατελθόντος
1046 738 1105 789 εἰς
1119 739 1320 797 Τρίπολιν
1335 743 1410 796 τῆς
1423 740 1620 796 Φοινίκης
1630 743 1736 799 πλῷ,

245 805 289 849 ἓν
307 802 482 865 ἡμέραις
501 803 729 864 ἀναιρεῖται
745 808 1006 866 συλληφθεὶς
1024 805 1114 863 ἅμα
1132 812 1193 868 τῷ
1212 809 1364 870 Λυσίᾳ
1390 809 1504 868 παρὰ
1525 814 1601 853 τοῦ
1630 808 1740 866 πλή-

243 879 380 930 θους,
417 874 640 935 προστάξει
671 877 922 935 Δημητρίου
953 876 1182 937 ἀδελφιδοῦ
1222 878 1283 937 μὴ
1314 879 1599 936 ἀνασχομένου
1629 877 1739 924 θεά-

243 950 408 990 σασθαι
450 945 602 1001 αὐτὸν,
638 945 895 1003 βασιλεύσας
929 946 1020 999 ἔτος
1050 946 1096 992 (ἓν
1129 947 1259 1007 ἥμισυ
1273 963 1284 975 ·
1329 949 1436 1006 μεθ’
1478 948 1525 995 ὃν
1553 947 1575 994 ὃ
1608 949 1736 1002 αὐτὸς
1749 957 1796 995 10

243 1014 490 1075 Δημήτριος
515 1015 724 1072 βασιλεύει
752 1016 823 1075 ἴτη
853 1015 923 1074 ιβ’.
961 1016 1100 1080 τούτῳ
1128 1017 1463 1079 προσφεύγουσιν
1490 1019 1653 1076 ἀσεβεῖς
1673 1039 1739 1065 τι-

169 1118 171 1121 .
243 1103 312 1137 νες
337 1086 558 1141 Ἰουδαῖοι,
597 1081 655 1131 ὧν
683 1085 818 1145 ἡγεῖτο
838 1087 1035 1144 ’Ἀλκιμός
1065 1107 1129 1141 τις
1162 1091 1207 1134 ἐκ
1232 1095 1309 1135 τοῦ
1344 1091 1551 1149 ἱερατικοῦ
1580 1092 1735 1149 γε’νους.

245 1151 369 1209 οὗτος
399 1162 475 1202 τοῦ
497 1155 637 1201 Ἰούδα
664 1165 890 1216 κατηγορεῖ
913 1159 991 1216 τὴν
1024 1158 1251 1218 ἱερωσύνην
1281 1178 1326 1205 τε
1358 1161 1464 1218 πρὸς
1486 1165 1562 1205 τοῦ
1581 1163 1739 1219 Δημη-

243 1228 362 1285 τρίου
383 1228 652 1286 ἐγχειρίζεται.
676 1228 747 1272 διὰ
764 1233 890 1273 τοῦτο
910 1231 979 1273 καὶ
999 1231 1057 1281 εἷς
1076 1230 1152 1287 τὴν
1173 1233 1356 1290 πατρίδα
1373 1233 1588 1288 Βακχίδην
1604 1249 1738 1291 στρα-

243 1297 370 1354 τηγὸν
397 1297 501 1355 ἔχων
518 1298 624 1354 μετὰ
645 1297 860 1355 δυνάμεως
882 1298 1043 1358 ἔρχεται
1062 1300 1170 1344 κατὰ
1192 1306 1267 1345 τοῦ
1287 1297 1422 1345 Ἰούδα
1440 1303 1509 1345 καὶ
1529 1306 1612 1346 τῶν
1632 1300 1736 1358 ὁμο·
1748 1309 1794 1347 15

207 1366 407 1427 (ἶφύλων.
453 1366 588 1426 λόγοις
617 1369 663 1412 δὲ
692 1371 853 1413 πείθειν
879 1369 953 1414 τόν
976 1368 1141 1414 Ἰούδαν
1171 1371 1221 1415 οὐ
1250 1373 1448 1428 δυνηθεὶς
1475 1369 1497 1416 ὃ
1522 1374 1737 1430 Βακχίδης

244 1441 432 1495 δολεροῖς
453 1438 531 1482 σὺν
552 1443 613 1498 τῷ
637 1438 785 1499 ἀνιέρῳ
801 1439 979 1501 Ἀλκίμῳ
997 1445 1080 1485 τῶν
1096 1441 1310 1486 Ἰουδαίων
1329 1440 1557 1499 ἐπισήμους
1577 1442 1736 1501 ἄνδρας

243 1506 279 1560 ’ξ’
324 1506 460 1566 λόγοις
500 1507 665 1568 εἰρήνης
701 1508 992 1568 ἀπατήσαντες
1018 1511 1178 1556 ἀνεῖλον
1211 1512 1254 1555 ἐν
1284 1508 1430 1573 ἡμέρα’
1448 1517 1526 1574 μιᾷ
1541 1527 1550 1536 ’
1588 1511 1664 1570 τήν
1690 1530 1734 1557 τε

243 1576 470 1637 ἱερωσύνην
498 1578 779 1638 κατορθώσας
801 1586 860 1642 τῷ
881 1581 1062 1643 Ἀλκιζιιῳ
1081 1583 1295 1639 Βακχίδης
1313 1582 1493 1636 ἀνέζευξε
1517 1583 1623 1641 πρὸς
1638 1585 1734 1640 Δη-

241 1647 432 1705 μήτριον.
466 1649 573 1706 μετὰ
608 1650 655 1694 δὲ
683 1655 820 1695 ταῦτα
839 1652 1020 1704 πολλοὺς
1037 1657 1122 1697 τῶν
1142 1652 1307 1707 ἀσεβῶν
1326 1654 1637 1711 τιμωρουμένου
1655 1657 1730 1697 τοῦ
1742 1659 1789 1695 20

235 1717 377 1762 Ἰούδα
408 1717 656 1778 Δημήτριος
679 1719 898 1780 Νικάνορα
940 1722 1047 1779 μετὰ
1077 1719 1295 1779 δυνάμεως
1325 1723 1472 1779 πέμπει
1498 1728 1734 1768 καταλῦσαι

241 1788 317 1834 τόν
342 1787 523 1847 πόλεμον
553 1795 613 1852 τῷ
629 1789 791 1847 Ἰούδα,
826 1794 960 1850 γῆμαί
974 1810 1018 1837 τε
1038 1794 1106 1837 καὶ
1127 1791 1530 1850 παιδοποιήσασθαι.
1567 1792 1736 1845 τούτοις

333 1901 369 1938 2.
392 1899 623 1939 καταλειπῶν
637 1903 682 1939 Β.
797 1901 834 1941 4.
860 1901 1138 1947 ἐπανελθόντος
1156 1917 1200 1941 m.
1226 1903 1474 1943 ἐπανελθόντι
1497 1906 1545 1941 G.
1666 1904 1733 1942 καὶ.

337 1959 405 1983 om.
431 1949 478 1984 G.
591 1950 628 1986 5.
653 1949 874 1998 κατελάβετο
898 1953 941 1989 Β.
1052 1954 1087 1991 7.
1109 1954 1191 2002 πλῷ
1214 1953 1258 1989 Β.
1282 1952 1382 1989 πλωῒ
1403 1954 1451 1989 G.
1566 1954 1602 1990 8.
1626 1952 1733 1999 παρὰ

335 1994 419 2031 add.
441 1996 484 2030 B.
614 1999 671 2033 12.
694 1997 734 2034 ἐκ
752 2000 823 2036 τοῦ
842 2011 907 2036 om.
927 2000 977 2036 G.
1097 2002 1154 2038 16.
1187 1999 1378 2049 βακχήδης
1401 2001 1443 2037 Β.
1558 2001 1618 2038 17.
1636 1998 1733 2038 Ἰου-

335 2042 468 2088 δαίων]
494 2040 679 2081 ἇσιδαίων
700 2046 745 2081 Β.

243 2133 342 2170 daeis
359 2146 479 2182 pacem
499 2137 683 2186 componit.
730 2138 780 2175 Et
799 2138 978 2186 ingressus
998 2138 1176 2177 civitatem
1206 2140 1409 2178 foederibus
1437 2140 1577 2177 violatis
1605 2140 1733 2178 civita-

243 2181 291 2216 tis
307 2182 439 2217 moenia
456 2183 584 2228 diruit3
607 2186 730 2221 Iudam
750 2198 834 2222 vero
863 2186 908 2222 ad
928 2187 1179 2224 Ptolemaidem
1206 2200 1320 2236 usque
1348 2187 1516 2224 dominari
1545 2188 1731 2235 permittit.

243 2228 327 2263 Mox
342 2229 557 2266 Antiochiam
588 2232 749 2268 celeriter
765 2245 949 2279 regressus
968 2233 1133 2281 Philippo
1158 2246 1200 2270 ex
1218 2235 1367 2270 Perside
1391 2247 1469 2270 cum
1493 2235 1650 2270 exercitu
1666 2248 1732 2271 re-

241 2275 395 2310 vertenti
421 2281 457 2311 et
483 2289 626 2323 regnum
652 2279 719 2315 sibi
744 2280 933 2315 vindicanti
954 2280 1048 2316 vires
1076 2282 1243 2317 adversas
1275 2281 1422 2329 opponit
1448 2287 1484 2317 et
1513 2282 1730 2318 Antiochiam

241 2321 422 2359 obsidione
448 2329 584 2370 captam
607 2326 815 2372 ingreditur.
879 2326 1024 2362 Demum
1061 2339 1083 2362 a
1106 2327 1285 2363 Demetrio
1315 2329 1474 2371 Seleuci,
1510 2330 1572 2375 qui
1599 2330 1730 2365 Romae

242 2369 360 2404 fuerat
389 2370 515 2415 obses,
556 2375 592 2406 et
616 2372 698 2407 navi
730 2372 889 2421 Tripolin
923 2374 1117 2409 Phoenices
1150 2376 1336 2422 appulerat
1366 2376 1488 2422 paucis
1523 2376 1649 2411 diebus
1674 2376 1731 2410 in-

240 2420 297 2451 ter
322 2415 423 2450 ositis
440 2428 517 2452 cum
531 2418 662 2464 Lysiae
678 2419 788 2466 copiis
806 2421 1072 2465 comprehensus
1083 2421 1253 2457 Demetrii
1271 2422 1471 2458 consobrini
1487 2422 1582 2458 iussu
1594 2449 1605 2466 ,
1630 2424 1730 2458 cuius

243 2474 284 2498 co
312 2463 451 2509 oquium
484 2464 578 2499 nulla
610 2465 747 2501 ratione
783 2467 898 2513 potuit
925 2467 1101 2512 obtinere,
1134 2468 1363 2512 interficitur,
1398 2481 1542 2516 regnum
1571 2470 1731 2505 modera-

241 2514 299 2546 tus
323 2521 413 2546 anno
435 2510 506 2546 solo
532 2515 569 2546 et
588 2511 748 2556 dimidio,
772 2513 829 2549 cui
847 2514 1044 2550 Demetrius
1071 2515 1168 2550 annis
1192 2517 1237 2552 12
1267 2517 1444 2552 successit.
1490 2516 1544 2552 Ad
1573 2528 1650 2551 eum
1670 2516 1730 2550 Iu-

241 2556 324 2592 daei
338 2557 476 2603 quidam
497 2558 686 2594 sceleribus
702 2560 879 2606 insignes,
901 2573 1044 2608 quorum
1068 2562 1230 2609 princeps
1258 2562 1330 2598 fuit
1346 2563 1497 2598 Alcimus
1521 2563 1730 2598 sacerdotali

243 2604 356 2651 stirpe
373 2610 493 2648 natus,
518 2606 733 2652 confugiunt.
779 2607 847 2643 Hic
867 2608 955 2643 Iuda
970 2609 1193 2655 plurimorum
1213 2614 1375 2645 accusato
1388 2638 1397 2652 ,
1421 2609 1595 2657 pontificis
1611 2609 1729 2655 digni-

241 2654 350 2687 tatem
369 2664 390 2688 a
403 2651 580 2688 Demetrio
590 2653 825 2699 consequitur.
848 2655 1023 2697 Quocirca
1036 2656 1222 2692 Bacchidis
1242 2657 1339 2692 ducis
1356 2660 1392 2692 et
1401 2662 1606 2691 armatorum
1619 2656 1728 2691 comi-

242 2702 320 2734 tatu
330 2698 441 2735 fretus
450 2698 570 2741 Iudam
585 2704 622 2735 et
642 2700 853 2736 contribules
872 2702 1009 2737 ulturus
1025 2704 1227 2739 revertitur.
1274 2705 1360 2739 Cum
1380 2715 1464 2739 vero
1477 2703 1673 2739 Bacchides
1691 2706 1729 2738 et

244 2744 435 2793 sacrilegus
456 2745 606 2782 Alcimus
633 2747 722 2782 dolis
746 2747 865 2783 Iudam
891 2749 1141 2786 circumvenire
1169 2762 1236 2786 non
1266 2754 1430 2797 possent,
1455 2749 1549 2785 viros
1578 2749 1728 2785 Iudaeos

244 2794 452 2838 sexaginta,
479 2793 724 2829 fraudulentae
750 2795 847 2842 pacis
873 2795 1018 2831 obtentu
1047 2797 1213 2844 deceptos
1238 2809 1308 2832 uno
1332 2797 1391 2832 die
1415 2797 1660 2838 confecerunt3
1691 2799 1731 2831 et

244 2840 430 2884 pontificiis
446 2839 563 2875 infulis
580 2840 710 2876 Alcimo
731 2853 752 2876 a
773 2841 951 2878 Bacchide
967 2843 1114 2887 delatis,
1139 2844 1334 2880 Bacchides
1351 2844 1430 2891 ipse
1453 2844 1498 2878 ad
1513 2842 1729 2879 Demetrium

241 2885 358 2922 rediit.
404 2886 626 2933 Imperiorum
641 2887 768 2923 deinde
785 2888 990 2924 Iudaeorum
1017 2890 1160 2926 crimina
1177 2891 1300 2937 poenis
1325 2890 1508 2926 ultricibus
1533 2890 1622 2925 Iuda
1645 2901 1729 2936 per-

242 2937 422 2980 sequente,
438 2934 650 2972 Nicanorem
665 2946 740 2971 cum
755 2941 928 2985 apparatu
946 2936 1038 2974 bello
1053 2937 1091 2975 in
1107 2937 1228 2975 Iudam
1243 2937 1351 2975 mittit
1358 2936 1556 2974 Demetrius
1572 2961 1727 2973 .......
