1800 3236
248 146 349 197 444
618 138 620 142 ‘
717 158 973 206 GEORGII
1003 158 1286 210 SYNCELLI

249 271 382 313 στελῶ
412 267 481 311 καὶ
515 263 706 325 λήψομαι
734 270 812 328 τὴν
834 269 1015 329 πατριὰν
1045 275 1123 315 τοῢ
1153 275 1291 331 βορρᾶ
1311 273 1378 315 καὶ
1397 270 1484 325 ἄξω
1506 270 1663 323 αὐτοὺς
1679 272 1742 316 ἐπὶ

247 338 325 395 ,τὴν
359 342 436 396 γῆν
467 335 626 395 ταύτην
662 341 730 383 καὶ
751 341 816 383 ἐπὶ
838 340 938 392 τοὺς
964 346 1262 394 κατοικοῦντας
1282 342 1413 399 αὐτὴν
1433 344 1501 387 καὶ
1520 343 1584 385 ἐπὶ
1606 341 1744 386 πάντα

248 409 301 452 τὰ
332 407 436 466 ἔθνη
469 408 521 452 τὰ
551 407 686 468 κύκλῳ
709 409 851 466 αὐτῆς.
894 411 962 454 καὶ
986 409 1232 468 ἐξερημώσω
1255 412 1409 464 αὐτοὺς
1432 414 1499 456 καὶ
1520 410 1643 457 δώσω
1663 413 1741 455 αὐ-

247 478 349 529 τοὺς
377 480 434 530 εἷς
470 478 708 536 ἀφανισμὸν
739 481 808 523 καὶ
838 482 894 531 εἷς
927 482 1130 539 συρισμὸν
1163 480 1330 527 αἰώνιον
1339 517 1353 537 ,
1391 485 1458 526 καὶ
1491 482 1635 526 ἀπολῶ
1661 483 1738 526 ἀπ)

247 548 389 592 αὐτῶν
410 548 553 606 φωνὴν
567 553 706 607 χαρᾶς
725 551 794 593 καὶ
819 549 1263 609 ᾳωνὴνεῦφροσύνης,
1302 553 1446 612 φωνὴν
1468 554 1651 611 νυμφίου
1674 554 1772 596 καὶὸ

249 618 394 677 φωνὴν
422 616 612 676 νύμφης,
651 618 786 676 ὀσμὴν
814 618 952 678 μύρου
984 623 1053 664 καὶ
1084 626 1175 679 φῶς
1196 622 1360 679 λύχνου.
1399 625 1469 667 καὶ
1491 623 1607 667 ἔσται
1626 628 1743 667 πᾶσα

247 687 275 745 ἦ
311 693 362 745 γῆ
388 690 444 739 εἷς
466 688 706 746 ἀφανισμὸν
734 692 802 733 καὶ
821 688 1118 735 δουλεύσουσιν
1141 693 1184 736 ἐν
1201 700 1289 744 τοῖς
1308 693 1473 738 ἔθνεσιν
1497 691 1533 737 ο’
1552 693 1636 750 ἔτη.
1675 695 1744 737 καὶ

248 758 292 802 ἐν
314 762 375 818 τῷ
400 763 764 817 συμπληρωθῆναι
790 760 844 804 τὰ
865 759 900 804 ο’
921 760 991 818 ἔτη
1016 760 1218 819 ἐκδικήσω
1238 763 1285 807 τὸ
1307 763 1431 816 ἔθνος
1452 765 1602 818 ἐκεῖνο,
1640 765 1745 822 φησὶ

211 826 418 887 Οκύριος,
457 830 526 872 καὶ
554 828 747 886 θήσομαι
778 831 931 882 αὐτοὺς
961 834 1017 883 εἷς
1049 832 1286 891 ἀφανισμὸν
1314 831 1495 879 αῗῶνιον.
1532 831 1744 892 πρόδηλον

246 898 300 955 δὴ
329 906 421 949 τοῖς
460 900 734 957 βουλομένοις
764 900 908 958 ὀρθῶς
938 909 1046 946 νοεῖν
1074 902 1136 947 ὅτι
1163 901 1189 960 ἡ
1221 908 1306 948 τῶν
1335 902 1372 948 o'
1399 906 1502 948 ἐτῶν
1530 902 1743 962 ἀπόφασις
1757 910 1800 944 10

246 970 347 1013 θεία
379 969 487 1013 κατὰ
517 975 592 1013 τοῦ
626 971 741 1015 οἴκου
766 969 907 1015 Ἰούδα
936 974 1004 1015 καὶ
1038 978 1114 1030 τῆς
1135 971 1407 1032 Ἰερουσαλὴμ
1441 974 1522 1018 ἀπὸ
1555 972 1592 1018 δ’
1626 975 1746 1024 ἔτους

242 1038 433 1095 Ἰωακεὶμ
471 1041 674 1098 ἐξηνέχθη
701 1043 770 1084 καὶ
799 1041 881 1085 ἀπὸ
914 1041 1065 1088 τούτου
1097 1048 1173 1087 τοῦ
1201 1043 1356 1103 χρόνου
1384 1043 1634 1089 ἐδούλευσαν
1657 1052 1746 1094 τοῖς

248 1108 401 1154 ἔθνεσι.
439 1114 499 1169 τῷ
533 1111 612 1170 γὰρ
639 1111 752 1171 αὐτῷ
779 1112 856 1155 ἔτει
876 1113 1270 1172 Ναβουχοδονόσωρ
1302 1115 1457 1159 ἀνελὼν
1482 1115 1555 1159 τὸν
1582 1114 1745 1173 Φαραώ

248 1180 426 1236 Nema),
467 1179 514 1231 ὃς
540 1176 592 1237 ἦν
622 1182 896 1233 καθεστακιὺς
930 1183 1003 1227 τὸν
1026 1183 1211 1240 Ἰωακεὶμ
1242 1183 1475 1239 βασιλεύειν
1493 1190 1569 1242 τῆς
1590 1183 1744 1243 Ἰερου-

247 1250 411 1306 σαλὴμ,
445 1249 689 1307 ἀποστήσας
709 1252 781 1296 τὸν
799 1250 974 1309 Ἰωάχαζ
997 1253 1088 1297 υἶόν
1104 1254 1263 1298 Ἰωσίου
1294 1257 1363 1298 καὶ
1390 1253 1656 1312 μεταστήσας
1687 1255 1744 1306 εἷς
1757 1265 1800 1302 15

245 1321 466 1377 ,Αἴγυπτον
486 1321 613 1378 ἀνέβη
629 1324 693 1365 ἐπὶ
705 1322 777 1366 τὸν
795 1322 996 1379 Ἰωακεὶμ,
1011 1326 1077 1367 καὶ
1092 1323 1294 1382 ἐγεννήθη
1308 1325 1423 1385 αὐτῷ
1437 1328 1587 1377 δοῦλος
1607 1325 1676 1382 ἴτη
1689 1324 1740 1383 γ’.

250 1392 319 1435 καὶ
340 1389 584 1435 ἀποστάντα
604 1391 898 1450 ᾗχμαλώτευσε
925 1394 1001 1438 σὺν
1030 1402 1118 1446 τοῖς
1135 1394 1309 1454 ἄρχουσι
1328 1401 1405 1440 τοῦ
1434 1400 1539 1439 λαοῦ
1560 1398 1628 1439 καὶ
1659 1400 1744 1439 τῶν

210 1462 508 1516 Βπολεμιστῶν
525 1469 612 1513 τοῖς
625 1463 934 1520 ἀλκιμωτέροις,
945 1464 1111 1508 τέκτοσί
1124 1483 1165 1509 τε
1179 1468 1247 1509 καὶ
1269 1473 1356 1518 τοῖς
1367 1472 1524 1517 λοιποῖς
1543 1467 1746 1516 ἐκλεκτοῖς

248 1530 404 1576 ἅπασιν
416 1532 540 1590 ἶεροῖς
555 1535 626 1576 καὶ
641 1531 698 1584 ὥς
709 1535 792 1578 ἐκεῖ
806 1534 1042 1592 γέγραπται.
1069 1533 1125 1587 ὥς
1138 1535 1239 1580 εἶναι
1257 1535 1414 1594 ταύτην
1425 1538 1576 1594 κυρίως
1589 1538 1743 1592 αἲχμαι-

249 1604 405 1647 λωσιάν
421 1604 552 1660 χωρὶς
570 1608 645 1647 τοῦ
661 1606 908 1661 ἐμπρησμοῦ
922 1605 1036 1648 οἴκου
1052 1608 1196 1662 κυρίου
1212 1609 1279 1650 καὶ
1301 1612 1376 1664 τῆς
1393 1605 1563 1658 πόλεως.
1603 1607 1675 1664 ἀφ’
1692 1600 1741 1650 οὗ
1752 1615 1800 1649 20

250 1668 324 1717 οὖν
342 1671 498 1730 χρόνου
519 1672 768 1718 ἐδούλευσαν
785 1682 872 1725 τοῖς
891 1675 1054 1719 ἔθνεσιν
1071 1676 1198 1733 ἤγουν
1221 1685 1310 1728 τοῖς
1330 1679 1587 1731 Χαλδαίοις,
1625 1678 1693 1720 καὶ
1716 1675 1741 1733 ἡ

249 1745 348 1787 θεία
380 1743 478 1787 κατ’
512 1743 650 1788 αὐτῶν
669 1745 870 1802 ἐξηνέχθη
893 1744 1106 1804 ἀπόφασις
1127 1752 1185 1808 τῷ
1207 1745 1244 1791 δ’
1267 1748 1346 1791 ἔτει
1362 1748 1550 1804 Ἶωακεῖμ
1571 1748 1648 1799 ἕως
1669 1751 1742 1790 τοῦ

342 1855 377 1889 7.
403 1854 656 1892 δουλεύσωσιν
674 1856 749 1892 AB.
876 1860 909 1895 8.
933 1856 1113 1907 ἐκδικήσω
1133 1860 1175 1894 Β.
1211 1858 1408 1906 ἐκδημήσω
1429 1861 1478 1896 G.
1598 1861 1653 1895 10.
1679 1857 1741 1904 δή]

344 1899 388 1938 δὲ
412 1903 458 1938 G.
565 1907 620 1941 11.
646 1901 720 1940 ἀπὸ
743 1905 814 1941 τοῦ
834 1903 866 1941 δ’
894 1906 942 1940 G.
1052 1909 1110 1945 12.
1133 1908 1204 1944 τοῦ
1227 1907 1308 1944 add.
1332 1907 1376 1943 Bss
1485 1907 1541 1944 16.
1564 1904 1613 1953 γ’]
1639 1904 1673 1953 η’
1698 1919 1743 1941 m.

415 1952 472 1989 19.
496 1950 559 1988 καὶ
580 1949 646 1998 ὡς]
676 1950 740 1988 καὶ
764 1952 858 1989 delet
872 1963 916 1989 m.

250 2043 357 2087 meis,
382 2056 463 2079 ecce
483 2057 548 2091 ego
574 2046 672 2082 mitto
693 2049 729 2082 et
746 2059 875 2082 sumam
899 2046 1138 2093 cognationem
1161 2046 1331 2094 aquilonis
1354 2051 1391 2083 et
1417 2047 1587 2084 adducam
1605 2061 1665 2083 eos
1684 2059 1743 2082 su·

248 2102 314 2138 per
336 2095 463 2126 terram
479 2092 581 2128 istam
606 2097 643 2128 et
661 2106 767 2141 super
784 2106 899 2129 omnes
915 2095 1130 2130 habitatores
1150 2096 1224 2129 eius
1245 2099 1282 2129 et
1301 2106 1407 2141 super
1434 2096 1592 2130 nationes
1613 2107 1741 2137 omnes,

249 2149 340 2183 quae
361 2139 397 2172 in
416 2139 564 2176 circuitu
582 2141 678 2175 illius
699 2146 797 2184 sunt3
823 2146 859 2176 et
876 2142 1039 2177 desolabo
1059 2154 1120 2176 eos
1139 2147 1176 2177 et
1201 2143 1290 2177 dabo
1317 2154 1377 2176 eos
1397 2142 1433 2176 in
1452 2143 1681 2188 perditionem
1706 2148 1743 2177 et

249 2184 286 2219 in
301 2184 436 2220 sibilum
455 2187 718 2234 sempiternum3
742 2194 780 2223 et
804 2188 945 2234 perdam
963 2200 1006 2222 ex
1026 2188 1076 2223 eis
1095 2200 1215 2224 vocem
1236 2188 1358 2234 gaudii
1377 2194 1413 2223 et
1431 2201 1549 2224 vocem
1571 2189 1741 2231 laetitiae,

250 2243 368 2267 vocem
387 2233 508 2277 sponsi
530 2239 566 2269 et
591 2247 709 2270 vocem
732 2247 902 2280 sponsae,
926 2236 1066 2270 odorem
1085 2237 1254 2280 unguenti
1282 2241 1318 2269 et
1338 2235 1452 2270 lumen
1468 2236 1644 2272 lucernae.
1694 2237 1743 2270 Et

249 2278 321 2314 erit
345 2279 508 2314 universa
525 2286 622 2316 terra
642 2282 676 2317 in
697 2281 916 2317 solitudinem
942 2286 978 2316 et
997 2281 1150 2316 servient
1173 2281 1335 2326 gentibus
1360 2294 1468 2317 annos
1488 2285 1546 2319 70.
1596 2284 1743 2318 Exactis

250 2337 333 2367 vero
354 2326 453 2360 annis
470 2329 516 2363 70
536 2328 685 2363 ulciscar
704 2333 842 2373 gentem
858 2328 970 2370 illam,
995 2327 1081 2363 dicit
1098 2329 1277 2371 dominus,
1301 2333 1336 2364 et
1364 2341 1488 2375 ponam
1512 2330 1589 2365 illos
1605 2331 1640 2364 in
1660 2342 1742 2376 per·-

249 2372 416 2408 ditionem
441 2376 695 2420 sempiternam.
742 2375 800 2409 Ex
826 2374 879 2409 his
905 2374 1030 2420 cuique
1058 2381 1154 2410 recte
1175 2377 1306 2411 sentire
1333 2377 1548 2412 desideranti
1574 2377 1742 2412 adversus

249 2418 338 2454 Iuda
359 2419 492 2454 domum
511 2427 548 2456 et
563 2422 730 2456 adversus
750 2421 968 2456 Hierusalem
989 2423 1195 2457 sententiam
1212 2423 1315 2458 latam
1327 2449 1338 2465 ,
1364 2435 1452 2458 anno
1470 2424 1596 2459 Ioacim
1617 2423 1640 2458 4
1661 2436 1744 2470 pro-

250 2466 457 2512 mulgatam,
491 2473 528 2503 et
556 2479 625 2503 una
651 2468 748 2502 simul
775 2468 924 2503 Iudaeos
949 2468 984 2503 in
1012 2469 1253 2515 captivitatem
1279 2471 1402 2505 ductos
1427 2472 1646 2506 manifestum
1675 2476 1741 2505 est.

249 2513 349 2550 Anno
369 2513 499 2560 quippe
528 2515 648 2550 eodem
665 2515 812 2550 Nechao
831 2515 1014 2550 Pharaone
1031 2517 1167 2551 sublato
1179 2543 1189 2559 ‚
1225 2517 1304 2562 (qui
1323 2518 1472 2553 Ioachaz
1494 2518 1607 2552 Iosiae
1634 2517 1742 2552 filium

250 2572 360 2607 regno
391 2568 571 2597 amoverat
595 2566 631 2597 et
657 2562 777 2596 eodem
810 2562 848 2596 in
875 2564 1072 2608 Aegyptum
1097 2576 1214 2599 secum
1242 2565 1427 2610 deportato
1448 2565 1590 2600 fratrem
1613 2565 1741 2599 Ioacim

251 2607 352 2654 regni
378 2619 614 2644 successorem
631 2608 910 2654 declaraverat),
935 2609 1059 2644 bellum
1086 2611 1123 2645 in
1144 2611 1270 2646 Ioacim
1288 2611 1393 2646 istum
1417 2611 1743 2647 Nabuchodonosor

251 2654 382 2701 movit,
415 2656 658 2701 subditumque
682 2656 828 2701 imperio
856 2657 1028 2691 redditum
1060 2658 1159 2693 antiis
1196 2664 1274 2693 octo
1305 2658 1438 2693 servire
1465 2658 1581 2703 coegit
1615 2670 1656 2692 ac
1679 2658 1742 2692 ‹le-

252 2713 362 2744 mum,
397 2713 462 2738 ceu
489 2702 572 2738 fidei
592 2704 801 2738 desertorem
824 2715 902 2738 cum
929 2704 1131 2750 proceribus
1151 2710 1188 2740 et
1205 2705 1292 2739 viris
1311 2705 1433 2740 militia
1451 2705 1662 2751 praeclari5‚
1686 2705 1742 2739 fa-

252 2749 327 2784 bris
356 2752 393 2784 et
414 2750 535 2785 electis
560 2750 716 2785 omnibus
741 2749 837 2785 vasis
867 2753 1062 2797 captivum,
1097 2752 1134 2786 id
1163 2752 1292 2786 ibidem
1318 2756 1470 2787 testante
1497 2763 1596 2787 sacro
1623 2756 1742 2792 textu,

251 2796 393 2842 abegit3
427 2808 469 2831 ac
498 2797 582 2832 licet
598 2798 680 2832 urbs
701 2801 738 2832 et
759 2797 922 2842 templum
949 2798 1108 2833 incendio
1133 2800 1282 2833 nondum
1305 2799 1403 2834 illato
1429 2799 1542 2833 adhuc
1566 2798 1742 2840 steterint,

254 2844 397 2888 propria
414 2847 530 2879 tamen
540 2844 757 2891 captivitasa
775 2845 906 2890 populo
923 2845 1058 2880 inflicta
1068 2851 1263 2881 censeatur.
1286 2845 1343 2880 Ex
1361 2857 1430 2892 quo
1441 2845 1550 2892 igitur
1565 2845 1742 2891 gentibuS‚

254 2889 321 2925 hoc
339 2895 395 2926 est
418 2891 605 2929 Chaldaeis
625 2891 844 2934 servierunt,
868 2897 907 2928 et
931 2893 1052 2930 divina
1076 2892 1112 2928 in
1131 2905 1192 2930 eos
1212 2893 1285 2929 lata
1305 2897 1361 2928 est
1378 2893 1574 2936 sententia3
1598 2893 1642 2928 ab
1662 2893 1741 2928 Ioa-
