1800 3236
202 182 325 257 284·
702 254 704 256 ,
726 202 1001 260 ‹GEoRGn
1028 210 1318 260 SYNCELLI

199 325 371 384 Ἀκτῆς,
409 327 486 370 νῦν
524 324 572 368 δὲ
601 321 814 381 Ἀττικῆς,
853 320 902 375 ὃς
932 317 985 380 ἦν
1015 322 1123 368 κατὰ
1158 324 1364 383 Φορωνέα
1403 327 1474 371 καὶ
1501 326 1575 372 τόν
1608 325 1716 385 μέγα

204 395 399 442 Μωῢσέα
417 394 500 455 πρὸ
513 395 619 439 ἐτῶν
640 392 816 448 τούτων,
854 394 897 437 ἓν
918 392 983 445 οἷς
1000 395 1182 453 Κέκροψ
1201 393 1301 452 ἡμῖν
1321 397 1606 453 ἐστοιχείωται·
1621 400 1715 442 λίαν

203 467 390 525 ἀκριβῶς
397 500 411 522 ,
449 467 517 509 ἐπὶ
546 465 771 516 Μωῢσίως
794 463 990 523 γενέσθαι
1022 463 1184 524 ἀλόγως
1215 465 1458 526 ἀπεφήνατο
1486 467 1561 513 τὸν
1579 468 1727 514 ,αὐτὸν

205 538 405 598 Κέκροπα
427 537 497 581 καὶ
517 533 787 596 ἀμαρτύρως.

700 654 1021 699 ΚοΣΜοΥ
1061 655 1225 699 ΕΤΗ.
1628 654 1633 661 ’
1722 680 1747 717 5

170 760 202 795 C
307 746 450 805 Ἰησοῦ
471 749 549 791 τοῦ
567 749 696 805 Ναυῆ
717 745 788 805 ξ’τη
811 744 870 801 κζ’
873 782 884 793 .
922 750 999 792 τοῦ
1019 748 1066 792 δὲ
1086 744 1245 805 κόσμου
1266 740 1318 805 ἦν
1336 744 1429 799 ἔτος
1446 745 1591 809 ,γωνζῖ

316 819 371 863 Οἱ
403 817 512 874 μετὰ
533 816 698 875 Ἰησοῦν
732 815 1008 878 πρεσβύτεροι
1034 816 1248 878 ἡγήσαντο
1268 823 1345 863 τοῦ
1361 818 1532 878 Ἰσραὴλ
1549 818 1621 877 ἔτη
1646 815 1714 876 ιη’.

205 893 282 935 τοῦ
303 882 349 933 δὲ
371 886 533 946 κόσμου
554 883 607 946 ἦν
626 888 719 941 ἔτος
740 887 897 950 ,γωπδ’.

311 959 575 1017 Σημειωτέον
607 957 672 1004 ὅτι
701 959 776 1004 τὸν
810 959 952 1011 Φινεὲς
975 957 1069 1003 υἱὸν
1087 955 1284 1018 Ἐλεάζαρ
1302 958 1411 1015 μετὰ
1430 955 1471 1003 v'
1496 957 1567 1017 ἔτη
1589 960 1719 1018 φησὶν

206 1030 233 1090 ἦ
264 1035 349 1076 τῶν
379 1034 532 1090 κριτῶν
563 1031 714 1087 βίβλος
751 1028 1013 1088 παρεστάναι
1050 1027 1226 1074 ἐνώπιον
1254 1034 1332 1087 τῆς
1390 1034 1543 1086 ιβωτοῦ
1571 1032 1620 1074 ’ἓν
1656 1034 1716 1092 τῷ
1733 1037 1777 1075 10

206 1102 376 1162 πολέμῳ
410 1105 496 1145 τῶν
525 1098 582 1144 ια’
620 1105 764 1160 φυλῶν
796 1102 906 1145 κατὰ
937 1105 1013 1158 τῆς
1044 1104 1183 1159 φυλῆς
1213 1102 1415 1157 Βενιαμὶν
1435 1102 1529 1159 περὶ
1548 1105 1624 1159 τῆς
1642 1119 1720 1158 με-

53 1181 98 1218 V.
124 1183 194 1219 120
213 1173 431 1229 λισθείσης
457 1169 664 1229 γυναικός.
703 1171 762 1216 4τοὶ
795 1171 902 1216 ὄστᾶ
931 1171 1088 1230 Ἰωσὴφ
1121 1168 1326 1229 ἀνήγαγον
1355 1171 1399 1223 ἐξ
1423 1169 1647 1230 Αἰγύπτου
1679 1172 1721 1216 οἳ

207 1244 292 1288 υἱοὶ
315 1242 513 1302 Ἰσραὴλ,
552 1243 622 1286 καὶ
650 1242 828 1299 ἔθαψαν
861 1242 992 1287 αὐτὸν
1022 1242 1066 1285 ἓν
1096 1243 1285 1297 Σικίμοις
1313 1242 1357 1285 ἐν
1387 1246 1440 1301 τῇ
1473 1244 1610 1301 μερίδι
1641 1246 1719 1287 τοῦ

209 1313 363 1372 ἀγροῦ,
402 1312 455 1371 ἣν
487 1310 690 1370 ἒξῶνηται
715 1313 860 1370 ἀμνῶν
884 1312 921 1373 ρ’
942 1311 963 1358 ὃ
993 1311 1144 1368 Ἰακὼβ
1163 1311 1280 1372 παρὰ
1299 1317 1386 1357 τῶν
1408 1313 1513 1357 υἱῶν
1526 1312 1717 1372 Ἑμμὼρ,

209 1386 317 1443 φασὶ
347 1383 391 1428 δ’
426 1382 492 1428 ὅτι
527 1385 598 1427 καὶ
629 1387 715 1428 τῶν
743 1387 900 1428 λοιπῶν
930 1387 1215 1443 πατριαρχῶν.
1255 1381 1552 1435 ἀποθανόντος
1582 1385 1628 1428 δὲ
1649 1385 1719 1428 καὶ
1734 1390 1778 1426 15

172 1453 406 1513 ῸἘλεάζαρ
428 1457 504 1498 τοῦ
534 1454 631 1498 υἱοῦ
648 1454 809 1514 Ἀαρὼν
832 1454 1043 1507 διεδέξατο
1066 1454 1144 1510 τὴν
1169 1451 1397 1512 ἱερωσύνην
1421 1455 1566 1506 Φινεές
1589 1453 1611 1498 ὅ
1630 1454 1721 1505 υἱὸς

210 1525 357 1570 αὐτοῦ,
395 1522 531 1583 ἐτάφη
567 1524 614 1568 δὲ
644 1526 714 1569 καὶ
735 1523 934 1584 Ἐλεάζαρ
969 1525 1013 1569 ἓν
1041 1522 1127 1583 ὄρει
1142 1523 1353 1583 Ἔφραῖμ,
1391 1524 1434 1568 ἓν
1454 1527 1498 1568 Γ
1494 1525 1647 1581 αβαάθ
1667 1529 1722 1584 τῇ

208 1597 347 1656 μερίδι
382 1596 527 1646 Φινεὲς
555 1599 632 1639 τοῦ
659 1596 754 1639 υἱοῦ
786 1595 918 1640 αὐτοῦ
927 1629 941 1651 ,
981 1594 1090 1639 ἔνθα
1109 1596 1179 1639 καὶ
1200 1594 1328 1647 αὐτὸς
1360 1596 1505 1648 Φινεὲς
1524 1593 1721 1653 τελευτή-

210 1682 291 1719 σας
312 1664 446 1726 ἐτάφη
460 1663 711 1730 ’ἱερατεύσας
730 1671 807 1711 τοῦ
824 1666 992 1727 Ἰσραὴλ
1013 1666 1091 1719 ἕως
1110 1669 1317 1723 τελευτῆς.

303 1779 339 1817 5.
365 1790 431 1816 om.
454 1779 499 1815 Α.
618 1782 653 1819 6.
677 1780 792 1828 ἰησοῦ
814 1779 859 1816 Β.
891 1780 1030 1826 Ιησοῦς
1049 1779 1098 1815 G.
1219 1777 1317 1825 ἔτος]
1343 1777 1408 1826 ἔτη
1431 1779 1476 1816 Β.
1604 1778 1721 1829 ,γωνξ

302 1827 384 1863 Bm.
404 1823 537 1875 ,γωπδ’
559 1827 607 1864 G.
707 1830 732 1865 7
757 1833 795 1864 et
818 1830 852 1864 8.
875 1827 931 1864 Ita
948 1827 1044 1863 edidi
1062 1839 1107 1862 ex
1128 1826 1171 1863 Β.
1196 1827 1330 1863 Horum
1347 1826 1423 1862 loco
1443 1828 1586 1863 Goarus
1604 1828 1724 1874 posuit

311 1873 362 1911 Οἱ
388 1873 636 1924 πρεσβύτεροι
657 1875 752 1921 μετὰ
777 1874 846 1912 τὸν
874 1877 1015 1922 Ιησοῦν
1042 1871 1297 1921 ἡγεμόνευσαν
1324 1873 1387 1921 ἔτη
1405 1873 1468 1922 ιη’.
1505 1877 1577 1911 τοῦ
1598 1873 1640 1912 δὲ
1659 1874 1724 1912 κό-

307 1933 405 1967 σμου
427 1920 567 1970 lycon&
594 1935 686 1970 quae
710 1935 756 1960 ex
785 1923 945 1969 margine
970 1924 1004 1959 A
1032 1927 1173 1970 sumpta
1198 1934 1277 1957 esse
1308 1921 1381 1958 ait:
1406 1922 1469 1958 sed
1497 1922 1548 1958 ibi
1577 1934 1646 1958 non
1670 1923 1722 1959 le-

306 1974 450 2016 guntur.
545 1972 581 2007 9.
611 1971 753 2016 „Locus
773 1970 996 2017 corruptus.’'
1019 1981 1065 2006 m.
1180 1967 1275 2015 μετὰ
1292 1967 1328 2006 v'
1348 1968 1413 2018 ἔτη
1437 1969 1584 2006 seclusit
1604 1971 1651 2005 G.

311 2018 370 2054 16-
396 2014 549 2063 ἐδέξατο
569 2018 617 2054 G.
722 2019 779 2056 17.
800 2016 950 2065 ’ἐμφαὶμ
973 2018 1016 2054 Α.
1122 2015 1283 2066 Γαβαάρ
1297 2029 1343 2053 ιιι.

217 2108 349 2153 Attica,
373 2110 585 2158 reliquorum
605 2111 755 2159 primum
773 2112 970 2160 suscepisse
986 2111 1149 2148 asseruit.
1198 2112 1384 2148 Caeterum
1400 2114 1441 2147 ut
1461 2111 1649 2155 Phoronei‚
1672 2111 1725 2149 ita

216 2159 256 2191 et
274 2158 391 2203 magni
409 2159 519 2194 Musis
547 2164 665 2196 aetate
683 2161 835 2207 Ogygus
852 2160 963 2203 vixit,
988 2164 1071 2195 ante
1087 2171 1197 2195 annos
1217 2159 1375 2194 nimirum
1394 2160 1488 2203 illos,
1505 2160 1631 2206 quibus
1653 2159 1724 2195 Ce-

216 2215 369 2249 cropem,
393 2217 463 2251 qua
484 2207 659 2253 potuimus
678 2207 876 2254 diligentia,
901 2207 1037 2243 vixisse
1053 2207 1376 2242 demonstravimus.
1413 2207 1591 2242 Eusebius
1609 2211 1725 2242 autem

216 2250 354 2286 ratione
378 2252 493 2295 nulla,
522 2254 719 2300 nulliusque
747 2257 901 2291 auctoris
926 2255 997 2290 fide
1024 2254 1127 2290 nixus
1150 2253 1264 2291 Musis
1291 2253 1506 2302 temporibus
1531 2253 1724 2302 Cecropem

218 2297 380 2334 extitisse
397 2300 495 2347 quasi
518 2313 539 2337 e
555 2302 698 2349 tripode
720 2302 980 2350 pronunciavit.

797 2374 925 2415 ANNI
961 2374 1145 2416 MUNDI.

221 2436 541 2523 maugegtgsfflfilius
563 2439 670 2478 Nave
693 2442 816 2489 populi
845 2442 917 2478 dux
933 2442 1041 2480 ’annis
1063 2443 1132 2488 273
1157 2443 1236 2479 erat
1265 2452 1373 2490 porro
1400 2453 1424 2478 a
1441 2440 1558 2478 mundi
1581 2439 1725 2478 conditu

314 2533 482 2581 Seniores
511 2537 594 2582 post
621 2535 736 2571 Iesum
757 2535 863 2573 Nave
883 2536 991 2573 filium
1011 2537 1133 2586 populi
1153 2536 1262 2574 <luces
1276 2536 1471 2573 extiterunt
1488 2535 1589 2572 annis
1613 2537 1680 2580 18,
1702 2545 1726 2572 a

221 2578 342 2615 mundi
359 2580 518 2617 nimirum
538 2594 628 2618 anno
643 2581 750 2620 3884.

316 2626 481 2665 Observa
508 2628 662 2666 Phinees
688 2629 855 2666 Eleazari
884 2630 992 2666 filium
1020 2643 1138 2667 coram
1167 2643 1253 2667 arca
1281 2630 1482 2666 constitisse
1508 2629 1663 2666 Indicum
1680 2630 1726 2666 li-

220 2672 318 2709 brum
337 2687 508 2719 asserere,
531 2676 690 2712 undecim
705 2677 864 2712 nimirum
880 2677 1043 2713 tribubus
1059 2678 1215 2714 mulieris
1232 2678 1445 2714 membratim
1462 2677 1598 2713 divisae
1617 2690 1728 2714 causa

219 2721 404 2757 Beniamin
420 2723 549 2759 tribum
566 2723 657 2760 bello
676 2724 813 2761 ulturis.
855 2725 948 2759 Ossa
964 2725 1093 2772 Ioseph
1115 2726 1268 2772 (addunt
1286 2725 1441 2760 nonnulli
1461 2729 1498 2759 et
1513 2725 1726 2772 reliquorum

220 2769 539 2817 patriarcharum),
563 2772 727 2819 Aegypto
752 2775 938 2819 exportata
965 2772 1003 2806 in
1032 2777 1135 2818 parte
1165 2772 1243 2818 agri
1259 2798 1270 2815 ‚
1296 2784 1399 2818 quem
1431 2771 1514 2807 emit
1544 2773 1650 2807 Iacob
1680 2773 1726 2808 ab

218 2814 327 2851 Emor
343 2816 437 2860 filiis,
460 2818 652 2854 filiiIsrael
667 2822 912 2865 reposuerunt.
958 2818 1110 2854 Eleazar
1128 2824 1245 2854 autem
1265 2821 1383 2854 Aaron
1400 2819 1474 2854 filio
1491 2819 1585 2855 vivis
1603 2823 1725 2865 erepto

220 2863 383 2907 Phinees‚
394 2864 471 2900 eius
483 2865 587 2910 filius,
596 2865 787 2902 sacerdotii
796 2877 915 2900 munus
931 2866 1084 2913 excepit.
1109 2866 1264 2901 Eleazar
1273 2866 1343 2901 iste
1359 2866 1396 2902 in
1413 2870 1529 2903 monte
1541 2867 1726 2913 Ephraim,

221 2908 258 2944 in
278 2910 447 2955 Gabaar,
470 2912 509 2947 id
532 2921 589 2949 est
613 2913 650 2948 in
671 2913 736 2949 filii
753 2913 907 2954 Phineos
927 2916 1046 2956 sorte,
1069 2924 1140 2959 qua
1155 2913 1308 2948 Phinees
1327 2912 1405 2962 ipse
1421 2914 1602 2963 sepultus,
1624 2925 1724 2962 pera·

222 2960 281 2994 cta
296 2957 408 2995 Israel
426 2960 565 2998 nomine
580 2960 776 2999 sacerdotis
794 2959 894 3005 vice,
919 2960 1021 2997 humo
1044 2960 1250 2997 reconditus
1267 2964 1334 2997 est.
