1754 3236
179 226 214 273 2
639 217 892 268 GEORGII
925 213 1214 264 SYNCELLI

79 352 119 387 P.
136 351 161 387 2
183 339 299 400 παρὰ
327 336 546 395 Ῥωμαίοις
567 333 768 393 Μαρτίου
793 329 924 389 μηνὸς
950 323 1084 383 οὖσα,
1125 330 1203 372 τοῦ
1228 325 1274 370 δὲ
1298 321 1405 383 παρ’
1439 319 1691 380 Αἰγυπτίοις

184 409 368 470 ἑβδόμου
396 407 528 465 μηνὸς
549 403 633 450 κθ’.
665 407 791 448 τοῦτο
823 405 950 446 πᾶσιν
974 394 1309 457 ὁμολογούμενόν
1331 396 1419 439 ἔστι
1442 400 1533 445 τοῖς
1559 390 1691 451 ἇγίοις

185 481 306 541 ἡμῶν
326 476 508 538 πατράσι
526 477 594 520 καὶ
614 471 881 523 διδασκάλοις
903 472 970 515 καὶ
990 475 1042 528 τῇ
1067 467 1164 530 ἁγία
1184 470 1392 526 καθολικῇ
1410 467 1480 509 καὶ
1502 463 1689 508 ἀποστο-

189 556 280 612 λικῇ
302 550 506 610 ε’κκλησίιιι.
546 549 588 591 ἓν
608 542 741 603 ταύτῃ
756 544 824 588 καὶ
850 540 1044 600 Γαβριὴλ
1062 541 1136 585 τὸν
1156 537 1382 594 ἀσπασμὸν
1406 537 1476 581 καὶ
1502 535 1552 579 τὸ
1568 541 1690 593 χαῖρε

190 628 243 683 τῇ
265 621 361 683 ἁγία
384 618 583 678 παρθένῳ
602 620 678 673 τῆς
699 616 823 665 θείας
841 610 1090 669 συλλήψεως
1109 610 1444 670 προεφθὲγξατο.
1493 606 1537 652 ἓν
1554 603 1723 665 ταύτῃό

80 697 123 733 V·
145 698 171 736 2
194 696 262 740 καὶ
284 691 304 737 ὅ
327 689 549 749 μονογενὴς
567 687 659 738 υἱὸς
676 689 751 731 τοῦ
767 684 928 743 πατρὸς
946 682 1052 739 μετὰ
1071 682 1147 739 τὴν
1167 682 1210 734 ἐξ
1228 680 1360 737 αὐτῆς
1379 678 1565 739 ἄρρητον
1583 674 1695 736 σάρ-

192 779 320 811 κωσιν
340 766 479 807 πᾶσαν
499 756 726 817 πληρώσας
747 755 986 812 οἰκονομίαν
1004 755 1048 797 ἐκ
1065 757 1221 812 νεκρῶν
1239 751 1392 807 ἀνέστη
1405 784 1419 805 ,
1457 748 1591 809 ἀρχὴν
1613 752 1693 792 λα-

190 834 342 893 βόντος
365 831 472 877 κατὰ
493 830 570 887 τὴν
592 828 722 885 αὐτὴν
748 825 868 885 ἅγίαν
891 830 966 882 τῆς
988 822 1206 884 ζωηφόρου
1237 819 1509 872 ἀναστάσεως
1530 818 1693 879 ἡμέραν

191 910 268 951 τοῦ
289 901 416 966 ‘aspici'
441 902 558 953 ἔτους
587 899 668 943 ἀπὸ
690 900 859 949 κτίσεως
881 894 1054 953 κόσμου.
1103 896 1196 953 περὶ
1218 888 1267 938 οὗ
1287 911 1361 952 μοι
1386 895 1505 936 πᾶσα
1525 890 1694 947 σπουδὴ

157 976 331 1036 Βγὲγονε
360 972 454 1019 τόδε
484 971 532 1016 τὸ
561 967 754 1030 χρονικὸν
786 965 986 1020 συντάξαι
1008 969 1235 1017 κανονικῶς
1262 983 1306 1009 τε
1331 965 1400 1008 καὶ
1429 964 1693 1020 ἕξηγητικῶς,
1709 971 1754 1007 10

195 1046 296 1105 ὅπερ
324 1051 412 1096 τοῖς
441 1047 623 1092 πολλοῖς
639 1045 724 1085 τῶν
743 1039 973 1098 ,ἱστορικῶν
1002 1037 1051 1082 οὗ
1079 1033 1430 1095 συμπεφώνηται,
1476 1032 1542 1078 ὅτι
1566 1051 1611 1078 τε
1633 1036 1696 1094 τῷ
1736 1058 1741 1062 ·

201 1116 278 1181 ,ες-ρ’
300 1116 378 1161 ἔτει
395 1119 470 1160 τοῦ
490 1112 648 1170 κόσμου
672 1109 694 1155 ὅ
714 1108 853 1169 κύριος
873 1107 993 1166 ἡμῶν
1013 1106 1034 1152 ὅ
1055 1107 1158 1160 θεὸς
1175 1105 1401 1166 ἕσαρκώθη
1422 1106 1466 1149 ἐκ
1483 1100 1700 1162 τῆς“ἆγίας

202 1187 419 1247 παρθένου
452 1186 520 1229 καὶ
552 1183 616 1228 ὅτι
642 1186 701 1243 τῷ
724 1176 853 1243 ‘egum'
882 1179 961 1224 ἔτει
985 1178 1227 1240 ἀρχομένῳ,
1265 1176 1323 1230 ὥς
1337 1177 1606 1236 προείρηται,
1644 1178 1699 1234 τῇ

199 1256 347 1318 πρώτῃ
367 1260 441 1301 τοῦ
466 1255 605 1299 Νισὰν
627 1253 732 1312 παρ’
753 1250 962 1311 Ἑβραίοις
981 1249 1136 1307 μηνὸς,
1174 1247 1230 1294 κε’
1252 1253 1329 1293 τοῦ
1347 1247 1466 1308 παρὰ
1479 1245 1702 1304 Ῥωμαίοις

197 1329 416 1388 Μαρτίου,
454 1325 569 1384 παρὰ
592 1325 637 1368 δὲ
659 1324 907 1382 Αἰγυπτίοις
930 1321 1149 1378 Φαμενὼθ
1177 1318 1347 1381 ἑβδόμῳ
1369 1321 1470 1376 μηνὶ
1501 1316 1573 1363 κθ’
1603 1317 1699 1362 ave?-
1712 1327 1754 1365 15

199 1418 278 1457 στη
299 1401 343 1443 ἐκ
362 1401 518 1456 νεκρῶν
544 1392 736 1452 πατήσας
765 1393 839 1438 τὸν
858 1390 1064 1437 θάνατον.
1112 1390 1326 1451 πρόδηλον
1349 1391 1395 1435 δὲ
1414 1388 1478 1434 ὅτι
1496 1391 1565 1434 καὶ
1584 1393 1704 1448 πρῶ-

197 1489 271 1515 τον
297 1467 494 1528 κυριακὸν
524 1464 666 1523 πάσχα
694 1472 783 1516 τοῖς
814 1466 1111 1516 καταξιωθεῒσι
1137 1467 1214 1521 τῆς
1242 1463 1366 1514 θείας
1386 1459 1564 1519 χάριτος
1593 1460 1705 1505 κατὰ

196 1538 356 1597 ταύτην
388 1537 545 1597 ἤρξατο
575 1537 652 1594 τὴν
682 1534 802 1594 ἁγίαν
834 1532 1146 1594 πρωτόκτιστον
1177 1532 1349 1593 ἡμέραν.
1409 1529 1592 1590 εὐλόγως
1618 1530 1705 1591 ἄρα

146 1612 274 1657 Ὀκαὶ
302 1611 345 1654 ἐν
365 1609 471 1668 αὐτῇ
493 1611 570 1666 τῆς
593 1605 804 1667 ὅρωμένης
821 1604 979 1663 ἤρξατο
1011 1606 1286 1664 δημιουργίας
1311 1602 1338 1662 ἦ
1371 1601 1470 1661 ἆγία
1494 1605 1564 1647 καὶ
1595 1621 1706 1647 παν-

197 1680 371 1740 τουργὸς
390 1678 532 1738 τριὰς,
569 1676 627 1730 ὥς
645 1674 944 1738 προτυπούσης
965 1675 1044 1734 τὴν
1065 1673 1186 1735 ἁγίαν
1207 1672 1499 1732 ἇναστάσιμον
1517 1671 1680 1735 ἡμέραν
1693 1679 1754 1718 ·2t

295 1792 320 1829 4
343 1796 379 1828 et
403 1793 437 1829 6.
461 1788 579 1838 ταύτῃ
599 1788 663 1827 καὶ
685 1790 729 1825 Α.
777 1788 897 1837 ταύτῃ
917 1787 959 1826 δὲ
982 1790 1030 1825 G.
1102 1791 1137 1827 8.
1160 1785 1306 1836 ἡμέραν
1326 1789 1400 1826 τοῦ
1418 1787 1461 1824 Α.
1484 1787 1558 1824 τοῦ
1573 1798 1640 1824 om.
1657 1788 1709 1826 G.

296 1838 351 1877 14.
384 1837 509 1876 Νισὰν
531 1850 575 1873 ιιι.
599 1837 732 1874 νισσοῖν
754 1838 796 1873 Α.
842 1836 991 1874 Νισσοὶν
1015 1838 1061 1873 G.
1159 1833 1379 1886 Ἑβραίοις]
1416 1835 1587 1884 ἐβραίοις
1609 1837 1641 1871 Α
1665 1840 1708 1871 ιιι

296 1887 397 1922 solet.
445 1886 605 1921 Litterae
624 1885 836 1921 majusculae
854 1890 1001 1921 accentu
1020 1887 1142 1920 carent
1159 1885 1197 1921 in
1216 1886 1265 1922 G.
1348 1885 1407 1923 15.
1435 1883 1654 1932 αἰγυπτίοις
1663 1885 1706 1920 Α.

295 1937 377 1977 τοῖς
400 1931 616 1981 Αἰγυπτίοις
646 1934 693 1968 G.
785 1932 863 1980 κδ’]
883 1930 1004 1982 ἡμέρᾳ
1027 1931 1088 1970 κᾶτ’
1113 1944 1160 1969 ιιι.

202 2028 326 2066 Martii
342 2029 572 2064 Romanorum
587 2027 714 2063 mensis
732 2027 897 2064 vicesimo
914 2028 1038 2076 quinto
1048 2053 1060 2071 ,
1084 2026 1339 2074 Aegyptiorum
1355 2038 1441 2063 vero
1461 2025 1601 2074 septimi
1616 2037 1708 2063 nono

204 2080 241 2112 et
259 2075 445 2119 vicesimo,
467 2075 668 2123 respondet.
713 2076 817 2122 Apud
840 2088 956 2111 omnes
988 2080 1128 2111 sanctos
1157 2081 1278 2132 patres
1309 2079 1450 2110 nostros
1479 2079 1517 2110 et
1544 2074 1709 2111 doctores

204 2127 312 2171 atque
336 2127 490 2159 sanctam
510 2122 714 2159 catholicam
737 2128 774 2158 et
793 2124 1017 2170 apostolicam
1043 2124 1228 2159 eccles1am
1255 2123 1351 2158 istud
1379 2125 1614 2170 pervagatum
1642 2127 1710 2158 est.

203 2171 283 2207 Hoc
301 2170 359 2205 die
379 2170 488 2206 divini
514 2178 702 2217 conceptus
720 2171 862 2206 salutem
881 2175 917 2207 et
935 2170 1065 2215 „ave”
1087 2174 1231 2207 sanctae
1248 2170 1383 2218 virgini
1401 2169 1550 2206 Gabriel
1566 2170 1710 2218 praefa-

206 2221 265 2254 tus
290 2222 364 2260 est3
387 2219 453 2252 hoc
480 2218 538 2253 die
557 2223 638 2264 post
664 2229 800 2254 carnem
822 2219 922 2254 modo
953 2231 1021 2254 non
1047 2219 1187 2265 vulgari
1213 2231 1256 2254 ex
1282 2231 1327 2255 ea
1349 2222 1541 2265 sumptam,
1567 2218 1713 2266 dispen-

208 2264 355 2300 sationis
374 2269 410 2300 et
428 2265 596 2301 humanae
615 2265 710 2300 vitae
735 2277 840 2300 cursu
868 2267 1077 2314 adimpleto,
1102 2266 1305 2312 unigenitus
1334 2265 1497 2302 caelestis
1526 2266 1640 2313 patris
1668 2265 1712 2300 fi-

208 2312 276 2348 lius
294 2311 492 2347 exsurrexit
508 2324 530 2347 a
542 2312 707 2355 mortuis3
730 2324 798 2359 qua
813 2314 932 2349 eadem
950 2318 1095 2350 sanctae
1111 2314 1381 2350 resurrectionis
1399 2313 1497 2350 vitae
1514 2308 1711 2361 reparatri-

209 2359 263 2395 cis
281 2359 360 2395 luce
384 2371 406 2394 a
432 2359 731 2406 mundoprimum
756 2360 893 2396 condito
918 2374 1028 2397 annus
1055 2361 1242 2409 quinquies
1273 2362 1472 2398 millesimus
1502 2362 1713 2408 quingente-

211 2406 316 2442 simus
337 2406 532 2442 tricesimus
552 2411 695 2453 quartus
718 2407 856 2443 initium
885 2409 1051 2456 sumpsit3
1075 2410 1119 2445 de
1143 2421 1234 2456 qua,
1259 2422 1336 2445 cum
1354 2421 1424 2445 non
1440 2409 1489 2445 sit
1505 2421 1594 2444 unus
1616 2408 1712 2456 apud

210 2453 396 2489 historicos
420 2453 607 2501 plerosque
627 2466 832 2498 consensus,
857 2460 898 2491 ut
917 2468 1083 2502 praesens
1103 2458 1305 2493 Chronicon
1325 2457 1426 2492 iuxta
1451 2460 1647 2503 temporum
1675 2460 1713 2492 et

212 2500 450 2536 narrationum
471 2501 595 2536 seriem
607 2526 618 2544 ,
642 2502 708 2536 hoc
725 2506 779 2536 est
794 2502 978 2538 ordinatim
989 2530 999 2546 ‚
1026 2516 1068 2540 ac
1086 2507 1251 2551 quantum
1275 2517 1340 2552 par
1356 2504 1426 2540 fuit
1437 2531 1448 2547 ,
1473 2504 1587 2552 ample
1605 2504 1713 2550 dige-

209 2559 342 2590 rerem,
366 2547 496 2583 nullum
515 2559 537 2583 a
553 2559 607 2583 me
627 2548 776 2584 studium
798 2551 957 2585 omissum
979 2555 1044 2586 est.
1093 2551 1385 2598 Quingentesimo‘
1404 2551 1579 2598 siquidem
1602 2562 1714 2598 supra

208 2593 394 2642 quinquies
423 2595 636 2630 millesimum
660 2597 776 2631 mundi
801 2608 889 2632 anno
912 2598 1067 2634 dominus
1093 2599 1178 2634 deus
1202 2603 1322 2636 noster
1347 2612 1391 2636 ex
1420 2603 1544 2636 sancta
1572 2598 1715 2645 virgine

210 2653 292 2677 caro
313 2642 449 2696 factus,
471 2642 797 2689 tricesimo⁴quarto
823 2656 931 2690 supra
953 2645 1263 2692 quingentesimum
1296 2652 1333 2683 et
1357 2645 1542 2696 quinquies
1569 2645 1715 2682 millesi-

210 2700 300 2725 mum
317 2688 452 2724 initium
468 2692 592 2732 nacto,
616 2693 656 2724 ut
675 2691 826 2737 praefati
845 2703 979 2735 sumus,
1003 2693 1118 2728 Nisan
1136 2694 1376 2731 Hebraeorum
1405 2694 1535 2730 mensis
1555 2693 1615 2729 die
1637 2693 1715 2740 pri-

210 2747 285 2778 mo,
309 2735 433 2771 Martii
450 2736 680 2772 Romanorum
708 2737 826 2784 quinto
845 2743 881 2774 et
897 2739 1061 2775 vicesimo
1074 2766 1083 2783 ‚
1107 2741 1323 2778 Phamenoth
1341 2754 1450 2785 vere,
1475 2742 1543 2777 hoc
1565 2744 1620 2777 est
1637 2743 1714 2777 Ae-

210 2783 409 2830 gyptiorum
432 2783 572 2830 septimi
590 2784 715 2819 mensis
735 2785 898 2821 vicesimo
919 2798 1030 2830 nono,
1055 2788 1187 2823 calcata
1209 2793 1340 2833 morte,
1365 2789 1564 2826 resurrexit
1581 2801 1603 2824 a
1621 2800 1716 2824 mor-

209 2830 292 2865 tuis.
341 2830 511 2866 Omnibus
540 2835 654 2866 autem
682 2831 821 2868 divinae
849 2833 985 2879 gratiae
1011 2846 1150 2870 munere
1186 2836 1308 2872 ditatis
1341 2850 1406 2884 pro
1440 2841 1619 2884 comperto
1646 2839 1715 2882 est,

212 2876 357 2924 primum
376 2878 584 2914 dominicum
602 2878 740 2914 Pascha
757 2879 876 2915 eodem
904 2883 1025 2916 sancto
1047 2883 1227 2929 primoque
1254 2886 1426 2931 quondam
1450 2884 1548 2921 edito
1576 2884 1635 2920 die
1652 2895 1717 2919 ex-

212 2929 326 2959 ortum
344 2924 524 2974 illuxisse:
550 2926 672 2961 eodem
689 2926 831 2974 itaque,
856 2939 920 2963 ceu
950 2933 1093 2965 sanctae
1113 2932 1382 2967 resurrectionis
1400 2932 1635 2980 praenuncio,
1658 2932 1717 2967 vi-

212 2971 313 3008 sibile
331 2972 506 3020 opificium
527 2976 651 3010 sancta
668 2979 705 3010 et
731 2978 932 3011 cunctorum
950 2976 1102 3013 creatrix
1120 2977 1280 3015 Trinitas
1306 2980 1489 3027 auspicata
1521 2983 1597 3024 est:
1621 2978 1716 3015 eius-
