1800 3236
265 190 365 267 176
718 194 970 240 GEORGII
985 194 1285 242 -SYNCELLI

259 308 333 354 τὸν
366 304 489 366 λόγον
512 311 589 352 τοῦ
605 302 787 364 με’γάλου
809 302 1168 363 πρωτομάρτυρος
1185 305 1254 348 καὶ
1275 301 1512 350 ἀποστόλου
1539 306 1757 364 Στεφάνου

258 379 318 437 μὴ
340 376 442 423 εἶναι
462 376 518 422 οε’
540 379 666 429 ἐτῶν,
706 374 804 417 ἀλλ’
827 373 910 433 ρλε’
921 408 934 428 ,
969 375 1080 432 εἴπερ
1117 372 1175 418 σε’
1213 376 1317 418 ἐτῶν
1335 377 1537 433 τέθνηκεν
1555 373 1576 419 ὅ
1609 374 1734 432 Θαρά
1749 391 1760 400 ·

259 451 328 494 καὶ
350 448 447 493 κατ’
473 447 599 504 ἄμφω
617 445 718 496 τοὺς
740 443 948 502 τρόπους,
988 444 1066 488 εἴτε
1089 444 1166 501 τὴν
1185 447 1227 488 Γ
1224 445 1354 489 ε”νεσιν
1378 446 1458 489 εἴτε
1478 445 1555 496 τὰς
1576 444 1758 504 πράξεις,

218 519 319 572 Βῶς
348 533 475 579 φασιν
507 517 674 568 ἐκεῖνοι,
710 513 992 572 σφάλλεσθαι.
1044 515 1323 572 προστιθέασι
1353 517 1400 560 δὲ
1434 517 1503 560 καὶ
1534 515 1611 573 τὴν
1642 514 1762 560 λύσιν

257 595 334 645 τῆς
349 587 530 643 ἀπορίας
547 585 676 642 μηδὲν
699 583 878 641 ἔχουσαν
899 584 1058 641 ἀληθὲς
1077 584 1103 641 ἢ
1124 584 1322 640 πιθανὸν,
1354 585 1417 630 ὅτι
1438 587 1663 641 συντομίας
1678 584 1792 642 χοὶ-5

248 676 323 717 -ριν
346 658 415 700 καὶ
452 655 528 699 οὐκ
559 655 772 714 ἀκριβείας
804 655 965 714 εἴρηται
998 659 1050 713 τῇ
1078 660 1246 714 γραφῇ,
1287 660 1346 716 τῷ
1379 654 1415 700 o'
1437 655 1515 700 ἔτει
1534 661 1609 700 τοῦ
1637 657 1764 715 Θαρά

198 759 200 762 .
254 731 528 788 γεγεννῆσθαι
558 725 633 769 τὸν
667 725 863 784 Ἀβραὰμ
896 727 966 769 καὶ
988 725 1062 769 τὸν
1095 726 1256 784 Ναχιὺρ
1287 727 1356 770 καὶ
1387 726 1461 771 τὸν
1487 726 1665 785 Ἀρριὶν,
1706 725 1765 778 ὦς

255 797 351 843 τότε
379 796 613 860 ἀρξαμένου
633 801 777 854 γεννᾶν
799 799 875 840 τοῦ
899 795 1048 855 Θαριὶ,
1088 797 1171 839 ἐπεὶ
1185 797 1298 853 «μηδὲ
1318 795 1589 855 τριὸιδύμους
1608 797 1764 848 αὐτοὺς

254 869 390 926 ἴσμεν.
527 877 531 882 ‘

361 938 450 983 Καὶ
469 936 697 993 ταῦταμὲν
719 936 861 980 ἓκεῖνοι
880 940 1019 987 καλῶς
1043 937 1177 993 δῆθεν
1199 934 1551 996 ἓπαπορῆσαντες,
1591 933 1761 995 ἀπόρως
1777 945 1800 981 1⁴

259 1010 307 1054 δὲ
339 1006 627 1061 ἕπιλύσαντες,
667 1009 736 1051 καὶ
765 1007 993 1065 ἀλλοτρίως
1025 1006 1252 1064 ἀναγκαίας
1278 1010 1347 1050 καὶ
1366 1007 1634 1064 ἐνδεχομένης
1653 1007 1762 1050 ἀπο-

260 1081 446 1132 δείξεως·
484 1080 553 1122 καὶ
580 1077 807 1135 ἀναγκαίας
835 1078 911 1134 μὲν
943 1076 1007 1121 ὅτι
1027 1079 1094 1120 δεῖ
1119 1077 1195 1128 τὰς
1225 1077 1354 1136 ἄμφω
1378 1081 1501 1130 θείας
1519 1077 1687 1136 γραφὰς
1706 1075 1763 1129 ὦς

259 1147 570 1205 θεοπνεύστους
589 1146 832 1205 ἀληθεύειν,
872 1149 940 1191 καὶ
964 1151 1023 1206 τῷ
1054 1145 1088 1191 0'
1114 1146 1192 1191 ἔτει
1212 1153 1289 1191 τοῦ
1317 1149 1442 1208 Θαρὰ
1462 1149 1535 1193 τὸν
1553 1146 1762 1206 πατριάρ-

256 1240 339 1282 χην
351 1219 547 1278 Ἀβραὰμ
568 1217 781 1277 ὁμολογεῖν
802 1222 1072 1276 γεγεννῆσθαι
1091 1219 1160 1261 καὶ
1188 1216 1242 1261 σε’
1264 1218 1373 1276 ἄγειν
1397 1221 1439 1263 ἓν
1458 1223 1510 1278 τῇ
1531 1218 1613 1271 ἀπὸ
1633 1222 1762 1276 Χαρ-

263 1292 342 1351 ριὶν
379 1293 436 1341 εἷς
466 1289 542 1346 τὴν
567 1290 819 1333 Χαναναίαν
854 1293 932 1346 γῆν
962 1289 1159 1349 παροικίᾳ
1181 1288 1413 1346 ἀναγκαίως
1432 1292 1501 1333 καὶ
1526 1286 1758 1347 ἀραρότως.
1776 1298 1800 1334 1;

221 1366 324 1422 Cu?
352 1361 396 1405 δ’
429 1360 638 1419 ἀναγκαίῳ
666 1359 978 1417 συμπεριέχεται
1010 1360 1078 1401 καὶ
1104 1358 1152 1402 τὸ
1183 1357 1461 1415 ἐνδεχόμενον.
1508 1359 1660 1404 οὐκοῦν
1693 1360 1764 1402 καὶ

258 1431 367 1489 μετὰ
393 1428 586 1475 θάνατον
614 1434 690 1474 τοῦ
726 1430 851 1488 Θαρὰ
875 1428 1008 1481 οὕτως
1032 1428 1136 1485 ἔχειν
1155 1429 1359 1486 ἐνδέχεται
1381 1434 1532 1489 σαφῶς
1547 1437 1636 1480 τοῖς
1653 1434 1763 1484 βου-

258 1502 449 1558 λομένοις
475 1500 548 1544 τὸν
569 1500 772 1559 γραφικὸν
790 1504 889 1543 νοῦν
907 1504 1098 1558 θηρᾶσαι
1129 1501 1398 1558 προκειμένου
1407 1534 1421 1555 ,
1458 1501 1528 1544 καὶ
1545 1500 1617 1544 τὸν
1633 1512 1764 1556 ψυχι-

260 1573 333 1617 κᾶν
358 1569 552 1616 θάνατον
566 1575 715 1615 ’νοοῦσι
741 1567 942 1614 τεθνάναι
965 1569 1046 1627 πρὸ
1076 1574 1152 1613 τοῦ
1175 1574 1379 1628 φυσικοῦ,
1417 1571 1487 1615 διὰ
1514 1571 1561 1615 τὸ
1582 1569 1687 1630 πρὸς
1705 1572 1764 1613 εἶ-

260 1642 572 1700 δωλολατρείαν
615 1641 824 1698 κεχηνέναι
853 1642 922 1683 καὶ
963 1642 1304 1698 αἰσχροκερδίαν,
1344 1635 1613 1685 εἰδωλοποιόν
1632 1639 1758 1698 ὄντα,
1771 1649 1800 1684 24

261 1715 331 1758 καὶ
359 1713 421 1770 μὴ
451 1710 795 1771 συμπορεύεσθαι
828 1716 888 1772 τῷ
915 1710 1135 1770 Ἀβραὰμ,
1173 1711 1271 1754 ἀλλ’
1307 1712 1373 1755 ἐπὶ
1395 1709 1532 1772 τούτῳ
1551 1712 1627 1768 μὲν
1650 1713 1763 1763 ἐξελ-

352 1815 389 1852 5.
416 1811 598 1859 &nupcias
617 1812 666 1847 G.
759 1809 949 1848 πειθανόν
959 1811 1001 1845 Β.
1082 1811 1133 1847 >7.
1158 1807 1280 1856 ἄρράν
1296 1811 1337 1847 Β.
1361 1810 1470 1859 Αράμ
1484 1812 1533 1848 G.
1622 1812 1678 1848 12.
1703 1811 1767 1847 δεῖ

352 1862 429 1898 Bm.
455 1859 502 1906 δὴ
522 1861 571 1894 G.
670 1857 726 1895 14.
752 1861 999 1907 γεγεννῆσθαι
1011 1858 1053 1892 Β.
1077 1861 1302 1904 γεγενῆσθαι
1313 1859 1360 1896 Gr.
1457 1860 1512 1895 15.
1538 1856 1606 1905 τὴν
1624 1858 1703 1893 add.
1717 1860 1760 1895 B.

447 1905 655 1955 ἀραρότως
684 1908 726 1941 Β.
796 1941 799 1943 ,
833 1908 890 1943 16.
922 1907 975 1953 τῷ
1001 1903 1040 1942 δ’
1071 1904 1263 1953 ἀναγκαίῳ
1284 1907 1326 1941 Β.
1352 1903 1395 1943 τὰ
1415 1902 1457 1943 δ’
1477 1903 1685 1952 ἀναγκαῖον
1710 1908 1759 1942 G.

447 1954 723 2002 συνπεριέχεται
743 1954 816 1989 ΑΒ.
915 1956 974 1991 18ς
996 1955 1170 2000 θηρᾶσαι
1187 1956 1228 1989 Α.
1253 1952 1424 2001 θηρᾶσαι
1441 1954 1483 1989 Β.
1506 1954 1696 2002 θηρεῦσαι
1712 1954 1761 1990 G.

261 2038 532 2086 protomartyris
548 2041 585 2073 et
604 2036 754 2084 apostoli
772 2035 942 2082 Stephani
962 2035 1194 2071 testimonium
1207 2036 1407 2078 confirmat;
1432 2035 1590 2083 adeoque
1610 2047 1678 2070 non
1699 2036 1759 2077 75,

262 2087 326 2122 sed
360 2087 426 2123 135
448 2085 645 2132 (siquidem
670 2085 795 2120 Thara
813 2096 902 2119 anno
924 2094 1010 2118 suae
1042 2083 1167 2118 aetatis
1195 2085 1265 2120 205
1284 2083 1420 2129 obiit),
1451 2084 1626 2118 Abraham
1643 2087 1761 2117 natum

263 2137 460 2180 opponunt3
486 2139 522 2168 et
541 2132 709 2174 alterutro
732 2131 812 2175 dato
842 2131 917 2166 sive
936 2130 1091 2166 Genesin
1103 2156 1114 2173 ,
1138 2130 1215 2165 sive
1233 2131 1466 2177 apostolorum
1483 2135 1582 2165 actus
1601 2133 1762 2165 asserunt

263 2181 301 2215 in
330 2192 483 2215 errorem
509 2180 638 2226 lapsos.
686 2179 814 2213 Verum
843 2178 932 2213 enim
960 2190 1044 2212 vero
1073 2178 1275 2224 propositae
1298 2177 1487 2213 dubietatis
1506 2177 1772 2219 enodationem,

262 2239 356 2274 quae
375 2228 502 2263 nullam
526 2239 601 2262 cum
622 2226 773 2262 veritate
799 2226 851 2266 vel
872 2225 1047 2271 probabili
1065 2226 1268 2260 coniectura
1283 2229 1403 2260 teneat
1421 2225 1650 2266 affinitatem,
1673 2223 1762 2270 ipsi-

261 2279 333 2310 met
350 2274 796 2319 s'ubnecteremoliuntum
817 2273 974 2308 nimirum
1002 2273 1188 2308 brevitatis
1208 2284 1276 2307 non
1300 2278 1419 2307 certae
1435 2272 1581 2307 rationis
1599 2270 1761 2316 assigna-

261 2326 321 2357 tae
339 2323 463 2368 gratia,
474 2322 622 2367 positum
634 2321 674 2356 in
692 2320 887 2367 scriptura,
912 2320 1033 2355 Thara
1052 2320 1177 2355 aetatis
1196 2332 1280 2354 suae
1295 2331 1383 2354 anno
1400 2320 1466 2361 70,
1491 2320 1664 2355 Abraham
1684 2318 1761 2353 Na-

262 2370 348 2405 chor
367 2374 404 2404 et
426 2371 528 2404 Aram
544 2368 727 2414 genuisse3
753 2380 816 2403 ceu
846 2367 906 2414 qui
925 2367 1056 2414 prolem
1071 2372 1154 2402 tunc
1172 2367 1316 2414 primum
1332 2366 1548 2414 susceperit,
1571 2373 1639 2402 non
1658 2364 1760 2413 quasi

261 2416 447 2461 tergemini
467 2416 566 2451 simul
584 2416 655 2450 sint
673 2415 706 2450 ei
730 2415 794 2450 filii
813 2415 901 2450 nati.

335 2464 384 2498 Et
409 2464 495 2498 haec
522 2463 660 2510 quidem
677 2462 728 2498 illi
754 2463 928 2498 subtiliter
947 2461 1136 2504 obiiciunt3
1161 2464 1199 2497 at
1217 2461 1326 2497 minus
1344 2464 1468 2507 argute
1492 2460 1652 2502 solvunt,
1675 2458 1761 2505 quin

261 2510 362 2545 immo
385 2522 406 2544 a
422 2511 620 2551 necessaria
641 2510 860 2556 probabilive
877 2509 1012 2545 ratione
1032 2522 1132 2556 quam
1153 2509 1276 2547 aliene.
1325 2508 1584 2550 Anecessaria,
1608 2507 1761 2552 inquam,

262 2557 345 2604 quia
365 2557 502 2592 divinas
523 2558 686 2602 utrinque
712 2558 907 2604 scripturas
929 2569 1051 2592 verum
1071 2557 1260 2592 enunciare
1279 2568 1424 2598 necesse
1443 2561 1518 2598 est3
1543 2566 1586 2589 ac
1609 2555 1763 2600 patriar-

262 2606 362 2639 cham
393 2605 567 2640 Abraham
602 2606 726 2640 'I'hara
751 2605 863 2651 patris
891 2616 980 2639 anno
1014 2606 1061 2641 70
1099 2605 1209 2639 lucem
1241 2603 1448 2650 adspexisse
1486 2607 1523 2637 et
1554 2601 1696 2637 Charan
1723 2601 1762 2635 in

263 2652 506 2687 chananaeam
523 2652 736 2698 provinciam
748 2652 941 2698 profectum
959 2651 1086 2687 aetatis
1102 2652 1148 2690 75
1167 2655 1263 2686 certo
1280 2657 1317 2686 et
1333 2650 1570 2685 indubitanter
1588 2647 1762 2693 attigisse.

260 2698 478 2735 Necessaria
503 2711 586 2735 vero
616 2700 777 2746 probatio
806 2699 1020 2746 probabilem
1052 2710 1191 2745 quoque
1216 2697 1468 2744 complectitur.
1516 2696 1605 2730 Post
1631 2695 1763 2730 obitum

262 2745 374 2791 igitur
398 2747 521 2782 Thara
547 2747 614 2781 hoc
644 2746 695 2781 ita
725 2759 765 2783 se
786 2745 949 2781 habuisse
978 2746 1151 2792 probabili
1182 2745 1319 2781 ratione
1344 2756 1412 2779 non
1443 2746 1540 2779 caret
1567 2754 1674 2789 penes
1701 2753 1762 2778 eos

261 2793 430 2836 maxime,
466 2793 525 2839 qui
562 2794 735 2840 propositi
767 2792 963 2839 argumenti
988 2793 1212 2828 secretiorem
1248 2803 1385 2827 sensum
1417 2791 1587 2836 indagare
1619 2789 1763 2824 student

262 2844 369 2885 atque
389 2843 470 2875 ante
483 2842 686 2882 ,naturalem
710 2840 937 2887 spiritualem,
963 2839 1097 2875 animae
1117 2845 1260 2875 mortem
1289 2839 1326 2874 in
1348 2850 1390 2873 eo
1411 2838 1621 2873 coniectant.
1669 2836 1762 2872 Nam

265 2897 341 2921 cum
364 2887 543 2934 sculpendi
575 2894 653 2923 arte
678 2888 813 2935 peritus
842 2887 1034 2922 simulacris
1060 2887 1233 2934 fingendis
1262 2890 1500 2927 assuesceret,
1525 2896 1591 2920 nec
1622 2882 1763 2919 itineris

262 2933 422 2970 comitem
450 2947 489 2970 se
511 2935 686 2972 Abraham
711 2935 950 2978 adiunxisset,
975 2935 1020 2971 ad
1038 2934 1207 2971 idolorum
1223 2934 1354 2970 cultum
1378 2937 1415 2969 et
1434 2938 1537 2980 turpe
1553 2931 1684 2967 lucrum
1707 2929 1763 2966 in-
