<?xml version="1.0" encoding="UTF-8"?>
<!DOCTYPE html PUBLIC "-//W3C//DTD XHTML 1.0 Transitional//EN"
    "http://www.w3.org/TR/xhtml1/DTD/xhtml1-transitional.dtd">
<html xmlns="http://www.w3.org/1999/xhtml" xml:lang="en" lang="en">
 <head>
  <title>
</title>
<meta http-equiv="Content-Type" content="text/html;charset=utf-8" />
  <meta name='ocr-system' content='tesseract 3.04.00' />
  <meta name='ocr-capabilities' content='ocr_page ocr_carea ocr_par ocr_line ocrx_word'/>
</head>
<body>
  <div class='ocr_page' id='page_1' title='image "./corpusscriptorum20niebuoft_0304.png"; bbox 0 0 1800 3236; ppageno 0'>
   <div class='ocr_carea' id='block_1_1' title="bbox 203 208 1239 261">
    <p class='ocr_par' dir='ltr' id='par_1_1' title="bbox 203 208 1239 261">
     <span class='ocr_line' id='line_1_1' title="bbox 203 208 1239 261; baseline 0.001 -5"><span class='ocrx_word' id='word_1_1' title='bbox 203 208 306 257; x_wconf 74' lang='lat'><strong>290</strong></span> <span class='ocrx_word' id='word_1_2' title='bbox 671 210 923 257; x_wconf 87' lang='lat' dir='ltr'>GEORGII</span> <span class='ocrx_word' id='word_1_3' title='bbox 951 209 1239 261; x_wconf 88' lang='lat' dir='ltr'>SYNCELLI</span> 
     </span>
    </p>
   </div>
   <div class='ocr_carea' id='block_1_2' title="bbox 132 321 1777 1719">
    <p class='ocr_par' dir='ltr' id='par_1_2' title="bbox 172 321 1729 453">
     <span class='ocr_line' id='line_1_2' title="bbox 172 321 1729 383; baseline 0.001 -15"><span class='ocrx_word' id='word_1_4' title='bbox 172 331 203 367; x_wconf 89' lang='lat' dir='ltr'>C</span> <span class='ocrx_word' id='word_1_5' title='bbox 309 321 371 368; x_wconf 81' lang='lat' dir='ltr'><strong>‘H</strong></span> <span class='ocrx_word' id='word_1_6' title='bbox 394 325 480 367; x_wconf 81' lang='grc' dir='ltr'><strong><em>τῶν</em></strong></span> <span class='ocrx_word' id='word_1_7' title='bbox 507 325 622 366; x_wconf 74' lang='grc' dir='ltr'><strong><em>θεῶν</em></strong></span> <span class='ocrx_word' id='word_1_8' title='bbox 653 322 786 381; x_wconf 85' lang='grc' dir='ltr'><strong><em>κρίσις</em></strong></span> <span class='ocrx_word' id='word_1_9' title='bbox 821 324 1093 374; x_wconf 75' lang='grc' dir='ltr'><strong><em>Ποσειδῶνος</em></strong></span> <span class='ocrx_word' id='word_1_10' title='bbox 1124 324 1194 366; x_wconf 84' lang='grc' dir='ltr'><strong><em>καὶ</em></strong></span> <span class='ocrx_word' id='word_1_11' title='bbox 1207 321 1395 380; x_wconf 69' lang='grc' dir='ltr'><strong><em>Ἀθηνᾶς</em></strong></span> <span class='ocrx_word' id='word_1_12' title='bbox 1416 322 1482 366; x_wconf 73' lang='grc' dir='ltr'><strong>ἐπὶ</strong></span> <span class='ocrx_word' id='word_1_13' title='bbox 1500 323 1729 383; x_wconf 77' lang='grc' dir='ltr'><strong><em>Κέκροπος</em></strong></span> 
     </span>
     <span class='ocr_line' id='line_1_3' title="bbox 203 391 999 453; baseline -0.004 -13"><span class='ocrx_word' id='word_1_14' title='bbox 203 392 435 453; x_wconf 78' lang='grc' dir='ltr'><strong><em>μυθεύεται</em></strong></span> <span class='ocrx_word' id='word_1_15' title='bbox 448 392 618 449; x_wconf 85' lang='grc' dir='ltr'><strong><em>Ἕλλησι</em></strong></span> <span class='ocrx_word' id='word_1_16' title='bbox 637 395 730 451; x_wconf 81' lang='grc' dir='ltr'><strong><em>περὶ</em></strong></span> <span class='ocrx_word' id='word_1_17' title='bbox 748 397 824 449; x_wconf 81' lang='grc' dir='ltr'><strong>τῆς</strong></span> <span class='ocrx_word' id='word_1_18' title='bbox 840 391 999 451; x_wconf 85' lang='grc' dir='ltr'><strong><em>χώρας.</em></strong></span> 
     </span>
    </p>

    <p class='ocr_par' dir='ltr' id='par_1_3' title="bbox 315 460 1718 523">
     <span class='ocr_line' id='line_1_4' title="bbox 315 460 1718 523; baseline 0 -15"><span class='ocrx_word' id='word_1_19' title='bbox 315 464 377 508; x_wconf 83' lang='grc' dir='ltr'><strong>Τὸ</strong></span> <span class='ocrx_word' id='word_1_20' title='bbox 401 464 444 508; x_wconf 75' lang='grc' dir='ltr'><strong><em>ἐν</em></strong></span> <span class='ocrx_word' id='word_1_21' title='bbox 463 460 595 523; x_wconf 78' lang='grc' dir='ltr'><strong>Δήλῳ</strong></span> <span class='ocrx_word' id='word_1_22' title='bbox 619 462 728 522; x_wconf 80' lang='grc' dir='ltr'><strong><em>ἱερὸν</em></strong></span> <span class='ocrx_word' id='word_1_23' title='bbox 741 461 1007 515; x_wconf 83' lang='grc' dir='ltr'><strong><em>Ἀπόλλωνος</em></strong></span> <span class='ocrx_word' id='word_1_24' title='bbox 1021 462 1186 520; x_wconf 80' lang='grc' dir='ltr'><strong><em>Δηλίου</em></strong></span> <span class='ocrx_word' id='word_1_25' title='bbox 1205 460 1286 511; x_wconf 65' lang='lat' dir='ltr'><strong>fimi</strong></span> <span class='ocrx_word' id='word_1_26' title='bbox 1302 461 1603 523; x_wconf 69' lang='grc' dir='ltr'><strong><em>Ἐρυσίχθονος</em></strong></span> <span class='ocrx_word' id='word_1_27' title='bbox 1617 464 1718 510; x_wconf 78' lang='grc' dir='ltr'><strong><em>,υἱοῦ</em></strong></span> 
     </span>
    </p>

    <p class='ocr_par' dir='ltr' id='par_1_4' title="bbox 132 531 643 595">
     <span class='ocr_line' id='line_1_5' title="bbox 132 531 643 595; baseline -0.012 -13"><span class='ocrx_word' id='word_1_28' title='bbox 132 561 145 581; x_wconf 73' lang='grc'><strong>,-</strong></span> <span class='ocrx_word' id='word_1_29' title='bbox 169 562 171 564; x_wconf 88' lang='grc'><strong><em>·</em></strong></span> <span class='ocrx_word' id='word_1_30' title='bbox 206 535 426 595; x_wconf 72' lang='grc' dir='ltr'><strong><em>Κέκροπος</em></strong></span> <span class='ocrx_word' id='word_1_31' title='bbox 446 531 643 592; x_wconf 73' lang='grc' dir='ltr'><strong><em>ῖδρύνθη.</em></strong></span> 
     </span>
    </p>

    <p class='ocr_par' dir='ltr' id='par_1_5' title="bbox 310 601 1749 662">
     <span class='ocr_line' id='line_1_6' title="bbox 310 601 1749 662; baseline -0.002 -12"><span class='ocrx_word' id='word_1_32' title='bbox 310 606 524 650; x_wconf 77' lang='grc' dir='ltr'><strong><em>Χαλδαῖοι</em></strong></span> <span class='ocrx_word' id='word_1_33' title='bbox 544 603 653 647; x_wconf 81' lang='grc' dir='ltr'><strong><em>κατὰ</em></strong></span> <span class='ocrx_word' id='word_1_34' title='bbox 676 603 884 649; x_wconf 86' lang='grc' dir='ltr'><strong><em>Φοινίκων</em></strong></span> <span class='ocrx_word' id='word_1_35' title='bbox 903 601 1200 662; x_wconf 68' lang='grc' dir='ltr'><strong><em>ἐστράτευσαν.</em></strong></span> <span class='ocrx_word' id='word_1_36' title='bbox 1657 609 1660 612; x_wconf 80' lang='grc'>’</span> <span class='ocrx_word' id='word_1_37' title='bbox 1723 611 1749 647; x_wconf 90' lang='grc'>5</span> 
     </span>
    </p>

    <p class='ocr_par' dir='ltr' id='par_1_6' title="bbox 311 672 1305 734">
     <span class='ocr_line' id='line_1_7' title="bbox 311 672 1305 734; baseline -0.001 -14"><span class='ocrx_word' id='word_1_38' title='bbox 311 674 536 724; x_wconf 70' lang='grc' dir='ltr'><strong><em>ΖΙΞΙουσικὸς</em></strong></span> <span class='ocrx_word' id='word_1_39' title='bbox 556 672 576 718; x_wconf 82' lang='grc' dir='ltr'><em>ὅ</em></span> <span class='ocrx_word' id='word_1_40' title='bbox 598 673 808 734; x_wconf 30' lang='grc' dir='ltr'><strong><em>Εὗκτ-αίου</em></strong></span> <span class='ocrx_word' id='word_1_41' title='bbox 826 674 902 718; x_wconf 64' lang='grc' dir='ltr'><strong><em>’καὶ</em></strong></span> <span class='ocrx_word' id='word_1_42' title='bbox 924 674 1113 734; x_wconf 81' lang='grc' dir='ltr'><strong><em>Νύμφης</em></strong></span> <span class='ocrx_word' id='word_1_43' title='bbox 1135 674 1305 732; x_wconf 75' lang='grc' dir='ltr'><strong><em>ἤκμαζε.</em></strong></span> 
     </span>
    </p>

    <p class='ocr_par' dir='ltr' id='par_1_7' title="bbox 306 742 1521 804">
     <span class='ocr_line' id='line_1_8' title="bbox 306 742 1521 804; baseline -0.002 -13"><span class='ocrx_word' id='word_1_44' title='bbox 306 746 552 791; x_wconf 76' lang='grc' dir='ltr'><strong><em>Δευκαλίων</em></strong></span> <span class='ocrx_word' id='word_1_45' title='bbox 573 742 807 800; x_wconf 77' lang='grc' dir='ltr'><strong><em>βασιλεύειν</em></strong></span> <span class='ocrx_word' id='word_1_46' title='bbox 829 749 913 789; x_wconf 84' lang='grc' dir='ltr'><strong><em>τῶν</em></strong></span> <span class='ocrx_word' id='word_1_47' title='bbox 935 746 1043 789; x_wconf 80' lang='grc' dir='ltr'><strong><em>κατὰ</em></strong></span> <span class='ocrx_word' id='word_1_48' title='bbox 1063 745 1327 803; x_wconf 82' lang='grc' dir='ltr'><strong><em>Παρνασσὸν</em></strong></span> <span class='ocrx_word' id='word_1_49' title='bbox 1347 743 1521 804; x_wconf 68' lang='grc' dir='ltr'><strong>ἤρξατο.</strong></span> 
     </span>
    </p>

    <p class='ocr_par' dir='ltr' id='par_1_8' title="bbox 205 813 1719 943">
     <span class='ocr_line' id='line_1_9' title="bbox 311 813 1719 879; baseline -0.001 -19"><span class='ocrx_word' id='word_1_50' title='bbox 311 817 491 874; x_wconf 74' lang='grc' dir='ltr'><strong><em>Κέκροψ</em></strong></span> <span class='ocrx_word' id='word_1_51' title='bbox 516 813 705 872; x_wconf 74' lang='grc' dir='ltr'><strong><em>Ἀθήνας</em></strong></span> <span class='ocrx_word' id='word_1_52' title='bbox 733 815 812 866; x_wconf 81' lang='grc' dir='ltr'><strong>τὰς</strong></span> <span class='ocrx_word' id='word_1_53' title='bbox 848 817 917 859; x_wconf 86' lang='grc' dir='ltr'><strong><em>καὶ</em></strong></span> <span class='ocrx_word' id='word_1_54' title='bbox 947 813 1116 867; x_wconf 75' lang='grc' dir='ltr'><strong><em>Διάδας</em></strong></span> <span class='ocrx_word' id='word_1_55' title='bbox 1145 817 1189 860; x_wconf 75' lang='grc' dir='ltr'><strong><em>ἓν</em></strong></span> <span class='ocrx_word' id='word_1_56' title='bbox 1218 816 1382 879; x_wconf 61' lang='grc' dir='ltr'><strong><em>Εὐβοία</em></strong></span> <span class='ocrx_word' id='word_1_57' title='bbox 1413 816 1582 860; x_wconf 68' lang='grc' dir='ltr'><strong><em>ἔκτισεν.</em></strong></span> <span class='ocrx_word' id='word_1_58' title='bbox 1629 813 1719 859; x_wconf 77' lang='grc' dir='ltr'>Εὖ·-</span> 
     </span>
     <span class='ocr_line' id='line_1_10' title="bbox 205 883 1177 943; baseline -0.001 -11"><span class='ocrx_word' id='word_1_59' title='bbox 205 893 319 943; x_wconf 80' lang='grc' dir='ltr'><strong>βοεῖς</strong></span> <span class='ocrx_word' id='word_1_60' title='bbox 345 887 390 930; x_wconf 75' lang='grc' dir='ltr'><strong>δὲ</strong></span> <span class='ocrx_word' id='word_1_61' title='bbox 413 883 571 943; x_wconf 80' lang='grc' dir='ltr'><strong><em>ταύτην</em></strong></span> <span class='ocrx_word' id='word_1_62' title='bbox 588 885 839 942; x_wconf 81' lang='grc' dir='ltr'><strong><em>Ὀρχομενὸν</em></strong></span> <span class='ocrx_word' id='word_1_63' title='bbox 857 884 1177 943; x_wconf 83' lang='grc' dir='ltr'><strong><em>μετωνόμασαν.</em></strong></span> 
     </span>
    </p>

    <p class='ocr_par' dir='ltr' id='par_1_9' title="bbox 170 948 1777 1156">
     <span class='ocr_line' id='line_1_11' title="bbox 302 948 1777 1016; baseline -0.001 -16"><span class='ocrx_word' id='word_1_64' title='bbox 302 956 454 1014; x_wconf 88' lang='grc' dir='ltr'><strong><em>Ἕλλην</em></strong></span> <span class='ocrx_word' id='word_1_65' title='bbox 492 956 584 1008; x_wconf 77' lang='grc' dir='ltr'><strong><em>υἱὸς</em></strong></span> <span class='ocrx_word' id='word_1_66' title='bbox 621 958 916 1008; x_wconf 87' lang='grc' dir='ltr'><strong><em>Δευκαλίωνος</em></strong></span> <span class='ocrx_word' id='word_1_67' title='bbox 949 958 1185 1016; x_wconf 73' lang='grc' dir='ltr'><strong><em>ἕγνωρίζετο</em></strong></span> <span class='ocrx_word' id='word_1_68' title='bbox 1197 990 1212 1013; x_wconf 84' lang='lat'><em>,</em></span> <span class='ocrx_word' id='word_1_69' title='bbox 1251 955 1332 1015; x_wconf 77' lang='grc' dir='ltr'><strong>ἀφ’</strong></span> <span class='ocrx_word' id='word_1_70' title='bbox 1369 948 1420 1000; x_wconf 69' lang='grc' dir='ltr'><strong>οὗ</strong></span> <span class='ocrx_word' id='word_1_71' title='bbox 1447 954 1645 1014; x_wconf 85' lang='grc' dir='ltr'><strong><em>Ἓλληνες</em></strong></span> <span class='ocrx_word' id='word_1_72' title='bbox 1678 956 1719 999; x_wconf 81' lang='grc' dir='ltr'><strong>οἱ</strong></span> <span class='ocrx_word' id='word_1_73' title='bbox 1731 963 1777 999; x_wconf 87' lang='grc'><strong>10</strong></span> 
     </span>
     <span class='ocr_line' id='line_1_12' title="bbox 207 1025 732 1088; baseline -0.004 -15"><span class='ocrx_word' id='word_1_74' title='bbox 207 1029 381 1088; x_wconf 81' lang='grc' dir='ltr'><strong><em>Γραικοὶ</em></strong></span> <span class='ocrx_word' id='word_1_75' title='bbox 399 1025 732 1084; x_wconf 71' lang='grc' dir='ltr'><strong><em>μετεκλήθησαν.</em></strong></span> 
     </span>
     <span class='ocr_line' id='line_1_13' title="bbox 170 1094 1715 1156; baseline -0.001 -14"><span class='ocrx_word' id='word_1_76' title='bbox 170 1107 203 1142; x_wconf 90' lang='lat' dir='ltr'>D</span> <span class='ocrx_word' id='word_1_77' title='bbox 309 1098 612 1156; x_wconf 83' lang='grc' dir='ltr'><strong><em>Ἀμπελουργία</em></strong></span> <span class='ocrx_word' id='word_1_78' title='bbox 630 1094 937 1148; x_wconf 69' lang='grc' dir='ltr'><strong><em>ὕπὸΔιονύσου</em></strong></span> <span class='ocrx_word' id='word_1_79' title='bbox 960 1097 1211 1156; x_wconf 66' lang='grc' dir='ltr'><strong><em>ἐγνωρίσθη,</em></strong></span> <span class='ocrx_word' id='word_1_80' title='bbox 1237 1096 1328 1154; x_wconf 81' lang='grc' dir='ltr'><strong><em>οὖχὶ</em></strong></span> <span class='ocrx_word' id='word_1_81' title='bbox 1346 1102 1422 1141; x_wconf 81' lang='grc' dir='ltr'><strong>τοῦ</strong></span> <span class='ocrx_word' id='word_1_82' title='bbox 1452 1097 1498 1142; x_wconf 76' lang='grc' dir='ltr'><strong><em>ἔκ</em></strong></span> <span class='ocrx_word' id='word_1_83' title='bbox 1518 1096 1715 1154; x_wconf 76' lang='grc' dir='ltr'><strong><em>Σεμέλης.</em></strong></span> 
     </span>
    </p>

    <p class='ocr_par' dir='ltr' id='par_1_10' title="bbox 302 1166 1407 1228">
     <span class='ocr_line' id='line_1_14' title="bbox 302 1166 1407 1228; baseline -0.001 -15"><span class='ocrx_word' id='word_1_84' title='bbox 302 1167 464 1226; x_wconf 76' lang='grc' dir='ltr'><strong><em>Ἄρειος</em></strong></span> <span class='ocrx_word' id='word_1_85' title='bbox 485 1166 618 1226; x_wconf 81' lang='grc' dir='ltr'><strong><em>πάγος</em></strong></span> <span class='ocrx_word' id='word_1_86' title='bbox 644 1166 806 1225; x_wconf 65' lang='grc' dir='ltr'><strong><em>ἐκλήθη</em></strong></span> <span class='ocrx_word' id='word_1_87' title='bbox 831 1170 901 1212; x_wconf 87' lang='grc' dir='ltr'><strong><em>καὶ</em></strong></span> <span class='ocrx_word' id='word_1_88' title='bbox 922 1167 1188 1228; x_wconf 75' lang='grc' dir='ltr'><strong><em>δικαστήριον</em></strong></span> <span class='ocrx_word' id='word_1_89' title='bbox 1214 1169 1407 1225; x_wconf 76' lang='grc' dir='ltr'><strong><em>κατέστη.</em></strong></span> 
     </span>
    </p>

    <p class='ocr_par' dir='ltr' id='par_1_11' title="bbox 208 1231 1775 1580">
     <span class='ocr_line' id='line_1_15' title="bbox 317 1231 1718 1298; baseline 0 -17"><span class='ocrx_word' id='word_1_90' title='bbox 317 1243 391 1298; x_wconf 74' lang='grc' dir='ltr'><strong>Τῷ</strong></span> <span class='ocrx_word' id='word_1_91' title='bbox 416 1238 472 1294; x_wconf 85' lang='grc' dir='ltr'><strong><em>με’</em></strong></span> <span class='ocrx_word' id='word_1_92' title='bbox 500 1237 578 1282; x_wconf 65' lang='grc' dir='ltr'><strong><em>ἔτει</em></strong></span> <span class='ocrx_word' id='word_1_93' title='bbox 608 1231 831 1297; x_wconf 75' lang='grc' dir='ltr'><strong><em>Κέκροπος</em></strong></span> <span class='ocrx_word' id='word_1_94' title='bbox 860 1243 937 1283; x_wconf 80' lang='grc' dir='ltr'><strong>τοῦ</strong></span> <span class='ocrx_word' id='word_1_95' title='bbox 966 1241 1144 1298; x_wconf 70' lang='grc' dir='ltr'><strong><em>διφυοῦς</em></strong></span> <span class='ocrx_word' id='word_1_96' title='bbox 1172 1237 1341 1298; x_wconf 85' lang='grc' dir='ltr'><strong><em>πρώτου</em></strong></span> <span class='ocrx_word' id='word_1_97' title='bbox 1362 1237 1570 1294; x_wconf 71' lang='grc' dir='ltr'><strong><em>βασιλέως</em></strong></span> <span class='ocrx_word' id='word_1_98' title='bbox 1582 1236 1718 1294; x_wconf 72' lang='grc' dir='ltr'><strong>Ἀθη-</strong></span> 
     </span>
     <span class='ocr_line' id='line_1_16' title="bbox 209 1307 1775 1368; baseline 0.001 -15"><span class='ocrx_word' id='word_1_99' title='bbox 209 1309 337 1363; x_wconf 78' lang='grc' dir='ltr'><strong><em>ναίων</em></strong></span> <span class='ocrx_word' id='word_1_100' title='bbox 371 1309 448 1366; x_wconf 72' lang='grc' dir='ltr'><strong><em>τὴν</em></strong></span> <span class='ocrx_word' id='word_1_101' title='bbox 469 1309 512 1361; x_wconf 73' lang='grc' dir='ltr'><strong>ἐξ</strong></span> <span class='ocrx_word' id='word_1_102' title='bbox 533 1307 755 1366; x_wconf 79' lang='grc' dir='ltr'><strong><em>Λῖγύπτου</em></strong></span> <span class='ocrx_word' id='word_1_103' title='bbox 773 1310 946 1367; x_wconf 83' lang='grc' dir='ltr'><strong><em>πορείαν</em></strong></span> <span class='ocrx_word' id='word_1_104' title='bbox 964 1314 1040 1354; x_wconf 80' lang='grc' dir='ltr'><strong>τοῦ</strong></span> <span class='ocrx_word' id='word_1_105' title='bbox 1056 1310 1226 1368; x_wconf 81' lang='grc' dir='ltr'><strong><em>Ἰσραὴλ</em></strong></span> <span class='ocrx_word' id='word_1_106' title='bbox 1246 1309 1315 1353; x_wconf 75' lang='grc' dir='ltr'><strong>διὰ</strong></span> <span class='ocrx_word' id='word_1_107' title='bbox 1339 1308 1562 1359; x_wconf 67' lang='grc' dir='ltr'><strong><em>ΖΙίΙωῢσέως</em></strong></span> <span class='ocrx_word' id='word_1_108' title='bbox 1589 1310 1718 1367; x_wconf 74' lang='grc' dir='ltr'><strong><em>φησὶν</em></strong></span> <span class='ocrx_word' id='word_1_109' title='bbox 1729 1316 1775 1354; x_wconf 82' lang='grc'><strong>15</strong></span> 
     </span>
     <span class='ocr_line' id='line_1_17' title="bbox 210 1374 1718 1439; baseline 0 -17"><span class='ocrx_word' id='word_1_110' title='bbox 210 1377 232 1423; x_wconf 84' lang='grc' dir='ltr'><strong>ὅ</strong></span> <span class='ocrx_word' id='word_1_111' title='bbox 252 1374 486 1439; x_wconf 84' lang='grc' dir='ltr'><strong><em>Παμφίλου</em></strong></span> <span class='ocrx_word' id='word_1_112' title='bbox 508 1376 790 1437; x_wconf 79' lang='grc' dir='ltr'><strong><em>ἕμβρόντητος</em></strong></span> <span class='ocrx_word' id='word_1_113' title='bbox 813 1380 1018 1435; x_wconf 71' lang='grc' dir='ltr'><strong><em>Εὐσέβιος</em></strong></span> <span class='ocrx_word' id='word_1_114' title='bbox 1041 1381 1251 1438; x_wconf 71' lang='grc' dir='ltr'><strong><em>γενέσθαι,</em></strong></span> <span class='ocrx_word' id='word_1_115' title='bbox 1291 1378 1392 1438; x_wconf 77' lang='grc' dir='ltr'><strong><em>ὅπερ</em></strong></span> <span class='ocrx_word' id='word_1_116' title='bbox 1416 1378 1524 1423; x_wconf 78' lang='grc' dir='ltr'><strong><em>κατὰ</em></strong></span> <span class='ocrx_word' id='word_1_117' title='bbox 1547 1380 1623 1434; x_wconf 74' lang='grc' dir='ltr'><strong><em>μὲν</em></strong></span> <span class='ocrx_word' id='word_1_118' title='bbox 1646 1379 1718 1423; x_wconf 83' lang='grc' dir='ltr'><strong><em>τὸν</em></strong></span> 
     </span>
     <span class='ocr_line' id='line_1_18' title="bbox 208 1444 1716 1511; baseline 0 -18"><span class='ocrx_word' id='word_1_119' title='bbox 208 1450 360 1493; x_wconf 75' lang='grc' dir='ltr'><strong><em>ἐκείνου</em></strong></span> <span class='ocrx_word' id='word_1_120' title='bbox 393 1450 708 1507; x_wconf 84' lang='grc' dir='ltr'><strong><em>παραλογισμὸν</em></strong></span> <span class='ocrx_word' id='word_1_121' title='bbox 740 1444 825 1494; x_wconf 84' lang='grc' dir='ltr'><strong><em>τῶν</em></strong></span> <span class='ocrx_word' id='word_1_122' title='bbox 845 1451 888 1502; x_wconf 73' lang='grc' dir='ltr'><strong>ἐξ</strong></span> <span class='ocrx_word' id='word_1_123' title='bbox 904 1450 1039 1506; x_wconf 77' lang='grc' dir='ltr'><strong>Ἀδὰμ</strong></span> <span class='ocrx_word' id='word_1_124' title='bbox 1063 1451 1155 1502; x_wconf 77' lang='grc' dir='ltr'><strong><em>Ξ-’τος</em></strong></span> <span class='ocrx_word' id='word_1_125' title='bbox 1175 1446 1227 1508; x_wconf 74' lang='grc' dir='ltr'><strong><em>ἧν</em></strong></span> <span class='ocrx_word' id='word_1_126' title='bbox 1246 1448 1411 1511; x_wconf 51' lang='lat' dir='ltr'><strong>‘mn-3⁴,</strong></span> <span class='ocrx_word' id='word_1_127' title='bbox 1448 1449 1558 1494; x_wconf 82' lang='grc' dir='ltr'><strong><em>κατὰ</em></strong></span> <span class='ocrx_word' id='word_1_128' title='bbox 1580 1450 1626 1493; x_wconf 79' lang='grc' dir='ltr'><strong>δὲ</strong></span> <span class='ocrx_word' id='word_1_129' title='bbox 1644 1449 1716 1493; x_wconf 80' lang='grc' dir='ltr'><strong><em>τὸν</em></strong></span> 
     </span>
     <span class='ocr_line' id='line_1_19' title="bbox 208 1515 1395 1580; baseline 0.002 -17"><span class='ocrx_word' id='word_1_130' title='bbox 208 1519 353 1577; x_wconf 77' lang='grc' dir='ltr'><strong><em>ἀληθῆ</em></strong></span> <span class='ocrx_word' id='word_1_131' title='bbox 377 1521 445 1563; x_wconf 83' lang='grc' dir='ltr'><strong><em>καὶ</em></strong></span> <span class='ocrx_word' id='word_1_132' title='bbox 466 1521 767 1578; x_wconf 76' lang='grc' dir='ltr'><strong><em>ἀκριβέστατον</em></strong></span> <span class='ocrx_word' id='word_1_133' title='bbox 784 1515 907 1578; x_wconf 75' lang='grc' dir='ltr'><strong><em>λόγον</em></strong></span> <span class='ocrx_word' id='word_1_134' title='bbox 931 1519 1091 1580; x_wconf 51' lang='lat' dir='ltr'><strong>‘yffi-Y,</strong></span> <span class='ocrx_word' id='word_1_135' title='bbox 1128 1519 1195 1575; x_wconf 67' lang='lat' dir='ltr'><strong>uss&#39;</strong></span> <span class='ocrx_word' id='word_1_136' title='bbox 1215 1522 1260 1564; x_wconf 75' lang='grc' dir='ltr'><strong>δὲ</strong></span> <span class='ocrx_word' id='word_1_137' title='bbox 1272 1519 1395 1565; x_wconf 81' lang='grc' dir='ltr'><strong>Ἀώὸ.</strong></span> 
     </span>
    </p>

    <p class='ocr_par' dir='ltr' id='par_1_12' title="bbox 211 1589 1775 1719">
     <span class='ocr_line' id='line_1_20' title="bbox 310 1589 1717 1650; baseline 0.001 -17"><span class='ocrx_word' id='word_1_138' title='bbox 310 1589 521 1648; x_wconf 77' lang='grc' dir='ltr'><strong><em>Ἡρακλέα</em></strong></span> <span class='ocrx_word' id='word_1_139' title='bbox 536 1591 641 1641; x_wconf 78' lang='grc' dir='ltr'><strong><em>τινές</em></strong></span> <span class='ocrx_word' id='word_1_140' title='bbox 672 1607 801 1649; x_wconf 77' lang='grc' dir='ltr'><strong><em>φασιν</em></strong></span> <span class='ocrx_word' id='word_1_141' title='bbox 825 1592 868 1635; x_wconf 75' lang='grc' dir='ltr'><strong><em>ἐν</em></strong></span> <span class='ocrx_word' id='word_1_142' title='bbox 895 1592 1070 1650; x_wconf 83' lang='grc' dir='ltr'><strong><em>Φοινίκῃ</em></strong></span> <span class='ocrx_word' id='word_1_143' title='bbox 1089 1593 1367 1650; x_wconf 70' lang='grc' dir='ltr'><strong><em>γνωρίζεσθαι</em></strong></span> <span class='ocrx_word' id='word_1_144' title='bbox 1388 1589 1608 1635; x_wconf 77' lang='grc' dir='ltr'><strong><em>Δισανὸὰν</em></strong></span> <span class='ocrx_word' id='word_1_145' title='bbox 1626 1591 1717 1635; x_wconf 75' lang='grc' dir='ltr'><strong><em>ἔπι-</em></strong></span> 
     </span>
     <span class='ocr_line' id='line_1_21' title="bbox 211 1658 1775 1719; baseline 0.001 -15"><span class='ocrx_word' id='word_1_146' title='bbox 211 1658 429 1719; x_wconf 78' lang='grc' dir='ltr'><strong><em>λεγόμενον</em></strong></span> <span class='ocrx_word' id='word_1_147' title='bbox 441 1695 454 1715; x_wconf 79' lang='grc'>,</span> <span class='ocrx_word' id='word_1_148' title='bbox 493 1659 550 1712; x_wconf 81' lang='grc' dir='ltr'><strong>ὥς</strong></span> <span class='ocrx_word' id='word_1_149' title='bbox 570 1663 637 1705; x_wconf 80' lang='grc' dir='ltr'><strong><em>καὶ</em></strong></span> <span class='ocrx_word' id='word_1_150' title='bbox 661 1661 781 1719; x_wconf 77' lang='grc' dir='ltr'><strong><em>μέχρι</em></strong></span> <span class='ocrx_word' id='word_1_151' title='bbox 804 1666 876 1705; x_wconf 77' lang='grc' dir='ltr'><strong>νῦν</strong></span> <span class='ocrx_word' id='word_1_152' title='bbox 896 1659 979 1705; x_wconf 72' lang='grc' dir='ltr'><strong>ὑπὸ</strong></span> <span class='ocrx_word' id='word_1_153' title='bbox 1004 1660 1308 1706; x_wconf 77' lang='grc' dir='ltr'><strong><em>Καππαδόκων</em></strong></span> <span class='ocrx_word' id='word_1_154' title='bbox 1331 1663 1399 1705; x_wconf 82' lang='grc' dir='ltr'><strong><em>καὶ</em></strong></span> <span class='ocrx_word' id='word_1_155' title='bbox 1418 1662 1563 1706; x_wconf 83' lang='grc' dir='ltr'><strong><em>Ἰλίων.</em></strong></span> <span class='ocrx_word' id='word_1_156' title='bbox 1726 1670 1775 1706; x_wconf 75' lang='lat'><strong>20</strong></span> 
     </span>
    </p>
   </div>
   <div class='ocr_carea' id='block_1_3' title="bbox 302 1746 1718 2083">
    <p class='ocr_par' dir='ltr' id='par_1_13' title="bbox 302 1746 1622 1797">
     <span class='ocr_line' id='line_1_22' title="bbox 302 1746 1622 1797; baseline -0.002 -10"><span class='ocrx_word' id='word_1_157' title='bbox 302 1751 338 1787; x_wconf 84' lang='lat'><strong>3.</strong></span> <span class='ocrx_word' id='word_1_158' title='bbox 367 1748 445 1795; x_wconf 77' lang='grc' dir='ltr'><strong>Τὸ]</strong></span> <span class='ocrx_word' id='word_1_159' title='bbox 478 1753 554 1787; x_wconf 78' lang='grc' dir='ltr'><strong><em>τῶν</em></strong></span> <span class='ocrx_word' id='word_1_160' title='bbox 580 1749 654 1787; x_wconf 87' lang='grc' dir='ltr'><strong>ΑΒ.</strong></span> <span class='ocrx_word' id='word_1_161' title='bbox 800 1746 1073 1796; x_wconf 81' lang='grc' dir='ltr'><strong><em>Ἐρυσίχθονος</em></strong></span> <span class='ocrx_word' id='word_1_162' title='bbox 1097 1750 1271 1796; x_wconf 76' lang='lat' dir='ltr'>Scaliger.</span> <span class='ocrx_word' id='word_1_163' title='bbox 1315 1747 1542 1797; x_wconf 77' lang='grc' dir='ltr'><strong><em>Ερυχθόνος</em></strong></span> <span class='ocrx_word' id='word_1_164' title='bbox 1573 1751 1622 1785; x_wconf 78' lang='lat' dir='ltr'><strong>Gr.</strong></span> 
     </span>
    </p>

    <p class='ocr_par' dir='ltr' id='par_1_14' title="bbox 302 1797 1718 2083">
     <span class='ocr_line' id='line_1_23' title="bbox 304 1797 1654 1844; baseline -0.001 -10"><span class='ocrx_word' id='word_1_165' title='bbox 304 1799 340 1834; x_wconf 88' lang='lat'><strong>6.</strong></span> <span class='ocrx_word' id='word_1_166' title='bbox 366 1798 519 1834; x_wconf 64' lang='lat' dir='ltr'><strong>Musio-as</strong></span> <span class='ocrx_word' id='word_1_167' title='bbox 530 1799 634 1834; x_wconf 86' lang='lat' dir='ltr'><strong>etiam</strong></span> <span class='ocrx_word' id='word_1_168' title='bbox 647 1797 824 1834; x_wconf 82' lang='lat' dir='ltr'>Eusebius</span> <span class='ocrx_word' id='word_1_169' title='bbox 843 1800 972 1844; x_wconf 69' lang='lat' dir='ltr'><strong>p-281.</strong></span> <span class='ocrx_word' id='word_1_170' title='bbox 995 1799 1066 1834; x_wconf 82' lang='lat' dir='ltr'><strong>Est</strong></span> <span class='ocrx_word' id='word_1_171' title='bbox 1082 1797 1263 1833; x_wconf 80' lang='lat' dir='ltr'><strong>Musaeus.</strong></span> <span class='ocrx_word' id='word_1_172' title='bbox 1359 1799 1393 1833; x_wconf 91' lang='lat'><strong>8.</strong></span> <span class='ocrx_word' id='word_1_173' title='bbox 1420 1797 1654 1840; x_wconf 81' lang='grc' dir='ltr'><strong><em>δυάδαςΑΒ.</em></strong></span> 
     </span>
     <span class='ocr_line' id='line_1_24' title="bbox 303 1841 1716 1904; baseline 0.002 -24"><span class='ocrx_word' id='word_1_174' title='bbox 303 1841 433 1891; x_wconf 76' lang='grc' dir='ltr'><strong><em>εὖβόϊς</em></strong></span> <span class='ocrx_word' id='word_1_175' title='bbox 453 1848 495 1881; x_wconf 91' lang='grc' dir='ltr'><strong>Α.</strong></span> <span class='ocrx_word' id='word_1_176' title='bbox 517 1845 627 1895; x_wconf 76' lang='grc' dir='ltr'><strong><em>ἑβόης</em></strong></span> <span class='ocrx_word' id='word_1_177' title='bbox 649 1848 691 1882; x_wconf 89' lang='grc' dir='ltr'><strong>Β.</strong></span> <span class='ocrx_word' id='word_1_178' title='bbox 717 1845 896 1904; x_wconf 52' lang='grc' dir='ltr'><strong><em>Εὐροιεῖς</em></strong></span> <span class='ocrx_word' id='word_1_179' title='bbox 912 1847 960 1880; x_wconf 86' lang='lat' dir='ltr'><strong>G.</strong></span> <span class='ocrx_word' id='word_1_180' title='bbox 1066 1849 1101 1884; x_wconf 89' lang='lat'><strong>9.</strong></span> <span class='ocrx_word' id='word_1_181' title='bbox 1130 1844 1333 1892; x_wconf 86' lang='grc' dir='ltr'><strong><em>ὀρχόμενον</em></strong></span> <span class='ocrx_word' id='word_1_182' title='bbox 1353 1846 1396 1880; x_wconf 91' lang='grc' dir='ltr'><strong>Β.</strong></span> <span class='ocrx_word' id='word_1_183' title='bbox 1430 1843 1655 1892; x_wconf 79' lang='grc' dir='ltr'><strong><em>ὠρχωμενόν</em></strong></span> <span class='ocrx_word' id='word_1_184' title='bbox 1672 1848 1716 1883; x_wconf 88' lang='grc' dir='ltr'><strong>Α.</strong></span> 
     </span>
     <span class='ocr_line' id='line_1_25' title="bbox 304 1889 1718 1940; baseline 0.003 -13"><span class='ocrx_word' id='word_1_185' title='bbox 304 1889 522 1938; x_wconf 73' lang='grc' dir='ltr'><strong><em>Ωρχὸμενον</em></strong></span> <span class='ocrx_word' id='word_1_186' title='bbox 547 1895 596 1929; x_wconf 82' lang='lat' dir='ltr'><strong>G.</strong></span> <span class='ocrx_word' id='word_1_187' title='bbox 676 1896 732 1932; x_wconf 85' lang='lat'><strong>13.</strong></span> <span class='ocrx_word' id='word_1_188' title='bbox 759 1907 866 1940; x_wconf 82' lang='grc' dir='ltr'><strong><em>αριος</em></strong></span> <span class='ocrx_word' id='word_1_189' title='bbox 890 1894 933 1928; x_wconf 92' lang='grc' dir='ltr'><strong>Β.</strong></span> <span class='ocrx_word' id='word_1_190' title='bbox 1018 1895 1073 1930; x_wconf 89' lang='grc'><strong>17.</strong></span> <span class='ocrx_word' id='word_1_191' title='bbox 1099 1891 1196 1938; x_wconf 78' lang='grc' dir='ltr'><strong><em>ἔτος]</em></strong></span> <span class='ocrx_word' id='word_1_192' title='bbox 1223 1892 1318 1929; x_wconf 78' lang='grc' dir='ltr'><strong><em>ἐτῶν</em></strong></span> <span class='ocrx_word' id='word_1_193' title='bbox 1341 1894 1390 1928; x_wconf 80' lang='lat' dir='ltr'><strong>Gr.</strong></span> <span class='ocrx_word' id='word_1_194' title='bbox 1470 1890 1718 1940; x_wconf 47' lang='lat' dir='ltr'><strong>‘nna—26-</strong></span> 
     </span>
     <span class='ocr_line' id='line_1_26' title="bbox 302 1938 1717 1988; baseline 0.001 -12"><span class='ocrx_word' id='word_1_195' title='bbox 302 1952 369 1984; x_wconf 75' lang='grc' dir='ltr'><strong><em>γον</em></strong></span> <span class='ocrx_word' id='word_1_196' title='bbox 382 1940 502 1975; x_wconf 84' lang='lat' dir='ltr'><strong>addidi</strong></span> <span class='ocrx_word' id='word_1_197' title='bbox 522 1954 566 1976; x_wconf 82' lang='lat' dir='ltr'><strong>ex</strong></span> <span class='ocrx_word' id='word_1_198' title='bbox 584 1942 627 1975; x_wconf 91' lang='lat' dir='ltr'><strong>B.</strong></span> <span class='ocrx_word' id='word_1_199' title='bbox 725 1943 781 1977; x_wconf 90' lang='lat'><strong>18.</strong></span> <span class='ocrx_word' id='word_1_200' title='bbox 805 1941 879 1978; x_wconf 83' lang='grc' dir='ltr'><strong>τοῦ</strong></span> <span class='ocrx_word' id='word_1_201' title='bbox 899 1938 986 1977; x_wconf 65' lang='lat' dir='ltr'><strong>Acri&amp;</strong></span> <span class='ocrx_word' id='word_1_202' title='bbox 1010 1941 1058 1976; x_wconf 84' lang='lat' dir='ltr'><strong>G.</strong></span> <span class='ocrx_word' id='word_1_203' title='bbox 1154 1944 1212 1978; x_wconf 88' lang='grc'><strong>19.</strong></span> <span class='ocrx_word' id='word_1_204' title='bbox 1237 1938 1424 1978; x_wconf 72' lang='grc' dir='ltr'><strong><em>δισανδιὲν</em></strong></span> <span class='ocrx_word' id='word_1_205' title='bbox 1442 1941 1485 1975; x_wconf 91' lang='grc' dir='ltr'><strong>Β.</strong></span> <span class='ocrx_word' id='word_1_206' title='bbox 1512 1941 1647 1988; x_wconf 81' lang='grc' dir='ltr'><strong><em>διβδᾶν</em></strong></span> <span class='ocrx_word' id='word_1_207' title='bbox 1672 1945 1717 1977; x_wconf 88' lang='grc' dir='ltr'><strong>Α.</strong></span> 
     </span>
     <span class='ocr_line' id='line_1_27' title="bbox 304 1987 1716 2034; baseline 0.002 -12"><span class='ocrx_word' id='word_1_208' title='bbox 304 1988 462 2023; x_wconf 80' lang='grc' dir='ltr'><strong><em>Λιωδᾶν</em></strong></span> <span class='ocrx_word' id='word_1_209' title='bbox 487 1988 647 2034; x_wconf 76' lang='lat' dir='ltr'>Scaliger</span> <span class='ocrx_word' id='word_1_210' title='bbox 669 1999 705 2034; x_wconf 90' lang='lat' dir='ltr'><strong>p.</strong></span> <span class='ocrx_word' id='word_1_211' title='bbox 724 1990 784 2025; x_wconf 74' lang='lat'><strong>29.</strong></span> <span class='ocrx_word' id='word_1_212' title='bbox 878 1990 937 2024; x_wconf 76' lang='lat'><strong>20.</strong></span> <span class='ocrx_word' id='word_1_213' title='bbox 962 1988 1221 2024; x_wconf 80' lang='grc' dir='ltr'><strong><em>καππαδοκαῖν</em></strong></span> <span class='ocrx_word' id='word_1_214' title='bbox 1239 1988 1283 2025; x_wconf 94' lang='grc' dir='ltr'><strong>Β.</strong></span> <span class='ocrx_word' id='word_1_215' title='bbox 1386 1987 1517 2034; x_wconf 80' lang='grc' dir='ltr'><strong><em>Ἰλίων]</em></strong></span> <span class='ocrx_word' id='word_1_216' title='bbox 1545 1989 1716 2025; x_wconf 82' lang='grc' dir='ltr'><strong><em>Ηλιαίων</em></strong></span> 
     </span>
     <span class='ocr_line' id='line_1_28' title="bbox 305 2030 1223 2083; baseline 0.002 -14"><span class='ocrx_word' id='word_1_217' title='bbox 305 2044 350 2069; x_wconf 90' lang='lat' dir='ltr'><strong>m.</strong></span> <span class='ocrx_word' id='word_1_218' title='bbox 384 2034 593 2071; x_wconf 71' lang='lat' dir='ltr'><strong>Addebatur-</strong></span> <span class='ocrx_word' id='word_1_219' title='bbox 613 2030 713 2072; x_wconf 75' lang='grc' dir='ltr'><strong><em>οὕτω</em></strong></span> <span class='ocrx_word' id='word_1_220' title='bbox 735 2037 957 2080; x_wconf 82' lang='grc' dir='ltr'><strong><em>καλεῖσθαι,</em></strong></span> <span class='ocrx_word' id='word_1_221' title='bbox 983 2047 1073 2083; x_wconf 88' lang='lat' dir='ltr'><strong>quae</strong></span> <span class='ocrx_word' id='word_1_222' title='bbox 1095 2047 1162 2071; x_wconf 91' lang='lat' dir='ltr'><strong>om.</strong></span> <span class='ocrx_word' id='word_1_223' title='bbox 1179 2037 1223 2071; x_wconf 90' lang='lat' dir='ltr'><strong>B.</strong></span> 
     </span>
    </p>
   </div>
   <div class='ocr_carea' id='block_1_4' title="bbox 142 2104 1716 3004">
    <p class='ocr_par' dir='ltr' id='par_1_15' title="bbox 142 2104 1716 2671">
     <span class='ocr_line' id='line_1_29' title="bbox 304 2104 1716 2153; baseline 0.002 -15"><span class='ocrx_word' id='word_1_224' title='bbox 304 2104 474 2152; x_wconf 84' lang='lat' dir='ltr'><strong>Cecropis</strong></span> <span class='ocrx_word' id='word_1_225' title='bbox 507 2109 624 2141; x_wconf 84' lang='lat' dir='ltr'><strong>aetate</strong></span> <span class='ocrx_word' id='word_1_226' title='bbox 650 2106 792 2142; x_wconf 84' lang='lat' dir='ltr'><strong>deorum</strong></span> <span class='ocrx_word' id='word_1_227' title='bbox 811 2107 973 2153; x_wconf 79' lang='lat' dir='ltr'><strong>Neptuni</strong></span> <span class='ocrx_word' id='word_1_228' title='bbox 1003 2112 1040 2143; x_wconf 83' lang='lat' dir='ltr'><strong>et</strong></span> <span class='ocrx_word' id='word_1_229' title='bbox 1061 2105 1218 2142; x_wconf 82' lang='lat' dir='ltr'><strong>Palladis</strong></span> <span class='ocrx_word' id='word_1_230' title='bbox 1246 2105 1413 2143; x_wconf 87' lang='lat' dir='ltr'><strong>iudicium</strong></span> <span class='ocrx_word' id='word_1_231' title='bbox 1436 2109 1474 2142; x_wconf 81' lang='lat' dir='ltr'><strong>et</strong></span> <span class='ocrx_word' id='word_1_232' title='bbox 1500 2105 1546 2142; x_wconf 88' lang='lat' dir='ltr'><strong>de</strong></span> <span class='ocrx_word' id='word_1_233' title='bbox 1578 2105 1716 2142; x_wconf 85' lang='lat' dir='ltr'><strong>nomine</strong></span> 
     </span>
     <span class='ocr_line' id='line_1_30' title="bbox 209 2149 950 2200; baseline 0.007 -15"><span class='ocrx_word' id='word_1_234' title='bbox 209 2149 347 2197; x_wconf 86' lang='lat' dir='ltr'><strong>regioni</strong></span> <span class='ocrx_word' id='word_1_235' title='bbox 362 2151 568 2198; x_wconf 86' lang='lat' dir='ltr'><strong>imponendo</strong></span> <span class='ocrx_word' id='word_1_236' title='bbox 589 2154 707 2189; x_wconf 84' lang='lat' dir='ltr'><strong>sabula</strong></span> <span class='ocrx_word' id='word_1_237' title='bbox 732 2154 950 2200; x_wconf 81' lang='lat' dir='ltr'><strong>confingitur.</strong></span> 
     </span>
     <span class='ocr_line' id='line_1_31' title="bbox 142 2198 1713 2250; baseline 0.003 -19"><span class='ocrx_word' id='word_1_238' title='bbox 142 2199 144 2201; x_wconf 85' lang='grc'><strong>’</strong></span> <span class='ocrx_word' id='word_1_239' title='bbox 302 2198 438 2234; x_wconf 82' lang='lat' dir='ltr'><strong>Delium</strong></span> <span class='ocrx_word' id='word_1_240' title='bbox 449 2201 619 2245; x_wconf 75' lang='lat' dir='ltr'><strong>Apollinis</strong></span> <span class='ocrx_word' id='word_1_241' title='bbox 631 2201 724 2236; x_wconf 88' lang='lat' dir='ltr'><strong>Delii</strong></span> <span class='ocrx_word' id='word_1_242' title='bbox 741 2202 856 2237; x_wconf 83' lang='lat' dir='ltr'><strong>fanum</strong></span> <span class='ocrx_word' id='word_1_243' title='bbox 870 2203 914 2238; x_wconf 82' lang='lat' dir='ltr'><strong>ab</strong></span> <span class='ocrx_word' id='word_1_244' title='bbox 926 2201 1187 2248; x_wconf 81' lang='lat' dir='ltr'><strong>Erysichthone</strong></span> <span class='ocrx_word' id='word_1_245' title='bbox 1196 2201 1367 2250; x_wconf 88' lang='lat' dir='ltr'><strong>Cecropis</strong></span> <span class='ocrx_word' id='word_1_246' title='bbox 1381 2201 1453 2237; x_wconf 82' lang='lat' dir='ltr'><strong>filio</strong></span> <span class='ocrx_word' id='word_1_247' title='bbox 1465 2203 1713 2240; x_wconf 76' lang='lat' dir='ltr'><strong>constructum.</strong></span> 
     </span>
     <span class='ocr_line' id='line_1_32' title="bbox 304 2245 1054 2285; baseline 0.008 -6"><span class='ocrx_word' id='word_1_248' title='bbox 304 2245 472 2281; x_wconf 81' lang='lat' dir='ltr'><strong>Chaldaei</strong></span> <span class='ocrx_word' id='word_1_249' title='bbox 490 2248 724 2283; x_wconf 86' lang='lat' dir='ltr'><strong>Phoenicibus</strong></span> <span class='ocrx_word' id='word_1_250' title='bbox 743 2249 869 2284; x_wconf 88' lang='lat' dir='ltr'><strong>bellum</strong></span> <span class='ocrx_word' id='word_1_251' title='bbox 889 2249 1054 2285; x_wconf 80' lang='lat' dir='ltr'><strong>inferunt.</strong></span> 
     </span>
     <span class='ocr_line' id='line_1_33' title="bbox 303 2292 1182 2343; baseline 0.007 -17"><span class='ocrx_word' id='word_1_252' title='bbox 303 2292 472 2328; x_wconf 81' lang='lat' dir='ltr'><strong>Musaeus</strong></span> <span class='ocrx_word' id='word_1_253' title='bbox 488 2293 638 2329; x_wconf 84' lang='lat' dir='ltr'><strong>Euctaei</strong></span> <span class='ocrx_word' id='word_1_254' title='bbox 654 2299 690 2330; x_wconf 84' lang='lat' dir='ltr'><strong>et</strong></span> <span class='ocrx_word' id='word_1_255' title='bbox 707 2296 893 2343; x_wconf 82' lang='lat' dir='ltr'><strong>Nymphae</strong></span> <span class='ocrx_word' id='word_1_256' title='bbox 909 2297 1002 2332; x_wconf 86' lang='lat' dir='ltr'><strong>filius</strong></span> <span class='ocrx_word' id='word_1_257' title='bbox 1022 2297 1182 2333; x_wconf 79' lang='lat' dir='ltr'><strong>florebat.</strong></span> 
     </span>
     <span class='ocr_line' id='line_1_34' title="bbox 302 2338 1351 2390; baseline 0.007 -17"><span class='ocrx_word' id='word_1_258' title='bbox 302 2338 495 2375; x_wconf 82' lang='lat' dir='ltr'><strong>Deucalion</strong></span> <span class='ocrx_word' id='word_1_259' title='bbox 515 2342 581 2384; x_wconf 87' lang='lat' dir='ltr'><strong>iis,</strong></span> <span class='ocrx_word' id='word_1_260' title='bbox 607 2343 667 2387; x_wconf 88' lang='lat' dir='ltr'><strong>qui</strong></span> <span class='ocrx_word' id='word_1_261' title='bbox 686 2342 730 2377; x_wconf 84' lang='lat' dir='ltr'><strong>ad</strong></span> <span class='ocrx_word' id='word_1_262' title='bbox 749 2344 957 2379; x_wconf 83' lang='lat' dir='ltr'><strong>Parnassum</strong></span> <span class='ocrx_word' id='word_1_263' title='bbox 970 2370 980 2387; x_wconf 88' lang='lat'>‚</span> <span class='ocrx_word' id='word_1_264' title='bbox 1005 2344 1206 2390; x_wconf 81' lang='lat' dir='ltr'><strong>imperitare</strong></span> <span class='ocrx_word' id='word_1_265' title='bbox 1222 2343 1351 2390; x_wconf 73' lang='lat' dir='ltr'><strong>coepit.</strong></span> 
     </span>
     <span class='ocr_line' id='line_1_35' title="bbox 302 2385 1715 2436; baseline 0.003 -16"><span class='ocrx_word' id='word_1_266' title='bbox 302 2385 456 2433; x_wconf 85' lang='lat' dir='ltr'><strong>Cecrops</strong></span> <span class='ocrx_word' id='word_1_267' title='bbox 478 2389 654 2431; x_wconf 86' lang='lat' dir='ltr'><strong>Athenas,</strong></span> <span class='ocrx_word' id='word_1_268' title='bbox 679 2402 768 2436; x_wconf 89' lang='lat' dir='ltr'><strong>quas</strong></span> <span class='ocrx_word' id='word_1_269' title='bbox 798 2395 833 2426; x_wconf 89' lang='lat' dir='ltr'><strong>et</strong></span> <span class='ocrx_word' id='word_1_270' title='bbox 851 2391 987 2427; x_wconf 86' lang='lat' dir='ltr'><strong>Diadas</strong></span> <span class='ocrx_word' id='word_1_271' title='bbox 1009 2397 1158 2434; x_wconf 80' lang='lat' dir='ltr'><strong>vocant,</strong></span> <span class='ocrx_word' id='word_1_272' title='bbox 1182 2392 1218 2426; x_wconf 85' lang='lat' dir='ltr'><strong>in</strong></span> <span class='ocrx_word' id='word_1_273' title='bbox 1240 2392 1387 2426; x_wconf 86' lang='lat' dir='ltr'><strong>Euboea</strong></span> <span class='ocrx_word' id='word_1_274' title='bbox 1416 2389 1600 2433; x_wconf 79' lang='lat' dir='ltr'><strong>fundavit3</strong></span> <span class='ocrx_word' id='word_1_275' title='bbox 1623 2389 1715 2425; x_wconf 83' lang='lat' dir='ltr'><strong>hanc</strong></span> 
     </span>
     <span class='ocr_line' id='line_1_36' title="bbox 208 2432 1455 2486; baseline 0.004 -19"><span class='ocrx_word' id='word_1_276' title='bbox 208 2432 328 2468; x_wconf 83' lang='lat' dir='ltr'><strong>urbem</strong></span> <span class='ocrx_word' id='word_1_277' title='bbox 345 2434 494 2468; x_wconf 83' lang='lat' dir='ltr'><strong>Euboici</strong></span> <span class='ocrx_word' id='word_1_278' title='bbox 513 2436 754 2472; x_wconf 82' lang='lat' dir='ltr'><strong>Orchomenon</strong></span> <span class='ocrx_word' id='word_1_279' title='bbox 775 2439 925 2483; x_wconf 85' lang='lat' dir='ltr'><strong>posteris</strong></span> <span class='ocrx_word' id='word_1_280' title='bbox 943 2439 1157 2486; x_wconf 84' lang='lat' dir='ltr'><strong>temporibus</strong></span> <span class='ocrx_word' id='word_1_281' title='bbox 1177 2439 1455 2485; x_wconf 82' lang='lat' dir='ltr'><strong>appellaverunt.</strong></span> 
     </span>
     <span class='ocr_line' id='line_1_37' title="bbox 243 2479 1716 2531; baseline 0.004 -19"><span class='ocrx_word' id='word_1_282' title='bbox 243 2479 382 2515; x_wconf 62' lang='lat' dir='ltr'><strong>,Hellen</strong></span> <span class='ocrx_word' id='word_1_283' title='bbox 397 2480 622 2529; x_wconf 82' lang='lat' dir='ltr'><strong>Deucalionis</strong></span> <span class='ocrx_word' id='word_1_284' title='bbox 643 2483 737 2519; x_wconf 90' lang='lat' dir='ltr'><strong>filius</strong></span> <span class='ocrx_word' id='word_1_285' title='bbox 757 2487 1036 2531; x_wconf 83' lang='lat' dir='ltr'><strong>agnoscebatur;</strong></span> <span class='ocrx_word' id='word_1_286' title='bbox 1060 2487 1104 2522; x_wconf 80' lang='lat' dir='ltr'><strong>ab</strong></span> <span class='ocrx_word' id='word_1_287' title='bbox 1123 2498 1164 2522; x_wconf 89' lang='lat' dir='ltr'><strong>eo</strong></span> <span class='ocrx_word' id='word_1_288' title='bbox 1182 2486 1349 2522; x_wconf 86' lang='lat' dir='ltr'><strong>Hellenes</strong></span> <span class='ocrx_word' id='word_1_289' title='bbox 1364 2484 1495 2521; x_wconf 82' lang='lat' dir='ltr'><strong>Graeci</strong></span> <span class='ocrx_word' id='word_1_290' title='bbox 1520 2483 1716 2531; x_wconf 76' lang='lat' dir='ltr'><strong>nuncupati</strong></span> 
     </span>
     <span class='ocr_line' id='line_1_38' title="bbox 206 2530 585 2561; baseline 0.003 0"><span class='ocrx_word' id='word_1_291' title='bbox 206 2530 300 2561; x_wconf 84' lang='lat' dir='ltr'><strong>sunt.</strong></span> <span class='ocrx_word' id='word_1_292' title='bbox 582 2553 585 2555; x_wconf 61' lang='lat'><strong><em>—</em></strong></span> 
     </span>
     <span class='ocr_line' id='line_1_39' title="bbox 300 2573 1715 2626; baseline 0.001 -17"><span class='ocrx_word' id='word_1_293' title='bbox 300 2573 432 2610; x_wconf 85' lang='lat' dir='ltr'><strong>Vitium</strong></span> <span class='ocrx_word' id='word_1_294' title='bbox 447 2574 676 2612; x_wconf 86' lang='lat' dir='ltr'><strong>&#39;colendarum</strong></span> <span class='ocrx_word' id='word_1_295' title='bbox 707 2578 884 2615; x_wconf 83' lang='lat' dir='ltr'><strong>industria</strong></span> <span class='ocrx_word' id='word_1_296' title='bbox 909 2593 930 2616; x_wconf 86' lang='lat' dir='ltr'><strong>a</strong></span> <span class='ocrx_word' id='word_1_297' title='bbox 945 2581 1111 2625; x_wconf 90' lang='lat' dir='ltr'><strong>Baccho,</strong></span> <span class='ocrx_word' id='word_1_298' title='bbox 1135 2592 1205 2616; x_wconf 87' lang='lat' dir='ltr'><strong>non</strong></span> <span class='ocrx_word' id='word_1_299' title='bbox 1217 2592 1258 2616; x_wconf 88' lang='lat' dir='ltr'><strong>eo</strong></span> <span class='ocrx_word' id='word_1_300' title='bbox 1290 2584 1405 2616; x_wconf 81' lang='lat' dir='ltr'><strong>tamen</strong></span> <span class='ocrx_word' id='word_1_301' title='bbox 1430 2578 1492 2626; x_wconf 91' lang='lat' dir='ltr'><strong>qui</strong></span> <span class='ocrx_word' id='word_1_302' title='bbox 1519 2577 1625 2624; x_wconf 87' lang='lat' dir='ltr'><strong>vulgo</strong></span> <span class='ocrx_word' id='word_1_303' title='bbox 1645 2576 1715 2612; x_wconf 82' lang='lat' dir='ltr'><strong>Se-</strong></span> 
     </span>
     <span class='ocr_line' id='line_1_40' title="bbox 205 2620 1532 2671; baseline 0.009 -16"><span class='ocrx_word' id='word_1_304' title='bbox 205 2620 311 2657; x_wconf 85' lang='lat' dir='ltr'><strong>meles</strong></span> <span class='ocrx_word' id='word_1_305' title='bbox 330 2621 423 2657; x_wconf 87' lang='lat' dir='ltr'><strong>filius</strong></span> <span class='ocrx_word' id='word_1_306' title='bbox 441 2623 609 2669; x_wconf 86' lang='lat' dir='ltr'><strong>habetur,</strong></span> <span class='ocrx_word' id='word_1_307' title='bbox 634 2631 776 2671; x_wconf 81' lang='lat' dir='ltr'><strong>reperta</strong></span> <span class='ocrx_word' id='word_1_308' title='bbox 796 2631 862 2661; x_wconf 83' lang='lat' dir='ltr'><strong>est.</strong></span> <span class='ocrx_word' id='word_1_309' title='bbox 1530 2629 1532 2631; x_wconf 55' lang='grc'><strong><em>’</em></strong></span> 
     </span>
    </p>

    <p class='ocr_par' dir='ltr' id='par_1_16' title="bbox 299 2669 1555 2718">
     <span class='ocr_line' id='line_1_41' title="bbox 299 2669 1555 2718; baseline 0.007 -15"><span class='ocrx_word' id='word_1_310' title='bbox 299 2669 488 2715; x_wconf 86' lang='lat' dir='ltr'><strong>Areopago</strong></span> <span class='ocrx_word' id='word_1_311' title='bbox 507 2682 630 2706; x_wconf 87' lang='lat' dir='ltr'><strong>nomen</strong></span> <span class='ocrx_word' id='word_1_312' title='bbox 646 2672 843 2718; x_wconf 82' lang='lat' dir='ltr'><strong>impositum</strong></span> <span class='ocrx_word' id='word_1_313' title='bbox 864 2677 900 2708; x_wconf 83' lang='lat' dir='ltr'><strong>et</strong></span> <span class='ocrx_word' id='word_1_314' title='bbox 917 2673 1040 2709; x_wconf 87' lang='lat' dir='ltr'><strong>iudicii</strong></span> <span class='ocrx_word' id='word_1_315' title='bbox 1058 2674 1210 2711; x_wconf 80' lang='lat' dir='ltr'><strong>tribunal</strong></span> <span class='ocrx_word' id='word_1_316' title='bbox 1229 2673 1265 2708; x_wconf 81' lang='lat' dir='ltr'><strong>in</strong></span> <span class='ocrx_word' id='word_1_317' title='bbox 1285 2686 1326 2709; x_wconf 83' lang='lat' dir='ltr'><strong>eo</strong></span> <span class='ocrx_word' id='word_1_318' title='bbox 1345 2674 1555 2708; x_wconf 67' lang='lat' dir='ltr'><strong>institutlim-</strong></span> 
     </span>
    </p>

    <p class='ocr_par' dir='ltr' id='par_1_17' title="bbox 202 2717 1714 2907">
     <span class='ocr_line' id='line_1_42' title="bbox 298 2717 1714 2767; baseline 0.002 -17"><span class='ocrx_word' id='word_1_319' title='bbox 298 2721 396 2751; x_wconf 91' lang='lat' dir='ltr'><strong>Anno</strong></span> <span class='ocrx_word' id='word_1_320' title='bbox 422 2717 577 2752; x_wconf 88' lang='lat' dir='ltr'><strong>biformis</strong></span> <span class='ocrx_word' id='word_1_321' title='bbox 592 2718 761 2765; x_wconf 78' lang='lat' dir='ltr'><strong>Cecropis</strong></span> <span class='ocrx_word' id='word_1_322' title='bbox 780 2719 876 2765; x_wconf 81' lang='lat' dir='ltr'><strong>regis</strong></span> <span class='ocrx_word' id='word_1_323' title='bbox 893 2722 1151 2757; x_wconf 82' lang='lat' dir='ltr'><strong>Atheniensium</strong></span> <span class='ocrx_word' id='word_1_324' title='bbox 1172 2720 1275 2767; x_wconf 85' lang='lat' dir='ltr'><strong>primi</strong></span> <span class='ocrx_word' id='word_1_325' title='bbox 1295 2722 1415 2767; x_wconf 84' lang='lat' dir='ltr'><strong>quinto</strong></span> <span class='ocrx_word' id='word_1_326' title='bbox 1437 2731 1544 2766; x_wconf 84' lang='lat' dir='ltr'><strong>supra</strong></span> <span class='ocrx_word' id='word_1_327' title='bbox 1561 2717 1714 2766; x_wconf 82' lang='lat' dir='ltr'><strong>quadra-</strong></span> 
     </span>
     <span class='ocr_line' id='line_1_43' title="bbox 204 2762 1713 2814; baseline 0.002 -17"><span class='ocrx_word' id='word_1_328' title='bbox 204 2762 370 2807; x_wconf 84' lang='lat' dir='ltr'><strong>gesimum</strong></span> <span class='ocrx_word' id='word_1_329' title='bbox 389 2763 532 2799; x_wconf 63' lang='lat' dir='ltr'><strong>Israelis</strong></span> <span class='ocrx_word' id='word_1_330' title='bbox 552 2777 597 2799; x_wconf 85' lang='lat' dir='ltr'><strong>ex</strong></span> <span class='ocrx_word' id='word_1_331' title='bbox 615 2766 778 2812; x_wconf 78' lang='lat' dir='ltr'><strong>Aegypto</strong></span> <span class='ocrx_word' id='word_1_332' title='bbox 790 2792 800 2809; x_wconf 84' lang='lat'>,</span> <span class='ocrx_word' id='word_1_333' title='bbox 827 2767 929 2801; x_wconf 85' lang='lat' dir='ltr'><strong>Mose</strong></span> <span class='ocrx_word' id='word_1_334' title='bbox 950 2768 1059 2810; x_wconf 83' lang='lat' dir='ltr'><strong>duce,</strong></span> <span class='ocrx_word' id='word_1_335' title='bbox 1087 2767 1337 2814; x_wconf 82' lang='lat' dir='ltr'><strong>prosectionem</strong></span> <span class='ocrx_word' id='word_1_336' title='bbox 1360 2767 1521 2814; x_wconf 80' lang='lat' dir='ltr'><strong>stupidus</strong></span> <span class='ocrx_word' id='word_1_337' title='bbox 1538 2765 1713 2812; x_wconf 79' lang='lat' dir='ltr'><strong>Pamphili</strong></span> 
     </span>
     <span class='ocr_line' id='line_1_44' title="bbox 203 2809 1713 2859; baseline 0.003 -15"><span class='ocrx_word' id='word_1_338' title='bbox 203 2809 380 2845; x_wconf 81' lang='lat' dir='ltr'><strong>Eusebius</strong></span> <span class='ocrx_word' id='word_1_339' title='bbox 407 2812 589 2857; x_wconf 80' lang='lat' dir='ltr'><strong>assignat;</strong></span> <span class='ocrx_word' id='word_1_340' title='bbox 615 2812 804 2859; x_wconf 83' lang='lat' dir='ltr'><strong>eademque</strong></span> <span class='ocrx_word' id='word_1_341' title='bbox 830 2814 1124 2850; x_wconf 84' lang='lat' dir='ltr'><strong>hallucinantibus</strong></span> <span class='ocrx_word' id='word_1_342' title='bbox 1144 2817 1219 2850; x_wconf 84' lang='lat' dir='ltr'><strong>eius</strong></span> <span class='ocrx_word' id='word_1_343' title='bbox 1241 2815 1386 2850; x_wconf 83' lang='lat' dir='ltr'><strong>calculis</strong></span> <span class='ocrx_word' id='word_1_344' title='bbox 1405 2825 1494 2849; x_wconf 85' lang='lat' dir='ltr'><strong>anno</strong></span> <span class='ocrx_word' id='word_1_345' title='bbox 1515 2814 1559 2849; x_wconf 86' lang='lat' dir='ltr'><strong>ab</strong></span> <span class='ocrx_word' id='word_1_346' title='bbox 1580 2814 1713 2849; x_wconf 86' lang='lat' dir='ltr'><strong>Adamo</strong></span> 
     </span>
     <span class='ocr_line' id='line_1_45' title="bbox 202 2858 1207 2907; baseline 0.005 -16"><span class='ocrx_word' id='word_1_347' title='bbox 202 2863 322 2893; x_wconf 85' lang='lat' dir='ltr'><strong>creato</strong></span> <span class='ocrx_word' id='word_1_348' title='bbox 340 2860 433 2895; x_wconf 84' lang='lat'><strong>3989</strong></span> <span class='ocrx_word' id='word_1_349' title='bbox 446 2884 456 2901; x_wconf 88' lang='lat'>‚</span> <span class='ocrx_word' id='word_1_350' title='bbox 484 2858 559 2901; x_wconf 79' lang='lat' dir='ltr'><strong>Aod</strong></span> <span class='ocrx_word' id='word_1_351' title='bbox 578 2864 692 2894; x_wconf 84' lang='lat' dir='ltr'><strong>autem</strong></span> <span class='ocrx_word' id='word_1_352' title='bbox 712 2862 778 2902; x_wconf 75' lang='lat'><strong>22,</strong></span> <span class='ocrx_word' id='word_1_353' title='bbox 804 2861 1007 2907; x_wconf 85' lang='lat' dir='ltr'><strong>contingere</strong></span> <span class='ocrx_word' id='word_1_354' title='bbox 1025 2862 1207 2897; x_wconf 84' lang='lat' dir='ltr'><strong>debuerat.</strong></span> 
     </span>
    </p>

    <p class='ocr_par' dir='ltr' id='par_1_18' title="bbox 201 2904 1713 3004">
     <span class='ocr_line' id='line_1_46' title="bbox 295 2904 1713 2955; baseline 0.001 -16"><span class='ocrx_word' id='word_1_355' title='bbox 295 2904 482 2941; x_wconf 84' lang='lat' dir='ltr'><strong>Herculem</strong></span> <span class='ocrx_word' id='word_1_356' title='bbox 511 2911 739 2952; x_wconf 83' lang='lat' dir='ltr'><strong>cognomento</strong></span> <span class='ocrx_word' id='word_1_357' title='bbox 759 2907 900 2943; x_wconf 87' lang='lat' dir='ltr'><strong>Dibdan</strong></span> <span class='ocrx_word' id='word_1_358' title='bbox 922 2909 960 2943; x_wconf 88' lang='lat' dir='ltr'><strong>in</strong></span> <span class='ocrx_word' id='word_1_359' title='bbox 981 2909 1173 2946; x_wconf 85' lang='lat' dir='ltr'><strong>Phoenicia</strong></span> <span class='ocrx_word' id='word_1_360' title='bbox 1199 2908 1362 2944; x_wconf 85' lang='lat' dir='ltr'><strong>floruisse</strong></span> <span class='ocrx_word' id='word_1_361' title='bbox 1381 2907 1521 2955; x_wconf 79' lang='lat' dir='ltr'><strong>quidam</strong></span> <span class='ocrx_word' id='word_1_362' title='bbox 1544 2907 1713 2948; x_wconf 81' lang='lat' dir='ltr'><strong>referunt,</strong></span> 
     </span>
     <span class='ocr_line' id='line_1_47' title="bbox 201 2952 1712 3004; baseline 0.002 -19"><span class='ocrx_word' id='word_1_363' title='bbox 201 2961 311 2998; x_wconf 85' lang='lat' dir='ltr'><strong>eoque</strong></span> <span class='ocrx_word' id='word_1_364' title='bbox 328 2952 464 2988; x_wconf 84' lang='lat' dir='ltr'><strong>nomine</strong></span> <span class='ocrx_word' id='word_1_365' title='bbox 482 2952 528 2989; x_wconf 82' lang='lat' dir='ltr'><strong>ad</strong></span> <span class='ocrx_word' id='word_1_366' title='bbox 547 2953 640 2990; x_wconf 84' lang='lat' dir='ltr'><strong>hunc</strong></span> <span class='ocrx_word' id='word_1_367' title='bbox 666 2955 779 3003; x_wconf 85' lang='lat' dir='ltr'><strong>usque</strong></span> <span class='ocrx_word' id='word_1_368' title='bbox 805 2955 895 2991; x_wconf 90' lang='lat' dir='ltr'><strong>diem</strong></span> <span class='ocrx_word' id='word_1_369' title='bbox 919 2967 941 2992; x_wconf 83' lang='lat' dir='ltr'><strong>a</strong></span> <span class='ocrx_word' id='word_1_370' title='bbox 961 2956 1232 3004; x_wconf 82' lang='lat' dir='ltr'><strong>Cappadocibus</strong></span> <span class='ocrx_word' id='word_1_371' title='bbox 1254 2961 1291 2992; x_wconf 81' lang='lat' dir='ltr'><strong>et</strong></span> <span class='ocrx_word' id='word_1_372' title='bbox 1307 2956 1510 2992; x_wconf 82' lang='lat' dir='ltr'><strong>Eliensibus</strong></span> <span class='ocrx_word' id='word_1_373' title='bbox 1529 2954 1712 2991; x_wconf 73' lang='lat' dir='ltr'><strong>celebrari.</strong></span> 
     </span>
    </p>
   </div>
  </div>
 </body>
</html>
