1800 3236
236 200 340 250 228
700 205 952 281 GanGII
981 204 1267 253 SYNCELLI

237 318 378 379 μητὴρ
409 316 552 376 Φαρία
596 322 923 377 προσαγαγοῦσα
950 322 1012 378 τῷ
1044 317 1212 377 Φαραῷ
1243 316 1317 363 τὸν
1353 318 1419 362 ἐπὶ
1447 321 1527 375 τῆς
1553 320 1738 377 κεφαλῆς

242 391 373 437 αὐτοῦ
391 389 604 448 νστέφανον
634 389 850 442 βασιλικὸν
881 388 1046 447 ἀφελὼν
1070 388 1289 447 περιέθηκε
1313 392 1372 448 τῷ
1393 390 1565 447 Μωῢσῇ
1585 387 1741 445 νηπιά-

243 463 376 516 ζοντι·
413 463 566 505 τοῦτον
595 460 640 503 δὲ
671 458 859 518 ῥίψαντα
888 462 1182 515 καταπατῆσαι
1206 458 1335 503 αὐτὸν
1355 457 1488 516 λόγος.
1526 457 1580 501 τὰ
1596 458 1741 513 μέντοι

205 537 332 579 Βτῶν
357 529 563 590 Ἑβραίων
586 526 755 588 ἄρρενα,
793 530 921 588 φησὶν
934 525 1183 585 Ἰὥσηππος,
1222 528 1489 588 ἀναιρεῖσθαι
1513 528 1741 586 προσέταξε

246 592 437 662 Φαραὼ,
474 602 610 644 δεινοῦ
647 616 761 651 τινος
781 597 988 658 Ἑβραίων
1029 599 1391 658 ἱερογραμματέως
1420 597 1653 659 πρόρρησιν
1679 600 1771 645 ‹si-5

244 671 400 724 πόντος
427 668 637 724 ἀκούσας,
673 669 737 713 ὅτι
771 667 1022 728 γεννώμενον
1043 671 1210 713 παιδίον
1240 669 1319 726 τὴν
1336 670 1583 727 Αἰγυπτίων
1611 668 1744 727 ἀρχὴν

247 739 483 792 καταλύσει.
506 738 679 797 τοιαύτη
701 757 764 791 τις
784 741 828 783 ἐκ
846 739 1033 799 βρέφους
1051 744 1111 800 τῷ
1133 742 1306 798 Μωϋσῇ
1324 741 1424 783 θεία
1437 737 1561 797 χάρις
1581 743 1744 797 προσῆ-

247 831 350 859 πται
374 813 444 857 καὶ
472 808 648 867 δύναμις
667 812 736 854 καὶ
757 811 799 854 ἓν
815 817 904 861 τοῖς
924 810 1170 868 Αἰγυπτίων
1193 810 1419 866 βασιλείοις
1439 810 1605 861 ἐξουσία
1613 842 1627 863 ,
1667 809 1745 860 ἕως

245 888 323 929 τοῦ
349 880 505 942 χρόνου
533 885 611 937 τῆς
643 883 750 938 ζωῆς
783 881 948 938 Φαρίης
978 882 1047 924 καὶ
1069 877 1274 936 Ἀμώσιος
1309 883 1496 939 Φαραῶ,
1534 883 1611 923 τοῦ
1636 879 1744 922 κατὰ

247 953 365 1005 τινὰς
393 953 470 1009 μὲν
497 951 681 1009 πατρὸς,
720 950 827 995 καθ’
855 951 1021 1009 ἓτέρους
1051 951 1096 995 δὲ
1122 950 1306 1009 ἀδελφοῦ
1333 950 1477 1007 αὐτῆς.
1515 947 1643 1008 ἄμφω
1664 949 1743 1008 γὰρ
1759 961 1800 997 10

247 1025 404 1075 παῖδας
452 1021 692 1078 αὐξηθῆναι
728 1019 954 1078 βούλονται
989 1025 1065 1065 τοῦ
1094 1020 1173 1078 πρὸ
1200 1018 1429 1076 Ἀμώσιος,
1469 1019 1540 1078 ἐφ’
1580 1014 1630 1064 οὗ
1677 1021 1747 1063 καὶ

249 1092 445 1141 Μωῦσὲα
478 1096 731 1150 γεννηθῆναι
762 1095 1044 1149 βεβαιοῦνται.
1083 1090 1181 1134 ἀλλ’
1215 1089 1314 1147 ἡμῖν
1345 1092 1411 1135 ἐπὶ
1430 1087 1637 1146 Ἀμώσιος
1656 1091 1747 1134 ἔπι-

213 1162 486 1222 Ολελόγισται
515 1161 586 1219 ἴτη
614 1159 691 1206 δύο
714 1162 844 1206 αὐτοῦ
869 1161 1152 1217 κατάἿναχον
1176 1165 1345 1219 πρῶτον
1359 1160 1538 1220 Ἄργους
1554 1160 1746 1214 βασιλέα,

247 1235 356 1280 καθ’
393 1232 441 1278 ὃν
466 1234 536 1277 καὶ
564 1230 717 1284 πάντες
748 1233 792 1276 οἵ
817 1249 862 1276 τε
895 1233 939 1276 ἐκ
958 1235 1184 1290 περιτομῆς
1207 1232 1250 1275 οἵ
1264 1249 1309 1275 τε
1331 1232 1374 1275 ἐκ
1390 1229 1565 1290 χάριτος
1588 1231 1747 1289 ἱστορι-

248 1307 328 1359 κοὶ,
366 1301 602 1360 Ἰώσηππος
635 1305 702 1347 καὶ
716 1302 916 1356 Ἰοῦστος,
951 1299 1173 1359 Κλήμηςδ
1196 1300 1305 1360 ἱερὸς
1325 1301 1610 1360 στρωματεῦς,
1653 1305 1746 1344 Τα-
1759 1311 1800 1348 15

247 1371 391 1426 τιανός
409 1391 452 1418 τε
482 1375 550 1418 καὶ
571 1372 819 1432 Ἀφρικανὸς
838 1375 1164 1429 συνομολογοῦσι
1183 1372 1292 1416 κατὰ
1312 1371 1477 1429 Ἴναχον
1495 1375 1750 1430 γεννηθῆναι

253 1444 445 1490 Μωῢσέα
475 1446 543 1487 καὶ
574 1444 683 1487 κατὰ
719 1443 920 1502 Φορωνέα
951 1443 1025 1488 τὸν
1048 1439 1210 1498 Ἰνάχου
1245 1444 1377 1486 παῖδα
1403 1444 1473 1486 καὶ
1489 1440 1655 1498 Νιόβης
1672 1440 1750 1485 ἅκ-

114 1521 161 1558 V.
182 1520 234 1559 97
256 1521 407 1573 μαῖον,
451 1513 559 1559 κατὰ
587 1512 741 1558 ’Ἀπιδα
770 1514 815 1557 δὲ
847 1517 924 1570 τῆς
957 1513 1000 1565 ἐξ
1031 1510 1251 1570 Αἰγύπτου
1284 1513 1454 1570 πορείας
1480 1516 1555 1556 τοῦ
1579 1511 1750 1571 Ἰσραὴλ

251 1583 497 1643 ἡγήσασθαι
509 1616 523 1639 ,
560 1583 638 1634 τὰς
661 1583 889 1635 ἀποδείξεις
909 1584 977 1627 καὶ
1000 1583 1044 1626 ἐκ
1065 1586 1151 1626 τῶν
1175 1581 1282 1640 παρ’
1297 1581 1469 1640 Ἕλλησι
1488 1583 1749 1638 δοκουμένων

251 1652 506 1712 ὓποσχόντες
526 1653 759 1713 ἱστορικῶν,
784 1651 846 1705 οἷς
862 1650 991 1709 μόνος
1009 1650 1031 1698 ὃ
1052 1652 1294 1711 Καισαρεὺς
1305 1653 1508 1709 Εὐσέβιος
1527 1654 1596 1697 καὶ
1614 1650 1749 1713 ἑαυτῷ
1759 1660 1800 1697 20

348 1768 384 1804 1.
406 1762 649 1812 προσάγουσα
673 1766 723 1801 G.
825 1767 862 1804 2.
885 1766 1004 1811 μωσεῖ
1022 1763 1068 1800 Β.
1162 1762 1346 1811 §algam
1364 1764 1414 1800 G.
1514 1765 1550 1802 5.
1577 1765 1688 1802 διυοῦ
1705 1764 1749 1799 Β.

419 1811 593 1858 εἰπόντος
616 1825 682 1849 om.
708 1813 757 1848 G.
874 1815 910 1850 6.
936 1810 1158 1860 γεννόμενον
1178 1813 1221 1848 Β.
1340 1813 1376 1851 7.
1405 1811 1596 1860 καταλύρῃ
1614 1813 1655 1847 Β.

344 1863 468 1908 μωσεῒ
488 1861 532 1895 Β.
631 1857 826 1906 προσῆπτε
842 1860 886 1895 Β.
989 1862 1044 1896 10.
1070 1857 1261 1906 ἀδελφοΰς
1280 1860 1323 1896 Α.
1425 1862 1484 1896 11.
1507 1861 1651 1906 παῖδας
1672 1860 1749 1895 Bm.

345 1908 481 1948 παῖδες
503 1907 553 1942 G.
669 1908 726 1944 13.
752 1906 815 1952 ἔτη
833 1904 918 1954 δύο]
943 1904 1017 1943 ἔτει
1039 1906 1200 1954 δευτέρῳ
1219 1919 1263 1942 m.
1379 1903 1503 1944 αὐτοῦ
1521 1918 1586 1942 om.
1608 1908 1657 1941 G.

347 1957 406 1992 17.
437 1952 608 2002 Νιόβης]
632 1955 774 2001 νηοβῆς
793 1954 837 1989 Β.
933 1952 1120 2000 ἀκμαῖον]
1145 1954 1269 1999 ἄκμοὶς
1287 1955 1331 1989 Β.
1432 1955 1494 1992 20.
1523 1951 1753 2001 ὑποσχόντες

343 2013 535 2049 anonymus
550 2005 751 2049 comparata
772 2012 809 2049 p.
827 2002 875 2038 66
895 2012 927 2037 a.
959 2003 1161 2048 Legebatur
1179 1999 1396 2048 ὑποσχόντι.

254 2096 399 2133 matrem
428 2095 521 2131 illam
549 2095 734 2143 adoptione
768 2099 1024 2142 comparatam,
1049 2108 1126 2131 eum
1148 2095 1354 2143 quandoque
1381 2094 1427 2130 ad
1450 2094 1644 2131 Pharaonis
1666 2106 1752 2130 con-

255 2147 415 2190 spectum
446 2143 654 2186 adduxisse,
677 2143 941 2190 detractamque
968 2142 1061 2190 patri
1090 2145 1222 2189 regiam
1247 2155 1408 2179 coronam
1436 2143 1618 2178 ludibundi
1641 2142 1752 2177 Mosis

255 2191 366 2236 capiti
377 2190 454 2225 ioco
473 2190 694 2236 imposuisse,
717 2203 821 2237 quam
836 2191 982 2225 illumin
998 2195 1127 2226 terram
1143 2191 1313 2226 deiectam
1332 2190 1479 2236 pedibus
1498 2190 1653 2225 calcasse
1670 2201 1753 2224 nar-

254 2242 360 2279 rant3
384 2248 426 2272 ac
443 2243 631 2284 propterea
661 2238 864 2274 Iudaeorum
892 2238 1060 2273 masculos
1085 2238 1202 2273 necari
1230 2238 1445 2272 Pharaonem
1473 2236 1617 2272 iussisse
1642 2236 1753 2271 tradit

254 2283 447 2330 Iosephus,
473 2285 569 2330 quod
596 2285 723 2320 eruditi
759 2285 939 2321 cuiusdam
961 2284 1200 2320 Hebraeorum
1227 2284 1320 2319 sacri
1358 2284 1512 2319 doctoris
1536 2283 1753 2326 vaticinium,

255 2342 326 2377 quo
350 2343 372 2365 a
398 2342 506 2377 puero
531 2331 601 2366 iam
621 2337 704 2366 nato
725 2332 973 2379 Aegyptiorum
1001 2332 1181 2378 imperium
1204 2331 1453 2367 devastandum
1475 2331 1752 2378 praediceretur,

254 2377 460 2414 audivisset.
507 2378 608 2414 Talis
633 2391 654 2414 a
679 2390 788 2426 puero
817 2380 910 2414 Mosi
942 2379 1060 2414 divina
1089 2379 1225 2425 gratia,
1249 2379 1363 2418 virtus
1389 2383 1426 2414 et
1448 2378 1486 2413 in
1500 2379 1754 2424 Aegyptiorum

254 2435 296 2460 re
322 2424 389 2459 'am
399 2428 579 2471 potestas,
603 2429 677 2461 toto
693 2426 790 2461 vitae
807 2426 958 2461 Phariae
980 2430 1017 2461 et
1034 2426 1191 2462 Amosios
1210 2425 1413 2468 Pharaonis,
1437 2426 1534 2468 eius,
1558 2431 1597 2459 ut
1614 2424 1754 2470 quidam

255 2481 302 2506 vo
319 2474 401 2513 unt,
428 2471 537 2518 patris
551 2497 562 2514 ,
588 2476 627 2507 ut
655 2472 715 2507 alii
734 2473 854 2508 fratris
882 2473 1033 2509 eiusdem
1053 2472 1167 2519 spatio
1183 2473 1299 2508 fuerat
1318 2484 1505 2516 concessa3
1529 2472 1645 2507 ambos
1663 2471 1755 2506 enim

257 2517 408 2563 (Aseth)
437 2518 512 2553 eius
543 2518 602 2565 qui
620 2519 770 2555 Amosim
802 2521 894 2556 hunc
913 2521 1128 2567 praecessit,
1152 2520 1218 2555 sub
1235 2531 1302 2566 quo
1327 2520 1451 2555 Mosen
1471 2522 1627 2555 nostrum
1644 2518 1755 2553 lucem

256 2563 462 2611 adspexisse
485 2576 588 2608 reor,
614 2565 741 2601 liberos
773 2578 813 2601 ac
839 2568 938 2602 simul
972 2568 1139 2603 educatos
1167 2567 1299 2602 volunt.
1347 2567 1477 2601 Verum
1503 2564 1637 2602 Amosis
1664 2576 1753 2600 anuo

258 2612 433 2653 secundo,
457 2611 586 2647 Inacho
603 2613 744 2658 Argivis
761 2613 976 2659 imperante,
1000 2615 1118 2650 cuncti
1146 2618 1218 2649 tum
1240 2625 1284 2649 ex
1302 2612 1595 2654 circumcisionis,
1619 2616 1691 2647 tum
1708 2623 1755 2647 ex

258 2658 398 2705 gratiae
427 2658 506 2704 lege
532 2659 704 2694 Historici
730 2660 898 2706 Iosephus
922 2667 959 2696 et
984 2662 1124 2704 Iustus,
1149 2661 1309 2696 Clemens
1346 2672 1446 2696 sacer
1470 2661 1671 2694 Stromaton
1698 2658 1755 2693 in-

255 2710 402 2748 ventor,
425 2705 597 2740 Tatianus
623 2709 659 2741 et
688 2707 870 2742 Africanus
896 2708 1019 2743 Mosen
1044 2709 1155 2744 lucem
1185 2708 1327 2753 primam
1356 2706 1561 2753 adspexisse
1586 2717 1654 2741 uno
1669 2717 1754 2740 con-

257 2764 363 2788 sensu
390 2755 565 2788 testantur
589 2756 627 2788 et
656 2752 824 2800 deinceps
853 2754 1030 2790 Phoronei
1048 2755 1168 2790 Inachi
1186 2755 1390 2801 Niobesque
1409 2753 1473 2789 filii
1493 2758 1648 2800 tempore
1665 2752 1753 2788 viris

257 2799 520 2835 adnumeratum
545 2804 582 2835 et
599 2799 687 2846 Apis
706 2801 844 2836 tandem
871 2806 989 2837 aetate
1019 2802 1271 2848 profectionem
1295 2812 1337 2836 ex
1359 2802 1523 2847 Aegypto
1544 2798 1754 2846 suscepisse,

255 2845 324 2881 iam
347 2850 446 2882 certa
477 2851 667 2894 temporum
691 2847 827 2882 ratione
853 2848 1121 2891 declaravimus3
1146 2853 1183 2883 et
1217 2848 1255 2883 in
1285 2849 1376 2883 hunc
1401 2849 1505 2883 finem
1536 2847 1756 2893 sagaciorum

256 2893 353 2938 apud
392 2894 552 2929 Graecos
594 2894 846 2930 Historicorum
869 2895 1183 2940 demonstrationes
1218 2894 1468 2941 praemisimus.
1525 2894 1653 2929 Verum
1684 2904 1753 2928 non

254 2949 422 2977 annorum
445 2940 546 2978 modo
563 2940 728 2986 cal-culis,
753 2941 815 2979 sed
842 2944 879 2977 et
904 2942 971 2978 sibi
987 2942 1060 2991 ipsi
1076 2942 1319 2979 Caesariensis
1336 2942 1514 2979 Eusebius
1529 2941 1753 2983 adversatus,
