1754 3236
558 232 1100 288 'CHRONOGRAPH1A.
1502 264 1505 267 ·
1529 232 1596 284 69

522 353 607 397 ΕΚ
641 353 771 397 ΤΩΝ
804 353 1194 397 ΑΒΥΔΙΉἻΟΥ.’

397 439 516 498 Περὶ
543 442 625 498 τῆς
651 440 746 485 τῶν
773 439 1017 485 Χαλδαίων
1045 438 1285 498 βασιλείας.

187 527 423 585 Χαλδαίων
449 527 528 583 μὲν
550 531 627 584 τῆς
655 527 809 586 σοφίης
834 527 927 586 πέρι
946 531 1136 572 τοσαῦτα
1162 527 1412 583 βασιλεῦσαι
1439 525 1486 569 δὲ
1514 529 1628 582 τῆςο

77 595 225 657 χώρας
239 603 409 656 πρῶτον
429 598 587 656 λέγεται
597 597 788 657 Ἄλωρον
797 632 812 654 ,
849 598 924 642 τὸν
956 599 1003 642 δὲ
1028 595 1134 656 ὖπέρ
1161 595 1322 642 ἑωυτοῦ
1342 593 1468 653 λόγον
1496 597 1592 640 δια-

45 670 232 714 wavra:
254 668 317 714 ὅτι
337 687 412 726 μιν
432 673 510 712 τοῦ
531 672 613 712 λεῶ
636 669 814 724 ποιμένα
836 666 859 712 ὅ
880 667 984 720 θεὸς
1001 667 1231 719 ἀποδείξαι.
1269 670 1518 723 βασιλεῦσαι
1543 667 1591 711 δὲ

80 738 240 798 σάρους
259 740 372 784 δέκα.
419 737 553 798 σάρος
571 740 620 783 δέ
638 740 750 783 ἔστιν
770 736 967 791 ἑξακόσια
989 740 1059 782 καὶ
1078 740 1285 797 τρισχίλια
1307 737 1399 782 ἔτεα
1409 770 1424 791 ,
1462 742 1590 795 νῆρος
1646 759 1649 761 ·

79 811 128 854 δὲ
159 808 379 865 ἑξακόσια,
412 815 579 861 σιῦσσος
607 811 654 853 δὲ
684 808 898 866 ἕξήκοιτα.
944 810 1052 865 μετὰ
1091 807 1138 853 δὲ
1170 813 1323 852 τοῦτον
1349 805 1591 866 Ἀλάπαρον

78 880 207 939 ἔρξαι
241 879 403 939 σάρους
434 887 568 939 τρεῖς,
603 880 712 936 μεθ’
748 879 797 925 ὃν
823 879 1076 937 Ἀμίλλαρος
1112 880 1158 923 ἐκ
1195 878 1355 929 πόλεως
1375 880 1588 934 Παντιβί-

76 955 199 1007 βλιος
235 952 478 1008 ἐβασίλευσε
506 949 666 1010 σάρους
696 948 762 1008 ιγ’.
799 951 874 1009 ἐφ’
913 944 963 994 οὗ
992 948 1186 1006 δεύτερον
1218 948 1483 1006 Ἀννήδωτον
1509 948 1588 1006 τὴν

21 1025 68 1062 10
79 1019 310 1066 θάλασσαν
339 1022 544 1066 ἀναδῦναι
573 1019 870 1079 παραπλήσιον
896 1019 1052 1080 Ὠᾶννῃ
1071 1020 1148 1079 τὴν
1169 1020 1284 1064 ἰδέαν
1312 1018 1584 1077 ἦμιὸαᾲιονα.

75 1092 183 1148 μεθ’
210 1091 259 1137 ὃν
270 1092 488 1148 Ἀμμένων
506 1093 551 1135 ἐκ
571 1093 876 1148 Παντιβίβλων
897 1087 995 1151 ἦρξε
1007 1088 1166 1149 σάρους
1185 1088 1254 1145 ιβ’.
1285 1090 1391 1147 μεθ’
1414 1089 1463 1134 ὃν
1482 1092 1624 1134 Ille-D

76 1161 264 1221 γάλαρος
283 1163 329 1206 ἔκ
350 1165 653 1218 Παντιβίβλων
682 1157 782 1221 ἦρξε
821 1160 980 1221 σάρους
999 1162 1281 1207 ὀκτωκαίδεκα
1294 1175 1306 1186 ·
1343 1159 1433 1205 εἶτα
1450 1160 1585 1212 Δαώς

75 1233 233 1290 ποιμὴν
257 1234 303 1278 ἐκ
323 1235 628 1289 Παντιβιζθλων
647 1233 889 1290 ἐβασίλευσε
924 1231 1083 1292 σάρους
1110 1233 1210 1276 δέκα
1222 1266 1237 1286 ,
1276 1231 1351 1291 ἐφ’
1378 1225 1430 1275 οὗ
1449 1228 1489 1276 δ’
1517 1233 1583 1276 ‹51-

76 1311 196 1362 φυεῖς
213 1309 290 1362 γῆν
311 1305 356 1348 ἐκ
377 1302 604 1361 θαλάσσης
627 1303 858 1359 ἀνέδυσαν,
897 1298 956 1350 ὧν
975 1304 1030 1348 τὰ
1060 1301 1250 1360 ὀνόματα
1280 1306 1438 1356 ταῦτα,
1474 1301 1583 1346 Εὐέ-

19 1380 65 1418 15
78 1376 236 1429 δωκος,
269 1373 546 1433 Ἐνεύγαμος,
577 1373 875 1431 Ἐπἐύβουλος,
907 1373 1167 1431 Ἀνῆμεντος.
1219 1374 1285 1417 ἐπὶ
1305 1374 1351 1417 δὲ
1379 1376 1457 1417 τοῦ
1472 1372 1583 1428 μετὰ

73 1449 212 1490 ταῦτα
229 1444 528 1505 Εὗεδωρέσχου
544 1443 803 1504 Ἀνιῦδαφος.
839 1445 948 1501 μεθ’
975 1444 1023 1490 ὃν
1042 1444 1163 1489 ἄλλοι
1189 1461 1233 1488 τε
1262 1439 1394 1500 ἧρξαν
1416 1444 1484 1486 καὶ
1506 1444 1579 1487 Σί-

73 1516 362 1575 σουθροςὲπὶ
385 1515 574 1571 τούτοις,
613 1514 671 1568 ὥς
704 1517 806 1568 τοῦς
831 1514 994 1567 πάντας
1022 1514 1124 1560 εἶναι
1143 1518 1332 1571 βασιλεῖς
1360 1514 1483 1570 δέκα,
1520 1506 1579 1556 ὧν

168 1605 204 1641 1.
226 1604 431 1652 Αβυδηνοῦ
446 1617 491 1640 m.
508 1607 783 1642 ΑΒΤΔῙΝΟΤ
795 1606 844 1640 G.
939 1604 975 1640 3.
996 1601 1082 1650 πέρι
1098 1601 1256 1648 Scaliger
1273 1613 1309 1648 p.
1321 1601 1356 1637 5.
1375 1599 1460 1646 περὶ
1479 1600 1528 1635 G.

166 1649 203 1687 4.
228 1653 371 1698 λέγεται
394 1652 570 1699 Scaliger.
591 1652 708 1699 λέγων
731 1655 774 1689 Α.
799 1651 895 1698 λέχει
918 1651 968 1687 G.
1073 1651 1108 1687 5.
1138 1663 1204 1695 μιν
1222 1650 1294 1687 τοῦ
1311 1650 1382 1685 λεῶ
1403 1647 1578 1694 Scaliger.

166 1696 245 1744 μὴν
270 1701 342 1736 τοῦ
363 1701 455 1742 λεῶς
474 1700 521 1733 G.
627 1703 661 1736 8.
692 1699 791 1746 μεθ’
808 1695 853 1736 ὃν
872 1697 1044 1744 Scaliger.
1066 1695 1159 1744 μεθ’
1180 1690 1235 1732 ὧν
1251 1697 1299 1731 G.
1402 1695 1580 1743 παυτιβί-

168 1747 275 1795 βλιος
298 1748 351 1788 A,
382 1746 526 1782 librario
555 1751 665 1782 semet
694 1747 915 1794 corrigente,
947 1757 1028 1780 cum
1055 1746 1155 1792 prius
1181 1743 1382 1790 scripsisset
1403 1742 1577 1790 παντιβί-
1612 1778 1622 1789 x

166 1795 283 1843 βλιος.
330 1795 372 1829 In
390 1794 530 1830 relicuis
548 1794 634 1829 locis
654 1795 784 1841 ubique
808 1795 914 1830 babet
929 1806 1033 1829 παυτ
1041 1813 1098 1828 --.
1128 1792 1384 1839 Παντιβίβλου
1402 1790 1576 1836 Scaliger.

237 1845 273 1879 9.
295 1840 520 1889 Ἀννήδοτον
539 1842 701 1887 Scaliger
720 1848 932 1877 constanter.
1031 1842 1088 1876 10.
1112 1837 1249 1886 ’.Ωάννη
1268 1838 1442 1884 Scaliger.
1473 1835 1577 1874 Ωάν-

167 1902 239 1948 3⁷¹⁷
266 1890 315 1924 G.
420 1893 478 1927 11.
502 1886 597 1935 μεθ’
628 1887 674 1926 ὃν
705 1890 876 1935 Scaliger.
913 1885 1009 1933 μεθ’
1033 1882 1089 1923 ὦν
1120 1888 1171 1923 G.
1226 1876 1234 1888 ⁴
1286 1882 1377 1930 ἦρξε
1401 1885 1576 1931 Scaliger.

165 1938 281 1982 ηρξαι
312 1938 361 1972 G.
466 1934 678 1983 μεγάλανος
700 1938 741 1972 Α.
784 1933 1014 1982 Μεγάλαρον
1036 1936 1085 1970 G.
1198 1935 1255 1972 12.
1292 1931 1379 1979 ἦρξε
1401 1933 1574 1978 Scaliger.

165 1983 277 2030 ἦρξαι
301 1985 350 2022 G.
455 1986 511 2022 13.
546 1986 698 2030 διφυεῖς
728 1985 902 2029 Scaliger.
946 1980 1083 2030 διφυὲς
1106 1982 1156 2017 G·
1261 1983 1315 2018 15.
1349 1977 1576 2028 Ἐνᾶβουλος

167 2032 340 2078 Scaliger.
427 2034 494 2069 16.
512 2029 757 2078 Ἀεδωρέσχου
775 2032 949 2077 Scaliger.
1038 2027 1257 2075 Ἀναῖὃοιφος
1271 2029 1444 2074 Scaliger.
1468 2025 1574 2069 'Avo3,

165 2077 304 2125 Δάφος
323 2079 372 2114 G·
467 2075 514 2117 ὃν
534 2080 706 2127 Scaliger.
740 2074 795 2117 ὦν
815 2080 864 2115 G.
889 2074 959 2123 οὓς
979 2090 1024 2115 ιιι.
1117 2075 1224 2116 ἄλλοι
1246 2077 1305 2123 τε]
1329 2073 1434 2114 ἄλλοι
1454 2074 1515 2112 τοὶ
1534 2072 1575 2112 τὲ

165 2128 209 2163 A.
240 2124 346 2165 ἄλλοι
364 2124 441 2166 δύο
455 2140 497 2165 τε
520 2139 721 2177 anonymus.
1099 2131 1102 2135 ’

578 2221 679 2265 ΕΧ
707 2219 1068 2266 ABYDENO.

457 2293 529 2334 De
568 2293 969 2334 Chaldaeorum
1007 2305 1188 2346 regno.

170 2372 221 2408 Et
231 2371 488 2409 Chaldaeorum
505 2373 642 2420 quidem
661 2371 836 2419 sapientia
853 2371 898 2407 ad
911 2371 1104 2407 huiusmodi
1117 2370 1249 2406 culmen
1269 2367 1464 2409 adscendit.
1496 2366 1571 2403 Re·

71 2421 169 2470 gioni
185 2432 269 2455 vero
287 2421 479 2467 imperasse
497 2420 644 2467 primum
663 2420 750 2455 dicit
763 2420 903 2454 Alorum
922 2419 1110 2466 populique
1129 2422 1306 2464 pastorem
1322 2428 1345 2451 a
1365 2416 1431 2451 deo
1455 2427 1494 2450 se
1511 2426 1571 2450 re-

69 2467 267 2506 runciatum
297 2469 424 2503 famam
452 2468 626 2513 sparsisse
660 2472 697 2503 et
724 2467 825 2501 Saris
856 2467 976 2501 decem
1010 2477 1190 2511 regnasse.
1245 2465 1356 2499 Sarus
1391 2474 1475 2498 vero
1501 2462 1569 2496 tri-

68 2517 135 2552 bus
156 2515 306 2550 millibus
328 2519 367 2549 et
386 2515 558 2550 sexcentis
576 2514 675 2548 annis
694 2514 918 2556 aestimatur,
943 2513 1061 2548 Nerus
1089 2511 1284 2554 sexcentis,
1307 2512 1438 2546 Sossus
1465 2520 1570 2544 sexa-

68 2565 182 2611 ginta.
227 2563 317 2597 Post
330 2563 421 2596 hunc
438 2562 628 2608 Alaparum
645 2560 746 2596 Satis
762 2561 877 2595 tribus
897 2572 1086 2605 regnasse,
1110 2559 1167 2594 cui
1195 2557 1367 2593 successit
1383 2556 1568 2592 Amillarus

70 2623 115 2646 ex
138 2610 227 2646 urbe
247 2609 463 2652 Pantibibli‚
487 2609 719 2655 regnavitque
743 2607 844 2643 Saris
870 2607 1062 2650 tredecim3
1086 2606 1164 2642 eius
1188 2611 1347 2651 tempore
1378 2602 1567 2638 secundum

69 2657 291 2694 Annedotum
317 2657 507 2691 semideum
535 2656 653 2691 Oanni
679 2655 757 2689 visu
786 2666 888 2701 quam
916 2654 1060 2689 similem
1089 2666 1112 2688 e
1138 2653 1226 2689 mari
1253 2651 1453 2692 emersisse;
1476 2650 1568 2683 hunc

70 2703 213 2750 excepit
239 2706 426 2741 Ammenou
444 2715 488 2738 ex
511 2702 735 2738 Pantibibliis
752 2701 920 2748 Satisque
937 2701 1118 2736 duodecim
1141 2711 1285 2746 regnum
1303 2697 1464 2738 obt-inuit,
1488 2700 1570 2740 post

69 2763 171 2797 quem
191 2751 393 2797 Megalarus
409 2750 491 2785 item
514 2762 558 2784 ex
580 2749 802 2784 Pantibibliis
820 2749 920 2784 Saris
937 2748 1128 2783 octodecim
1147 2746 1354 2794 imperavit:
1379 2750 1451 2779 tum
1470 2743 1567 2776 Daus

70 2810 117 2833 ex
137 2797 359 2833 Pantibibliis
375 2803 494 2843 pastor
510 2797 612 2832 Saris
634 2797 754 2831 decem
778 2796 943 2842 populum
971 2796 1085 2838 rexit,
1118 2795 1215 2830 cuius
1231 2799 1386 2838 tempore
1415 2794 1568 2836 quatuor

69 2844 260 2881 animantia
274 2844 406 2891 duplici
423 2849 548 2879 natura
569 2844 766 2880 constantia
782 2844 821 2878 in
843 2848 973 2878 terram
1005 2855 1026 2877 e
1053 2843 1151 2887 mari,
1166 2842 1421 2887 proruperunt;
1447 2847 1566 2871 eorum

69 2891 210 2927 nomina
226 2897 325 2926 sunt:
351 2891 561 2933 Euedocus,
594 2891 838 2936 Eneugamus,
863 2889 1067 2925 Eneubulus
1099 2894 1136 2924 et
1155 2890 1377 2923 Anementus.
1423 2882 1568 2919 Euedo-

67 2939 214 2980 resono,
238 2939 300 2984 qui
318 2938 495 2985 posterior
511 2938 602 2980 fuit,
629 2938 841 2982 Anodaphus
864 2937 1053 2979 successit3
1076 2941 1158 2983 post
1185 2946 1273 2981 quos
1302 2930 1483 2978 imperium
1510 2934 1565 2964 te-

70 2990 221 3023 nuerunt
238 2985 319 3030 alii,
344 2990 419 3022 tum
436 2985 620 3022 Sisuthtus
644 2996 709 3023 rex
724 2984 803 3022 aliis
827 2985 998 3029 accessit3
1021 2989 1130 3032 atque
1158 2982 1211 3018 ita
1233 2991 1338 3028 reges
1357 2989 1476 3016 omnes
1499 2987 1566 3013 nu-
