1800 3236
223 157 326 208 478
659 167 911 215 GEORGII
938 169 1227 216 SYNCELLI

189 280 410 336 ΟΠερσῶν
427 276 543 336 νίκὴν
555 277 709 335 ἐκείνην
729 278 884 332 ἀδίκως
899 278 967 324 ὕπ’
986 280 1224 338 Ἀθηναίων
1232 282 1353 341 μέχρι
1373 279 1566 329 θανάτου
1588 285 1722 343 δεθῆ-

222 366 292 392 ναι
313 350 381 392 καὶ
402 349 510 406 μηδὲ
524 354 664 408 ταφῆς
682 349 931 407 ἀξιωθῆναι,
957 350 1034 403 ἕως
1051 353 1202 408 Κίμων
1224 351 1375 397 ἑαυτὸν
1397 355 1453 405 εἷς
1477 355 1550 398 τὸν
1567 356 1721 412 δεσμὸν

221 417 327 476 ὑπὲρ
357 423 433 463 τοῦ
453 419 613 477 πατρὸς
635 419 773 464 ἔδωκε.
810 418 931 477 μόλις
951 412 1090 465 ξ’πείτα
1113 425 1261 475 λυθεὶς
1281 424 1341 467 δι’
1359 424 1591 481 Ἐλπινίκης
1611 427 1721 478 ἰδίας

221 489 409 548 ἀδελφῆς
441 489 561 546 ἀνδρὶ
592 491 779 550 πλουσίῳ
814 493 1104 550 συναφθείσης
1135 493 1203 537 διὰ
1224 494 1301 552 τὴν
1321 493 1456 554 ὥραν,
1496 495 1556 539 δι’
1582 490 1631 540 οὗ
1651 498 1720 540 καὶ

221 559 296 603 τὸν
317 558 499 617 ἀδελφὸν
517 558 635 604 ἔλυσε
655 562 848 616 Κίμωνα.
1312 572 1317 577 ’
1724 574 1748 610 5

206 642 209 645 '
254 633 436 688 Περσῶν
470 627 504 680 ς’
533 630 795 684 ἐβασίλευσεν
817 629 1076 690 Ἀρτάβανος
1097 632 1188 685 υἱὸς
1219 631 1381 693 Ξέρξου
1399 637 1537 691 μῆνας
1556 631 1603 688 ζ’.
1641 638 1718 679 τοῦ

359 700 405 743 δὲ
427 698 586 756 κόσμου
607 696 660 757 ἦν
678 700 770 752 ἔτος
790 700 907 762 Ιεμῆ.

252 774 434 828 Περσῶν
455 768 488 824 ζ’
508 772 771 827 ἐβασίλευσεν
788 772 1059 831 Ἀρταξέρξης
1080 771 1242 831 Ξέρξου
1265 771 1286 817 ὅ
1307 771 1524 832 λεγόμενος
1533 771 1718 833 Μακρό-

214 858 305 900 χειρ
330 840 401 898 ἔτη
420 839 509 897 μα’.
546 846 623 886 τοῢ
645 844 690 886 δὲ
709 841 867 898 κόσμου
889 839 941 900 ἦν
962 843 1054 894 ἔτος
1074 842 1198 904 μεθ’.

177 921 211 958 D
320 911 390 955 Ἔν
419 910 497 955 ἴτει
521 910 688 973 ἑβδόμῳ
706 911 1003 969 βασιλεύοντος
1023 919 1098 957 τοῦ
1111 913 1384 973 Ἀρταξέρξου
1404 914 1448 958 ἒν
1467 918 1527 974 τῷ
1546 914 1718 976 πέμπτῳ
1730 925 1776 960 10

216 983 317 1039 μηνὶ
348 981 476 1038 ἀνέβη
497 982 682 1040 ’Έσδρας
711 981 731 1027 ὃ
774 984 902 1042 ἱερεὺς
934 986 1002 1027 καὶ
1032 983 1393 1039 νομοδιδάσκαλος
1423 985 1530 1040 μετὰ
1554 990 1720 1030 πολλῶν

217 1050 496 1109 αἰχμαλώτων
514 1054 558 1096 ἓκ
575 1056 836 1108 Βαβυλῶνος
854 1056 910 1106 εἷς
923 1052 1194 1112 Ἰερουσαλὴμ
1205 1088 1218 1110 ,
1258 1059 1422 1112 χρυσοῦ
1444 1053 1661 1100 ταλάντων
1682 1053 1721 1116 ρ’

217 1125 287 1166 καὶ
323 1122 522 1181 ἀργυρίου
544 1122 762 1168 ταλάντων
775 1122 841 1180 χν’
868 1126 1112 1183 καὶ(λοιπῶν
1133 1129 1289 1169 σκευῶν
1305 1129 1477 1183 χρυσῶν
1499 1128 1568 1169 καὶ
1590 1126 1719 1184 ἄργυ-

219 1197 304 1252 ρῶν
334 1195 402 1237 καὶ
419 1198 589 1249 χαλκῶν
611 1195 835 1249 ἐκλεκτῶν,
875 1192 932 1246 ὥς
961 1195 1186 1252 γέγραπται
1215 1196 1257 1239 ἕν
1284 1193 1432 1254 πρώτῃ
1454 1197 1521 1239 καὶ
1545 1197 1719 1258 δευτέρα

217 1266 351 1324 βίβλῳ
373 1263 519 1318 αὐτοῦ,
544 1262 607 1308 ὅτι
622 1262 643 1308 ὃ
658 1264 760 1316 θεὸς
778 1265 928 1309 ἔδωκεν
945 1266 987 1309 ἐν
1006 1267 1158 1327 καρδία
1179 1269 1254 1310 τοῦ
1267 1266 1474 1320 βασιλέως
1491 1271 1567 1309 τοῦ
1589 1266 1717 1318 δοξάη
1730 1279 1775 1316 15

60 1345 106 1383 V.
129 1347 198 1383 201
221 1352 290 1378 σαι
319 1333 393 1377 τὸν
415 1332 526 1377 οἷκον
546 1334 677 1379 αὐτοῦ
709 1335 782 1379 τὸν
802 1336 844 1379 ἐν
857 1333 1130 1394 Ἰερουσαλὴμ
1138 1370 1153 1390 ,
1192 1337 1261 1380 καὶ
1285 1334 1435 1387 ἔδωκεν
1457 1336 1573 1397 αὐτῷ
1591 1335 1718 1396 χάριν

106 1399 108 1401 ’
217 1402 391 1448 ἐνώπιον
414 1404 689 1464 Ἀρταξέρξου
721 1408 790 1449 καὶ
826 1410 912 1450 τῶν
942 1404 1049 1450 ἑπτὰ
1083 1405 1335 1462 συμβούλων
1359 1408 1428 1450 καὶ
1449 1404 1617 1451 πάντων
1639 1407 1718 1466 ἆρ-

56 1486 99 1521 Ρ.
122 1485 192 1523 252
213 1472 376 1532 χόντων
412 1479 497 1518 τῶν
528 1475 673 1533 αὐτοῦ.
712 1479 781 1520 καὶ
813 1475 970 1534 ἔγραψε
998 1480 1100 1520 πᾶσι
1128 1485 1217 1528 τοῖς
1252 1476 1426 1535 ἄρχουσι
1444 1478 1513 1521 καὶ
1529 1476 1719 1536 γαζοφύ-

1099 1551 1119 1561 u
1170 1546 1191 1563 (Κ
1227 1546 1247 1563 Ἃ

211 1547 306 1597 λαξι
335 1546 495 1602 Συρίας
527 1542 596 1589 καὶ
632 1548 830 1604 Φοινίκης
863 1545 1025 1591 διδόναι
1060 1566 1144 1591 παν
1168 1566 1188 1592 ο
1222 1565 1274 1591 αν
1305 1547 1469 1605 γένηται
1501 1549 1558 1599 εἷς
1576 1550 1717 1607 χρείαν

212 1620 289 1660 τοῦ
322 1616 434 1675 ἱεροῦ
469 1617 538 1659 καὶ
567 1616 781 1676 προστάξῃ
802 1617 986 1676 ’Ἐσδρας
1014 1617 1090 1669 ἕως
1120 1615 1338 1662 ταλάντων
1368 1615 1406 1676 ρ’
1436 1616 1619 1677 ἀργύρου
1648 1620 1773 1664 καὶὲο

212 1687 331 1730 σίτου
367 1687 438 1730 καὶ
470 1685 584 1731 οἴνου
607 1690 675 1731 καὶ
704 1689 843 1732 ἐλαίου
867 1690 936 1732 καὶ
957 1686 1058 1739 ἁλὸς
1080 1689 1124 1732 ἐκ
1142 1693 1218 1733 τοῦ
1237 1692 1456 1745 βασιλικοῦ
1477 1691 1717 1748 γαζοφυλα-

306 1787 364 1822 10.
389 1785 514 1828 „Haec
539 1786 695 1822 Africani
724 1787 879 1823 narratio
902 1800 980 1823 esse
997 1787 1148 1823 videtur.
1195 1787 1244 1822 Et
1268 1785 1426 1822 innuitur
1452 1786 1519 1822 hoc
1551 1799 1586 1834 p.
1607 1786 1714 1824 249?

304 1835 517 1878 Anonymus.
620 1831 707 1871 Ἀπὸ
737 1834 1021 1883 Ναβονασάρου
1051 1834 1121 1877 ἕως
1143 1832 1378 1880 Ἀρταξέρξου
1404 1832 1543 1870 τούτου
1564 1836 1716 1881 πρῶτον

303 1878 387 1922 ἔτος
406 1880 501 1916 εἰσὶν
524 1879 586 1928 ἔτη
604 1881 669 1922 τς’.
695 1881 841 1929 (τγ’ω.)
866 1895 984 1929 margo
999 1884 1072 1917 AB.
1166 1881 1445 1930 βασιλεύοντος]
1465 1883 1643 1929 βασιλέως
1666 1883 1714 1919 G.

379 1929 436 1964 12.
460 1927 523 1964 καὶ
551 1931 694 1975 χρυσοῦ
717 1942 762 1965 m.
888 1933 945 1966 18.
977 1926 1230 1977 γαζοφύλαξιν
1250 1931 1291 1965 Β.
1315 1928 1550 1975 γαζοφύλακι
1574 1931 1621 1965 G.

304 1975 364 2012 20.
388 1975 580 2025 προστάξῃ
596 1989 641 2012 m.
665 1975 866 2025 προστάξει
885 1978 934 2012 G.
1052 1976 1219 2025 ἀργύρου
1238 1979 1282 2014 Β.
1307 1975 1489 2026 ἀργυρίου
1514 1977 1563 2014 G.

213 2053 258 2089 de
275 2054 394 2091 Persis
412 2055 607 2101 victoriam,
632 2070 698 2105 per
714 2070 876 2095 summum
892 2059 992 2094 nefas
1008 2060 1052 2095 ab
1069 2059 1337 2095 Atheniensibus
1358 2059 1404 2094 ad
1421 2062 1564 2094 mortem
1585 2057 1622 2094 in
1637 2057 1715 2094 vin-

213 2101 293 2136 cula
314 2103 526 2146 coniectum,
553 2117 664 2152 neque
688 2107 837 2153 sepulcri
854 2108 986 2142 honore
1008 2107 1151 2152 dignum
1179 2106 1333 2141 habitum
1357 2110 1522 2148 narrant3
1547 2107 1592 2140 ob
1621 2118 1716 2140 eam-

212 2160 282 2194 que
297 2160 433 2185 causam
458 2152 567 2197 patris
585 2153 743 2188 mulctam
765 2154 940 2188 soluturus
956 2154 991 2188 in
1013 2154 1160 2189 vinculis
1177 2154 1298 2188 Cimon
1315 2153 1500 2195 sustinuit3
1526 2164 1568 2187 ex
1587 2152 1715 2198 quibus

212 2196 353 2230 tandem
381 2198 424 2232 ab
449 2198 610 2244 Elpinice
636 2212 755 2235 sorore
782 2201 858 2235 viro
883 2200 1016 2236 divitiis
1046 2204 1190 2247 potente
1220 2201 1264 2235 ob
1298 2201 1430 2235 formae
1462 2200 1714 2246 praestantiam

213 2242 422 2286 coniuncta,
447 2246 543 2280 cuius
560 2246 684 2292 opibus
701 2247 806 2282 fratri
824 2247 1019 2282 libertatem
1041 2247 1251 2293 promeruit,
1275 2246 1405 2282 solutus
1423 2253 1490 2281 est.

257 2289 442 2325 Persarum
467 2304 530 2326 rex
554 2295 576 2329 6
603 2294 821 2337 Artabanus,
846 2294 974 2330 Xerxis
992 2294 1099 2337 filius,
1122 2294 1299 2329 mensibus
1324 2295 1368 2338 7,
1390 2293 1509 2329 mundi
1533 2305 1618 2330 vero
1650 2305 1714 2329 an-

327 2349 391 2372 nus
414 2338 518 2375 5048.

255 2383 442 2420 Persarum
466 2397 530 2420 rex
553 2388 576 2423 7
600 2387 825 2430 Artaxerxes,
848 2387 978 2423 Xerxis
998 2387 1102 2431 filius,
1126 2387 1361 2434 Longimanus
1382 2387 1510 2434 dictus,
1534 2388 1633 2424 annis
1651 2388 1712 2432 41,

328 2432 444 2467 mundi
464 2444 549 2468 vero
566 2433 669 2470 5049.

303 2479 402 2514 Anno
419 2479 515 2525 regis
532 2479 737 2515 Artaxerxis
759 2480 927 2527 septimo,
952 2493 1069 2518 mense
1087 2482 1230 2530 quinto,
1257 2482 1390 2518 Esdras
1418 2482 1583 2518 sacerdos
1602 2485 1639 2517 et
1657 2481 1711 2516 le-

211 2524 361 2571 gislator
379 2538 455 2562 cum
474 2527 651 2563 innumera
681 2528 895 2574 captivorum
920 2541 1043 2572 manu,
1068 2531 1145 2565 auri
1166 2533 1234 2567 100
1264 2536 1300 2565 et
1316 2530 1454 2576 argenti
1481 2529 1621 2565 talentis
1641 2530 1711 2565 650

209 2572 422 2620 reliquisque
443 2574 558 2609 aureis
583 2581 619 2610 et
633 2575 809 2620 argenteis
833 2580 869 2611 et
900 2576 1012 2611 aereis
1039 2578 1206 2623 pretiosis
1232 2577 1325 2613 vasis
1360 2588 1475 2612 secum
1504 2576 1711 2623 asportatis,

210 2632 231 2654 e
253 2620 430 2667 Babylone
448 2620 485 2656 in
506 2622 722 2657 Hierusalem
753 2623 958 2666 adscendit,
983 2628 1023 2659 ut
1042 2625 1115 2659 eius
1144 2625 1234 2660 libro
1256 2628 1275 2660 1
1298 2628 1334 2660 et
1352 2627 1375 2661 2
1392 2625 1550 2670 legimus.
1597 2623 1710 2658 Deum

207 2665 365 2703 nimirum
384 2667 480 2714 regis
499 2674 644 2704 mentem
664 2670 708 2704 im
737 2669 854 2713 ulisse,
878 2676 918 2706 ut
940 2671 1059 2706 aedem
1083 2673 1150 2707 sibi
1170 2671 1421 2718 Hierosolymis
1443 2670 1588 2717 positam
1610 2670 1711 2704 debi-

207 2716 245 2748 to
275 2715 370 2750 cultu
397 2721 677 2763 prosequeretur.
747 2717 864 2752 'sdrae
887 2730 972 2752 vero
999 2718 1034 2753 in
1054 2719 1148 2765 regis
1169 2725 1205 2755 et
1231 2718 1503 2754 consiliariorum
1530 2717 1604 2753 eius
1623 2718 1647 2753 7
1674 2720 1712 2752 et

208 2761 413 2806 optimatum
433 2763 507 2798 eius
525 2764 674 2799 omnium
694 2770 883 2811 conspectu
910 2765 1060 2811 gratiam
1087 2766 1242 2802 contulit.
1292 2766 1469 2808 Quocirca
1494 2763 1711 2811 magistrati-

207 2807 273 2842 bus
291 2809 446 2845 omnibus
465 2815 503 2846 et
520 2811 648 2846 aerarii
667 2811 794 2857 Syriae
812 2817 848 2847 et
863 2812 1058 2847 Phoenices
1076 2813 1277 2859 provinciae
1295 2813 1474 2860 praefecto
1493 2813 1628 2857 scripto
1646 2821 1710 2846 rex

207 2855 405 2899 mandavit,
430 2862 470 2892 ut
492 2858 585 2905 quod
619 2858 664 2894 ad
690 2858 809 2906 templi
839 2871 936 2895 usum
962 2872 1040 2895 esse
1068 2860 1284 2896 iudicaretur
1307 2866 1345 2895 et
1364 2860 1500 2895 Esdras
1527 2858 1712 2906 praecipe-

204 2905 280 2945 ret,
303 2902 380 2950 ipse
397 2904 443 2940 ad
460 2905 598 2952 argenti
616 2905 749 2943 talenta
768 2909 857 2950 100,
882 2907 1087 2943 frumentum
1108 2920 1268 2956 quoque,
1292 2907 1431 2951 vinum,
1460 2906 1572 2942 oleum
1595 2910 1632 2941 et
1652 2916 1711 2940 sa-
