1800 3236
231 150 335 198 632
708 151 968 198 GEORGII
995 150 1282 197 SYNCELLI

218 268 388 324 μαζον,
426 258 485 310 ὧν
515 260 814 322 ἐπισημότερος
831 260 969 308 ἐδόκει
994 260 1015 307 ὅ
1036 262 1081 307 ἐκ
1103 260 1283 308 Τυάνων
1300 266 1379 321 τῆς
1394 261 1574 324 Ἰταλίας
1587 262 1740 308 Ἀπολ-

230 336 403 390 λώνιος,
442 338 751 393 Πυθαγορικῆς
783 336 840 384 εἶς
861 332 992 391 ἄκρον
1019 333 1252 390 ἠσκημένος
1279 336 1556 393 φιλοσοφίας,
1597 333 1654 386 ὥς
1670 337 1741 378 καὶ

229 407 361 452 αὐτοῦ
383 403 650 462 Πυθαγόρου
675 401 998 462 δαιμονιώτερον
1033 400 1262 459 ἅψασθαι,
1301 405 1420 448 καθὰ
1446 403 1740 464 Φιλόστρατος

231 480 302 523 καὶ
323 477 443 521 ἄλλοι
463 479 547 519 τῶν
570 472 856 532 ἀκριβούντων
878 474 1093 532 ἱστοροῦσι
1114 474 1167 518 τὰ
1188 475 1285 518 κατ’
1311 473 1454 520 αὐτόν.

328 547 400 591 Ἐν
429 543 594 595 τούτοις
625 551 714 595 τοῖς
742 542 912 603 χρόνοις
941 542 1076 603 ἐφάνη
1101 544 1149 588 τὸ
1182 544 1323 603 ὄρνεον
1348 543 1370 590 ὅ
1393 546 1552 605 φοίνιξ,
1590 545 1768 597 καθὼςὸ

194 619 476 674 Οἶστοροῦσιν
512 611 739 674 Αἰγύπτιοι
748 647 763 670 ,
802 614 884 674 πρὸ
909 612 1005 672 χνδ’
1034 616 1138 660 ἑτῶν
1156 617 1324 674 φανεὶς,
1363 614 1420 668 ὥς
1439 618 1509 660 καὶ
1528 615 1741 668 Δέξιππος

229 693 459 747 συμφωνεῖ.

336 755 446 801 Τότε
478 757 548 800 καὶ
567 755 808 800 Λαοδίκεια
833 756 902 799 καὶ
922 752 1152 814 Ἱεράπολις
1175 759 1251 813 τῆς
1265 754 1409 808 Ἀσίας
1429 758 1498 801 καὶ
1517 755 1642 802 ἄλλαι
1660 752 1741 800 πό-

231 827 315 880 λεις
325 862 338 883 ,
367 824 595 883 Ἀντιόχειά
615 844 659 870 τε
679 827 1028 883 κατεσείσθησαν.

330 898 423 942 Ἐπὶ
453 896 584 941 αὗτοῦ
623 899 759 952 Φῆλιξ
785 895 994 948 Ἰουδαίας
1023 892 1282 953 ἡγεμονεύειν
1302 897 1468 947 σταλεὶς
1486 899 1652 940 πολλῶν
1671 897 1740 939 καὶ
1755 905 1800 941 10

232 968 371 1014 ἄλλων
392 969 610 1012 Ἰουδαίων
640 963 899 1010 ἀπατώντων
911 1000 925 1022 ,
965 967 1009 1011 ἓν
1029 964 1092 1017 οἷς
1109 967 1176 1009 καὶ
1198 964 1219 1010 ὃ
1243 965 1479 1025 Αἰγύπτιος
1498 969 1742 1024 ψευδοπρο-

233 1038 395 1099 φήτης,
435 1036 525 1094 ἅμα
556 1036 818 1096 τρισμυρίοις
843 1038 1023 1093 μείζοσιν
1054 1037 1268 1094 ἐπιχειρῶν
1289 1036 1503 1095 πράγμασι
1513 1071 1527 1091 ‚
1566 1042 1619 1096 τῇ
1648 1035 1741 1093 Φή-

234 1115 349 1160 λικος
380 1105 595 1164 κατελύθη
628 1110 872 1169 στρατηγίᾳ.
910 1113 1131 1166 συμφωνεῖ
1149 1105 1387 1163 Ἰώσηππος
1421 1109 1464 1151 ἐν
1484 1105 1619 1167 τούτῳ
1650 1115 1743 1159 ταῖς

234 1178 409 1239 πράξεσι
438 1183 524 1223 τῶν
545 1175 817 1232 ἀποστόλων,
856 1177 964 1221 ἔνθα
987 1182 1047 1237 τῷ
1068 1178 1171 1236 θείῳ
1194 1176 1357 1237 Παύλῳ
1377 1176 1462 1222 ὕπὸ
1487 1182 1562 1222 τοῦ
1577 1176 1743 1234 χιλιάρ-

231 1269 313 1308 χου
337 1250 523 1294 λέλεκται
537 1262 547 1272 ·
573 1247 646 1291 οὒκ
667 1246 751 1305 ἄρα
774 1247 826 1291 σύ
848 1246 923 1292 εἷὸ
946 1245 1197 1305 Αἰγύπτιος,
1222 1245 1243 1291 ὃ
1266 1248 1347 1306 πρὸ
1370 1246 1530 1292 τούτων
1542 1253 1625 1292 τῶν
1639 1247 1742 1305 ἡμε-
1756 1258 1800 1295 15

237 1325 323 1378 ρῶν
353 1315 662 1368 ἀναστατώσας
691 1319 759 1361 καὶ
779 1318 991 1376 ἐξαγαγὼν
1011 1320 1068 1368 εἷς
1095 1318 1172 1374 τὴν
1188 1317 1344 1376 ἔρημον
1362 1319 1462 1370 τοὺς
1483 1337 1743 1377 τετρακισχι-

198 1395 231 1430 D
242 1393 356 1440 λίους
375 1389 559 1448 ἄνδραςς
597 1389 661 1432 ἐπὶ
679 1387 810 1432 αῧτοῦ
827 1392 1004 1440 Παῦλος
1019 1387 1099 1432 ὑπὸ
1114 1388 1330 1433 Ἰουδαίων
1346 1391 1651 1448 κατηγορηθεὶς
1667 1390 1744 1447 τὴν

238 1462 467 1518 ἀπολογίαν
485 1460 720 1515 πεποίηται.

337 1531 430 1575 Ἐπὶ
462 1529 593 1573 αὐτοῦ
618 1529 836 1574 Ἰουδαίων
870 1526 1017 1582 στάσις
1034 1520 1194 1588 γέγονεν
1221 1531 1264 1574 ἐν
1282 1531 1520 1592 Καισαρείᾳ
1540 1527 1745 1589 Στράτω-

236 1618 308 1653 νος
325 1603 394 1646 καὶ
413 1601 560 1645 πολλοὶ
585 1597 882 1658 διεφθάρησαν
900 1601 965 1644 ἐπὶ
988 1601 1136 1645 αὐτοῦ.
1754 1612 1800 1649 20

337 1670 387 1716 ‘O
408 1670 517 1715 κατὰ
529 1669 714 1728 Ἄγαβον
746 1670 868 1727 λιμὸς
898 1675 975 1729 τῆς
1006 1670 1252 1729 οἷκουμένης
1281 1672 1350 1715 καὶ
1382 1668 1404 1715 ὅ
1435 1670 1511 1728 τὴν
1536 1663 1745 1715 Ἰουδαίαν

334 1798 369 1833 1.
396 1787 466 1836 ὧν]
493 1787 545 1830 ὧν
564 1793 629 1831 καὶ.
649 1795 697 1830 G.
787 1792 961 1839 Ἰταλίας]
986 1793 1265 1836 Καππαδοκίας
1285 1806 1331 1830 m.
1423 1795 1459 1831 2.
1483 1791 1746 1841 ἠσκημένηςΑ.

334 1842 370 1877 3.
395 1840 633 1888 Πυθαγόρου
654 1854 700 1877 m.
733 1843 986 1888 Πυθαγορίου
1008 1843 1057 1877 G.
1165 1843 1200 1878 5.
1235 1842 1364 1889 φοίνιξ
1380 1841 1423 1876 Β.
1449 1844 1579 1888 φοῖνιξ
1603 1843 1651 1877 G.
1757 1859 1760 1863 ⁷

335 1890 372 1924 6.
397 1886 450 1934 χν’
469 1887 510 1925 δὲ
537 1887 633 1927 ἐτοῖν
653 1890 728 1925 AB.
848 1895 903 1926 10.
930 1890 1045 1935 Vulgo
1078 1890 1182 1934 Φίλιξ
1205 1895 1241 1925 et
1267 1889 1361 1925 infra
1384 1890 1545 1932 Φίλικος.
1664 1891 1747 1927 ἰου-

334 1936 470 1977 salove
489 1937 562 1973 AB.
665 1939 722 1974 11.
749 1933 985 1974 ἇπατώντων
1004 1938 1046 1971 Β.
1072 1936 1324 1974 ἄπατούντων
1345 1938 1392 1972 G.
1506 1939 1563 1975 13.
1587 1949 1748 1984 στρατη-

334 1984 418 2031 γείᾳ
436 1984 478 2019 Β.
585 1985 640 2022 15.
664 1983 842 2031 λέλεκται]
869 1988 990 2021 Actor.
1010 1985 1110 2028 XXI,
1135 1987 1193 2023 38.
1239 1997 1241 1999 ’
1301 1987 1358 2023 17.
1383 1982 1445 2022 ἐπὶ
1461 1985 1504 2020 Β.
1527 1982 1598 2022 ’ὑπ’
1617 1986 1665 2021 G.

337 2032 395 2068 19.
420 2032 608 2069 ἰουδαίων
630 2030 758 2076 στάσις
779 2033 821 2070 Β.
845 2031 974 2076 στάσις
993 2034 1185 2070 Ιουδαίων
1205 2033 1254 2072 G.

242 2145 316 2170 rum
333 2137 606 2181 spectatissimus
628 2137 817 2174 videbatur
837 2136 1040 2184 Apollonius
1058 2138 1196 2184 Tyanis
1217 2137 1254 2173 in
1270 2137 1497 2185 Cappadocia
1520 2140 1646 2180 natus,
1673 2137 1747 2184 Py·

243 2182 428 2227 thagorica
448 2189 532 2220 tunc
556 2190 701 2232 accepta
722 2185 928 2232 disciplina,
951 2186 1028 2231 ipso
1047 2186 1252 2231 Pythagora
1283 2185 1445 2220 subtilior
1469 2185 1650 2220 iudicatus
1676 2190 1746 2229 est,

244 2227 458 2265 Philostrato
483 2236 520 2266 et
539 2232 638 2274 aliis,
664 2232 724 2278 qui
750 2244 808 2267 res
834 2233 909 2268 eius
934 2232 1135 2278 diligentius
1157 2231 1420 2277 conscripsere,
1444 2232 1606 2268 testibus.

339 2275 498 2312 Phoenix
517 2278 593 2313 avis
608 2279 729 2314 iisdem
749 2280 962 2325 temporibus
981 2280 1058 2315 visa
1075 2284 1156 2314 ante
1172 2290 1279 2314 annos
1297 2280 1366 2315 659
1382 2280 1570 2326 Aegyptiis
1583 2306 1594 2323 ,
1621 2280 1745 2327 quibus

247 2320 431 2368 Dexippus
451 2325 659 2367 assentitur,
683 2326 735 2361 ita
758 2326 1019 2368 fabulantffius,
1045 2325 1149 2360 etiam
1171 2330 1371 2371 conspecta.

343 2369 446 2405 Tunc
461 2373 625 2417 temporis
642 2372 829 2415 Laodicea,
843 2372 1044 2420 Hierapolis
1064 2372 1171 2408 Asiae
1191 2376 1228 2408 et
1246 2372 1336 2408 aliae
1355 2372 1531 2418 civitates,
1548 2374 1642 2411 inter
1659 2387 1746 2422 quas

247 2414 448 2461 Antiochia,
465 2422 583 2454 terrae
603 2424 694 2453 motu
712 2431 914 2454 concussae.

345 2464 402 2500 Eo
420 2464 614 2512 imperante
633 2466 732 2501 Felix
763 2478 906 2512 praeses
931 2467 969 2502 in
992 2466 1155 2503 Iudaeam
1178 2466 1304 2503 missus
1335 2468 1453 2514 plures
1479 2480 1524 2504 ex
1541 2469 1746 2504 Iudaeorum

249 2511 352 2548 faece
374 2515 589 2547 veteratores
612 2513 775 2559 populum
795 2514 1001 2549 seducentes
1023 2516 1213 2561 repressit3
1236 2515 1274 2550 in
1297 2515 1351 2550 his
1374 2515 1569 2562 Aegyptius
1597 2516 1747 2561 pseudo-

249 2561 425 2607 propheta
444 2562 605 2606 repertus
626 2564 692 2602 est,
712 2561 772 2605 qui
787 2561 917 2596 maiora
934 2574 972 2596 se
989 2562 1143 2605 molitus,
1165 2562 1297 2598 coactis
1314 2563 1488 2598 hominum
1506 2564 1637 2605 3o‚000
1654 2562 1745 2597 mili-

249 2607 321 2642 tari
342 2605 672 2642 Felicisxindustria
701 2607 837 2642 deletus
859 2613 933 2650 est3
958 2610 1191 2655 apostolorum
1213 2609 1350 2644 actibus
1372 2609 1408 2644 in
1427 2611 1493 2645 hoc
1516 2622 1659 2645 concors
1691 2613 1747 2645 est

249 2653 439 2701 Iosephus,
462 2653 525 2688 ubi
553 2665 574 2689 a
603 2653 743 2688 tribuno
773 2654 891 2690 divino
919 2656 1027 2691 Paulo
1055 2656 1201 2691 dicitur:
1237 2669 1384 2699 „nonne
1406 2656 1516 2707 igitur
1548 2657 1746 2703 Aegyptius

249 2700 310 2736 ille
345 2713 403 2742 es,
438 2699 500 2747 qui
534 2704 616 2756 ante
642 2701 706 2736 hos
741 2699 818 2737 dies
853 2703 1013 2749 populum
1045 2703 1209 2740 excitasti
1240 2709 1278 2739 et
1302 2703 1341 2738 in
1371 2704 1544 2739 desertum
1574 2705 1617 2738 ad
1647 2705 1746 2739 viro-

249 2759 324 2783 rum
344 2746 438 2784 4000
456 2746 662 2784 eduxist1⁴3”
688 2747 818 2784 Paulus
844 2750 889 2785 ab
915 2749 1056 2786 Iudaeis
1075 2751 1169 2799 apud
1200 2762 1277 2787 eum
1303 2755 1488 2787 accusatus
1509 2751 1746 2787 defensionem

247 2793 414 2830 instituit.
1642 2827 1648 2831 .

342 2841 419 2876 Sub
435 2852 476 2876 eo
494 2841 692 2877 Caesareae
709 2842 886 2879 Stratonis
908 2843 1080 2880 seditione
1096 2847 1189 2881 mota
1215 2845 1420 2880 Iudaeorum
1442 2843 1579 2890 plurimi
1596 2844 1744 2892 periere.

341 2887 466 2925 Fames
488 2888 605 2936 Agabi
633 2889 800 2927 vaticinio
824 2891 1078 2939 praenunciata
1106 2897 1143 2929 et
1172 2892 1369 2929 universum
1394 2892 1511 2928 orbem
1539 2897 1745 2939 pervagata,
