<?xml version="1.0" encoding="UTF-8"?>
<!DOCTYPE html PUBLIC "-//W3C//DTD XHTML 1.0 Transitional//EN"
    "http://www.w3.org/TR/xhtml1/DTD/xhtml1-transitional.dtd">
<html xmlns="http://www.w3.org/1999/xhtml" xml:lang="en" lang="en">
 <head>
  <title>
</title>
<meta http-equiv="Content-Type" content="text/html;charset=utf-8" />
  <meta name='ocr-system' content='tesseract 3.04.00' />
  <meta name='ocr-capabilities' content='ocr_page ocr_carea ocr_par ocr_line ocrx_word'/>
</head>
<body>
  <div class='ocr_page' id='page_1' title='image "./corpusscriptorum20niebuoft_0022.png"; bbox 0 0 1754 3236; ppageno 0'>
   <div class='ocr_carea' id='block_1_1' title="bbox 188 141 1219 200">
    <p class='ocr_par' dir='ltr' id='par_1_1' title="bbox 188 141 1219 200">
     <span class='ocr_line' id='line_1_1' title="bbox 188 141 1219 200; baseline -0.012 0"><span class='ocrx_word' id='word_1_1' title='bbox 188 153 220 200; x_wconf 88' lang='grc'><strong>8</strong></span> <span class='ocrx_word' id='word_1_2' title='bbox 655 147 904 198; x_wconf 88' lang='lat' dir='ltr'>GEORGII</span> <span class='ocrx_word' id='word_1_3' title='bbox 932 141 1219 193; x_wconf 88' lang='lat' dir='ltr'>SYNCELLI</span> 
     </span>
    </p>
   </div>
   <div class='ocr_carea' id='block_1_2' title="bbox 162 247 1754 1738">
    <p class='ocr_par' dir='ltr' id='par_1_2' title="bbox 187 247 1720 748">
     <span class='ocr_line' id='line_1_2' title="bbox 187 247 1691 321; baseline -0.013 -7"><span class='ocrx_word' id='word_1_4' title='bbox 187 266 378 318; x_wconf 77' lang='grc' dir='ltr'><em>πλάσεως</em></span> <span class='ocrx_word' id='word_1_5' title='bbox 395 268 471 310; x_wconf 77' lang='grc' dir='ltr'><em>τοῦ</em></span> <span class='ocrx_word' id='word_1_6' title='bbox 489 263 647 320; x_wconf 80' lang='grc' dir='ltr'><em>Ἀδὰμ,</em></span> <span class='ocrx_word' id='word_1_7' title='bbox 688 259 815 321; x_wconf 76' lang='grc' dir='ltr'><em>ὀγδόῃ</em></span> <span class='ocrx_word' id='word_1_8' title='bbox 838 259 884 303; x_wconf 78' lang='grc' dir='ltr'><em>δὲ</em></span> <span class='ocrx_word' id='word_1_9' title='bbox 902 261 978 303; x_wconf 78' lang='grc' dir='ltr'><em>τοῦ</em></span> <span class='ocrx_word' id='word_1_10' title='bbox 998 252 1169 316; x_wconf 81' lang='grc' dir='ltr'><strong><em>πρώτου</em></strong></span> <span class='ocrx_word' id='word_1_11' title='bbox 1194 253 1330 312; x_wconf 84' lang='grc' dir='ltr'><em>μηνὸς</em></span> <span class='ocrx_word' id='word_1_12' title='bbox 1350 252 1494 298; x_wconf 82' lang='grc' dir='ltr'><em>Νισὰν</em></span> <span class='ocrx_word' id='word_1_13' title='bbox 1503 285 1517 307; x_wconf 90' lang='grc'><em>,</em></span> <span class='ocrx_word' id='word_1_14' title='bbox 1544 247 1691 311; x_wconf 83' lang='grc' dir='ltr'><em>πρῶτῃ</em></span> 
     </span>
     <span class='ocr_line' id='line_1_3' title="bbox 190 323 1692 394; baseline -0.012 -11"><span class='ocrx_word' id='word_1_15' title='bbox 190 340 236 383; x_wconf 81' lang='grc' dir='ltr'><em>δὲ</em></span> <span class='ocrx_word' id='word_1_16' title='bbox 257 342 332 382; x_wconf 83' lang='grc' dir='ltr'><em>τοῦ</em></span> <span class='ocrx_word' id='word_1_17' title='bbox 359 336 596 394; x_wconf 79' lang='grc' dir='ltr'><strong><em>Ἀπριλλίου</em></strong></span> <span class='ocrx_word' id='word_1_18' title='bbox 627 331 781 391; x_wconf 78' lang='grc' dir='ltr'><em>μηνὸς,</em></span> <span class='ocrx_word' id='word_1_19' title='bbox 821 331 888 374; x_wconf 84' lang='grc' dir='ltr'><em>καὶ</em></span> <span class='ocrx_word' id='word_1_20' title='bbox 913 328 1010 387; x_wconf 69' lang='grc' dir='ltr'><em>ἕκτῃ</em></span> <span class='ocrx_word' id='word_1_21' title='bbox 1038 331 1115 371; x_wconf 81' lang='grc' dir='ltr'><em>τοῦ</em></span> <span class='ocrx_word' id='word_1_22' title='bbox 1146 325 1262 385; x_wconf 73' lang='grc' dir='ltr'><em>παρ’·</em></span> <span class='ocrx_word' id='word_1_23' title='bbox 1283 323 1538 383; x_wconf 77' lang='grc' dir='ltr'><strong><em>Αἰγυπτίοις</em></strong></span> <span class='ocrx_word' id='word_1_24' title='bbox 1569 326 1692 380; x_wconf 85' lang='grc' dir='ltr'><em>Φαρ-</em></span> 
     </span>
     <span class='ocr_line' id='line_1_4' title="bbox 189 395 1692 467; baseline -0.011 -14"><span class='ocrx_word' id='word_1_25' title='bbox 189 410 326 467; x_wconf 85' lang='grc' dir='ltr'><em>μουθὶ</em></span> <span class='ocrx_word' id='word_1_26' title='bbox 338 441 351 462; x_wconf 90' lang='grc'><em>,</em></span> <span class='ocrx_word' id='word_1_27' title='bbox 376 404 589 462; x_wconf 84' lang='grc' dir='ltr'><em>ὠνόμασεν</em></span> <span class='ocrx_word' id='word_1_28' title='bbox 603 403 738 459; x_wconf 79' lang='grc' dir='ltr'><em>Ἀδὰμ</em></span> <span class='ocrx_word' id='word_1_29' title='bbox 760 401 815 446; x_wconf 77' lang='grc' dir='ltr'><em>τὰ</em></span> <span class='ocrx_word' id='word_1_30' title='bbox 837 399 961 458; x_wconf 74' lang='grc' dir='ltr'><em>ἄγρια</em></span> <span class='ocrx_word' id='word_1_31' title='bbox 977 399 1114 456; x_wconf 89' lang='grc' dir='ltr'><em>θηριά</em></span> <span class='ocrx_word' id='word_1_32' title='bbox 1133 398 1239 457; x_wconf 88' lang='grc' dir='ltr'><em>θείῳ</em></span> <span class='ocrx_word' id='word_1_33' title='bbox 1258 397 1339 440; x_wconf 88' lang='grc' dir='ltr'><em>τινὶ</em></span> <span class='ocrx_word' id='word_1_34' title='bbox 1352 395 1600 454; x_wconf 81' lang='grc' dir='ltr'><em>χαρίσματι.</em></span> <span class='ocrx_word' id='word_1_35' title='bbox 1637 396 1692 452; x_wconf 85' lang='grc' dir='ltr'><em>τῇ</em></span> 
     </span>
     <span class='ocr_line' id='line_1_5' title="bbox 191 462 1692 538; baseline -0.011 -14"><span class='ocrx_word' id='word_1_36' title='bbox 191 478 365 538; x_wconf 74' lang='grc' dir='ltr'><em>δευτέρα</em></span> <span class='ocrx_word' id='word_1_37' title='bbox 387 475 522 537; x_wconf 71' lang='grc' dir='ltr'><em>ἡμέρᾳ</em></span> <span class='ocrx_word' id='word_1_38' title='bbox 548 478 623 531; x_wconf 74' lang='grc' dir='ltr'><em>τῆς</em></span> <span class='ocrx_word' id='word_1_39' title='bbox 653 473 848 531; x_wconf 80' lang='grc' dir='ltr'><em>δευτέρας</em></span> <span class='ocrx_word' id='word_1_40' title='bbox 879 467 1117 526; x_wconf 70' lang='grc' dir='ltr'><em>ἑβδομάδος</em></span> <span class='ocrx_word' id='word_1_41' title='bbox 1139 466 1331 524; x_wconf 82' lang='grc' dir='ltr'><em>ὠνόμασε</em></span> <span class='ocrx_word' id='word_1_42' title='bbox 1360 466 1416 511; x_wconf 78' lang='grc' dir='ltr'><em>τὰ</em></span> <span class='ocrx_word' id='word_1_43' title='bbox 1445 462 1591 522; x_wconf 82' lang='grc' dir='ltr'><em>κτήνη.</em></span> <span class='ocrx_word' id='word_1_44' title='bbox 1637 467 1692 523; x_wconf 89' lang='grc' dir='ltr'><em>τῇ</em></span> 
     </span>
     <span class='ocr_line' id='line_1_6' title="bbox 191 534 1720 608; baseline -0.009 -15"><span class='ocrx_word' id='word_1_45' title='bbox 191 551 312 608; x_wconf 81' lang='grc' dir='ltr'><em>τρίτῃ</em></span> <span class='ocrx_word' id='word_1_46' title='bbox 331 547 465 607; x_wconf 72' lang='grc' dir='ltr'><em>ἡμέρα</em></span> <span class='ocrx_word' id='word_1_47' title='bbox 484 550 560 603; x_wconf 81' lang='grc' dir='ltr'><em>τῆς</em></span> <span class='ocrx_word' id='word_1_48' title='bbox 583 544 777 602; x_wconf 75' lang='grc' dir='ltr'><em>δευτέρας</em></span> <span class='ocrx_word' id='word_1_49' title='bbox 797 538 1035 598; x_wconf 71' lang='grc' dir='ltr'><em>ἑβδομάδος</em></span> <span class='ocrx_word' id='word_1_50' title='bbox 1055 537 1248 596; x_wconf 83' lang='grc' dir='ltr'><em>ὠνόμασε</em></span> <span class='ocrx_word' id='word_1_51' title='bbox 1269 538 1321 583; x_wconf 79' lang='grc' dir='ltr'><em>τὰ</em></span> <span class='ocrx_word' id='word_1_52' title='bbox 1341 534 1518 601; x_wconf 78' lang='grc' dir='ltr'><em>πετεινά.</em></span> <span class='ocrx_word' id='word_1_53' title='bbox 1551 538 1605 595; x_wconf 89' lang='grc' dir='ltr'><em>τῇ</em></span> <span class='ocrx_word' id='word_1_54' title='bbox 1625 540 1720 580; x_wconf 88' lang='grc' dir='ltr'><em>τε-5</em></span> 
     </span>
     <span class='ocr_line' id='line_1_7' title="bbox 192 604 1695 678; baseline -0.009 -14"><span class='ocrx_word' id='word_1_55' title='bbox 192 618 328 678; x_wconf 89' lang='grc' dir='ltr'><em>τάρτῃ</em></span> <span class='ocrx_word' id='word_1_56' title='bbox 361 616 496 678; x_wconf 71' lang='grc' dir='ltr'><em>ἡμέρα</em></span> <span class='ocrx_word' id='word_1_57' title='bbox 523 620 600 673; x_wconf 80' lang='grc' dir='ltr'><em>τῆς</em></span> <span class='ocrx_word' id='word_1_58' title='bbox 632 613 826 672; x_wconf 85' lang='grc' dir='ltr'><em>δευτέρας</em></span> <span class='ocrx_word' id='word_1_59' title='bbox 856 609 1094 669; x_wconf 72' lang='grc' dir='ltr'><em>ἑβδομάδος</em></span> <span class='ocrx_word' id='word_1_60' title='bbox 1124 608 1318 666; x_wconf 83' lang='grc' dir='ltr'><em>ὠνόμασε</em></span> <span class='ocrx_word' id='word_1_61' title='bbox 1346 608 1401 654; x_wconf 77' lang='grc' dir='ltr'><em>τὰ</em></span> <span class='ocrx_word' id='word_1_62' title='bbox 1428 604 1594 667; x_wconf 74' lang='grc' dir='ltr'><em>ἑρπετά.</em></span> <span class='ocrx_word' id='word_1_63' title='bbox 1641 611 1695 666; x_wconf 89' lang='grc' dir='ltr'><em>τῇ</em></span> 
     </span>
     <span class='ocr_line' id='line_1_8' title="bbox 193 675 1695 748; baseline -0.009 -13"><span class='ocrx_word' id='word_1_64' title='bbox 193 690 360 748; x_wconf 84' lang='grc' dir='ltr'><em>πέμπτῃ</em></span> <span class='ocrx_word' id='word_1_65' title='bbox 388 686 523 748; x_wconf 73' lang='grc' dir='ltr'><em>ἡμέρᾳ</em></span> <span class='ocrx_word' id='word_1_66' title='bbox 550 690 627 743; x_wconf 81' lang='grc' dir='ltr'><em>τῇς</em></span> <span class='ocrx_word' id='word_1_67' title='bbox 653 684 848 742; x_wconf 82' lang='grc' dir='ltr'><em>δευτέρας</em></span> <span class='ocrx_word' id='word_1_68' title='bbox 880 680 1118 739; x_wconf 72' lang='grc' dir='ltr'><em>ἑβδομάδος</em></span> <span class='ocrx_word' id='word_1_69' title='bbox 1150 679 1342 737; x_wconf 84' lang='grc' dir='ltr'><em>ὠνόμασε</em></span> <span class='ocrx_word' id='word_1_70' title='bbox 1373 679 1429 724; x_wconf 79' lang='grc' dir='ltr'><em>τὰ</em></span> <span class='ocrx_word' id='word_1_71' title='bbox 1451 675 1597 736; x_wconf 89' lang='grc' dir='ltr'><em>νηκτά.</em></span> <span class='ocrx_word' id='word_1_72' title='bbox 1641 682 1695 737; x_wconf 83' lang='grc' dir='ltr'><em>τῇ</em></span> 
     </span>
    </p>

    <p class='ocr_par' dir='ltr' id='par_1_3' title="bbox 162 746 1754 1524">
     <span class='ocr_line' id='line_1_9' title="bbox 162 746 1698 820; baseline -0.008 -15"><span class='ocrx_word' id='word_1_73' title='bbox 162 761 300 820; x_wconf 67' lang='grc' dir='ltr'><em>Οὲκτῃ</em></span> <span class='ocrx_word' id='word_1_74' title='bbox 322 758 456 819; x_wconf 76' lang='grc' dir='ltr'><em>ἡμέρᾳ</em></span> <span class='ocrx_word' id='word_1_75' title='bbox 475 762 552 814; x_wconf 84' lang='grc' dir='ltr'><em>τῆς</em></span> <span class='ocrx_word' id='word_1_76' title='bbox 575 756 770 816; x_wconf 83' lang='grc' dir='ltr'><em>δευτέρας</em></span> <span class='ocrx_word' id='word_1_77' title='bbox 790 751 1029 811; x_wconf 71' lang='grc' dir='ltr'><em>ἑβδομάδος</em></span> <span class='ocrx_word' id='word_1_78' title='bbox 1039 787 1053 807; x_wconf 94' lang='grc'><em>,</em></span> <span class='ocrx_word' id='word_1_79' title='bbox 1091 751 1184 809; x_wconf 74' lang='grc' dir='ltr'><em>ἥτις</em></span> <span class='ocrx_word' id='word_1_80' title='bbox 1212 746 1264 809; x_wconf 74' lang='grc' dir='ltr'><em>ἡν</em></span> <span class='ocrx_word' id='word_1_81' title='bbox 1292 750 1401 795; x_wconf 80' lang='grc' dir='ltr'><em>κατὰ</em></span> <span class='ocrx_word' id='word_1_82' title='bbox 1422 750 1499 807; x_wconf 78' lang='grc' dir='ltr'><em>μὲν</em></span> <span class='ocrx_word' id='word_1_83' title='bbox 1515 747 1698 806; x_wconf 85' lang='grc' dir='ltr'><em>Ῥωμαί-</em></span> 
     </span>
     <span class='ocr_line' id='line_1_10' title="bbox 197 818 1694 889; baseline -0.008 -13"><span class='ocrx_word' id='word_1_84' title='bbox 197 849 271 883; x_wconf 90' lang='grc' dir='ltr'><em>ους</em></span> <span class='ocrx_word' id='word_1_85' title='bbox 287 829 522 889; x_wconf 82' lang='grc' dir='ltr'><em>Ἀπριλλίου</em></span> <span class='ocrx_word' id='word_1_86' title='bbox 553 827 673 886; x_wconf 69' lang='grc' dir='ltr'><em>ἓκτη,</em></span> <span class='ocrx_word' id='word_1_87' title='bbox 712 825 821 871; x_wconf 81' lang='grc' dir='ltr'><em>κατὰ</em></span> <span class='ocrx_word' id='word_1_88' title='bbox 853 825 898 869; x_wconf 80' lang='grc' dir='ltr'><em>δὲ</em></span> <span class='ocrx_word' id='word_1_89' title='bbox 928 824 1192 882; x_wconf 77' lang='grc' dir='ltr'><em>Αἰγυπτίους</em></span> <span class='ocrx_word' id='word_1_90' title='bbox 1222 823 1459 880; x_wconf 77' lang='grc' dir='ltr'><em>Φαρμουθὶ</em></span> <span class='ocrx_word' id='word_1_91' title='bbox 1481 818 1694 878; x_wconf 68' lang='grc' dir='ltr'><em>ἑνδεκάτη,</em></span> 
     </span>
     <span class='ocr_line' id='line_1_11' title="bbox 197 891 1754 959; baseline -0.006 -13"><span class='ocrx_word' id='word_1_92' title='bbox 197 901 339 959; x_wconf 77' lang='grc' dir='ltr'><em>λαβὼν</em></span> <span class='ocrx_word' id='word_1_93' title='bbox 359 898 381 945; x_wconf 80' lang='grc' dir='ltr'><em>ὃ</em></span> <span class='ocrx_word' id='word_1_94' title='bbox 402 899 504 951; x_wconf 83' lang='grc' dir='ltr'><em>θεὸς</em></span> <span class='ocrx_word' id='word_1_95' title='bbox 524 898 649 959; x_wconf 89' lang='grc' dir='ltr'><em>μέρος</em></span> <span class='ocrx_word' id='word_1_96' title='bbox 667 916 707 942; x_wconf 91' lang='grc' dir='ltr'><em>τι</em></span> <span class='ocrx_word' id='word_1_97' title='bbox 731 901 807 955; x_wconf 83' lang='grc' dir='ltr'><em>τῆς</em></span> <span class='ocrx_word' id='word_1_98' title='bbox 832 899 1015 954; x_wconf 83' lang='grc' dir='ltr'><em>πλευρᾶς</em></span> <span class='ocrx_word' id='word_1_99' title='bbox 1032 899 1109 939; x_wconf 83' lang='grc' dir='ltr'><em>τοῦ</em></span> <span class='ocrx_word' id='word_1_100' title='bbox 1124 893 1259 950; x_wconf 78' lang='grc' dir='ltr'><em>Ἀδὰμ</em></span> <span class='ocrx_word' id='word_1_101' title='bbox 1278 891 1432 937; x_wconf 67' lang='grc' dir='ltr'><em>ἔπλασε</em></span> <span class='ocrx_word' id='word_1_102' title='bbox 1455 891 1533 949; x_wconf 87' lang='grc' dir='ltr'><em>τὴν</em></span> <span class='ocrx_word' id='word_1_103' title='bbox 1551 899 1698 950; x_wconf 76' lang='grc' dir='ltr'><em>γυναΐ-</em></span> <span class='ocrx_word' id='word_1_104' title='bbox 1713 901 1754 938; x_wconf 86' lang='grc'><em>10</em></span> 
     </span>
     <span class='ocr_line' id='line_1_12' title="bbox 197 961 1701 1031; baseline -0.007 -15"><span class='ocrx_word' id='word_1_105' title='bbox 197 990 264 1017; x_wconf 93' lang='grc' dir='ltr'><em>κα.</em></span> <span class='ocrx_word' id='word_1_106' title='bbox 312 976 364 1031; x_wconf 88' lang='grc' dir='ltr'><em>τῇ</em></span> <span class='ocrx_word' id='word_1_107' title='bbox 382 973 695 1029; x_wconf 81' lang='grc' dir='ltr'><em>τεσσαρακοστῇ</em></span> <span class='ocrx_word' id='word_1_108' title='bbox 714 966 811 1027; x_wconf 70' lang='grc' dir='ltr'><em>ἕκτῃ</em></span> <span class='ocrx_word' id='word_1_109' title='bbox 830 965 966 1028; x_wconf 70' lang='grc' dir='ltr'><em>ἡμέρα</em></span> <span class='ocrx_word' id='word_1_110' title='bbox 986 970 1063 1024; x_wconf 78' lang='grc' dir='ltr'><em>τῆς</em></span> <span class='ocrx_word' id='word_1_111' title='bbox 1085 965 1375 1021; x_wconf 88' lang='grc' dir='ltr'><em>κοσμοποιιάς,</em></span> <span class='ocrx_word' id='word_1_112' title='bbox 1394 961 1574 1022; x_wconf 83' lang='grc' dir='ltr'><em>τετάρτῃ</em></span> <span class='ocrx_word' id='word_1_113' title='bbox 1595 961 1701 1020; x_wconf 77' lang='grc' dir='ltr'><em>ἡμέ-</em></span> 
     </span>
     <span class='ocr_line' id='line_1_13' title="bbox 198 1031 1701 1104; baseline -0.006 -18"><span class='ocrx_word' id='word_1_114' title='bbox 198 1061 256 1104; x_wconf 76' lang='grc' dir='ltr'><em>ρα</em></span> <span class='ocrx_word' id='word_1_115' title='bbox 276 1047 351 1099; x_wconf 80' lang='grc' dir='ltr'><em>τῆς</em></span> <span class='ocrx_word' id='word_1_116' title='bbox 368 1039 550 1098; x_wconf 73' lang='grc' dir='ltr'><em>ἑβδόμης</em></span> <span class='ocrx_word' id='word_1_117' title='bbox 568 1037 808 1097; x_wconf 72' lang='grc' dir='ltr'><em>ἑβδομάδος</em></span> <span class='ocrx_word' id='word_1_118' title='bbox 815 1072 828 1093; x_wconf 91' lang='grc'><em>,</em></span> <span class='ocrx_word' id='word_1_119' title='bbox 867 1037 1031 1094; x_wconf 77' lang='grc' dir='ltr'><em>Παχών</em></span> <span class='ocrx_word' id='word_1_120' title='bbox 1055 1031 1508 1095; x_wconf 83' lang='grc' dir='ltr'><em>τεσσαρεσκαιδεκάτῃ,</em></span> <span class='ocrx_word' id='word_1_121' title='bbox 1548 1036 1701 1079; x_wconf 68' lang='grc' dir='ltr'><em>Μαΐου</em></span> 
     </span>
     <span class='ocr_line' id='line_1_14' title="bbox 198 1101 1700 1172; baseline -0.005 -15"><span class='ocrx_word' id='word_1_122' title='bbox 198 1111 337 1172; x_wconf 72' lang='grc' dir='ltr'><em>ἐνάτῃ,</em></span> <span class='ocrx_word' id='word_1_123' title='bbox 376 1109 635 1169; x_wconf 73' lang='grc' dir='ltr'><em>ἡλίουόντος</em></span> <span class='ocrx_word' id='word_1_124' title='bbox 660 1108 803 1170; x_wconf 81' lang='grc' dir='ltr'><em>ταύρῳ</em></span> <span class='ocrx_word' id='word_1_125' title='bbox 824 1110 893 1153; x_wconf 88' lang='grc' dir='ltr'><em>καὶ</em></span> <span class='ocrx_word' id='word_1_126' title='bbox 914 1106 1089 1166; x_wconf 81' lang='grc' dir='ltr'><em>σελήνης</em></span> <span class='ocrx_word' id='word_1_127' title='bbox 1118 1108 1304 1167; x_wconf 82' lang='grc' dir='ltr'><em>σκορπίῳ</em></span> <span class='ocrx_word' id='word_1_128' title='bbox 1330 1106 1439 1150; x_wconf 80' lang='grc' dir='ltr'><em>κατὰ</em></span> <span class='ocrx_word' id='word_1_129' title='bbox 1462 1101 1700 1165; x_wconf 88' lang='grc' dir='ltr'><em>διάμετρον,</em></span> 
     </span>
     <span class='ocr_line' id='line_1_15' title="bbox 198 1176 1702 1243; baseline -0.006 -15"><span class='ocrx_word' id='word_1_130' title='bbox 198 1185 243 1228; x_wconf 74' lang='grc' dir='ltr'><em>ἐν</em></span> <span class='ocrx_word' id='word_1_131' title='bbox 260 1188 312 1243; x_wconf 86' lang='grc' dir='ltr'><em>τῇ</em></span> <span class='ocrx_word' id='word_1_132' title='bbox 332 1187 415 1227; x_wconf 83' lang='grc' dir='ltr'><em>τῶν</em></span> <span class='ocrx_word' id='word_1_133' title='bbox 436 1180 658 1226; x_wconf 87' lang='grc' dir='ltr'><em>Πλειάδων</em></span> <span class='ocrx_word' id='word_1_134' title='bbox 684 1182 852 1239; x_wconf 75' lang='grc' dir='ltr'><em>ἐπιτολῇ</em></span> <span class='ocrx_word' id='word_1_135' title='bbox 863 1213 877 1234; x_wconf 94' lang='grc'><em>,</em></span> <span class='ocrx_word' id='word_1_136' title='bbox 918 1178 1130 1237; x_wconf 75' lang='grc' dir='ltr'><em>εἰσήγαγεν</em></span> <span class='ocrx_word' id='word_1_137' title='bbox 1152 1177 1174 1223; x_wconf 81' lang='grc' dir='ltr'><em>ὃ</em></span> <span class='ocrx_word' id='word_1_138' title='bbox 1202 1178 1306 1230; x_wconf 84' lang='grc' dir='ltr'><em>θεὸς</em></span> <span class='ocrx_word' id='word_1_139' title='bbox 1325 1177 1400 1222; x_wconf 81' lang='grc' dir='ltr'><em>τὸν</em></span> <span class='ocrx_word' id='word_1_140' title='bbox 1417 1176 1551 1234; x_wconf 77' lang='grc' dir='ltr'><em>Ἀδὰμ</em></span> <span class='ocrx_word' id='word_1_141' title='bbox 1574 1177 1618 1221; x_wconf 75' lang='grc' dir='ltr'><em>ἐν</em></span> <span class='ocrx_word' id='word_1_142' title='bbox 1640 1180 1702 1237; x_wconf 74' lang='grc' dir='ltr'><em>τῷ</em></span> 
     </span>
     <span class='ocr_line' id='line_1_16' title="bbox 198 1245 1754 1314; baseline -0.003 -16"><span class='ocrx_word' id='word_1_143' title='bbox 198 1254 438 1314; x_wconf 78' lang='grc' dir='ltr'><em>παραδείσῳ</em></span> <span class='ocrx_word' id='word_1_144' title='bbox 461 1253 569 1297; x_wconf 74' lang='grc' dir='ltr'><em>κατὰ</em></span> <span class='ocrx_word' id='word_1_145' title='bbox 590 1252 665 1310; x_wconf 83' lang='grc' dir='ltr'><em>τὴν</em></span> <span class='ocrx_word' id='word_1_146' title='bbox 684 1250 1023 1311; x_wconf 84' lang='grc' dir='ltr'><em>τεσσαρακοστὴν</em></span> <span class='ocrx_word' id='word_1_147' title='bbox 1043 1248 1205 1309; x_wconf 83' lang='grc' dir='ltr'><em>ἡμέραν</em></span> <span class='ocrx_word' id='word_1_148' title='bbox 1224 1253 1302 1306; x_wconf 83' lang='grc' dir='ltr'><em>τῆς</em></span> <span class='ocrx_word' id='word_1_149' title='bbox 1326 1245 1520 1300; x_wconf 86' lang='grc' dir='ltr'><em>πλάσεως</em></span> <span class='ocrx_word' id='word_1_150' title='bbox 1551 1248 1698 1293; x_wconf 73' lang='grc' dir='ltr'><em>αὐτοῦ.</em></span> <span class='ocrx_word' id='word_1_151' title='bbox 1713 1256 1754 1294; x_wconf 76' lang='grc'><em>15</em></span> 
     </span>
     <span class='ocr_line' id='line_1_17' title="bbox 199 1317 1704 1385; baseline -0.005 -15"><span class='ocrx_word' id='word_1_152' title='bbox 199 1330 252 1385; x_wconf 89' lang='grc' dir='ltr'><em>τῇ</em></span> <span class='ocrx_word' id='word_1_153' title='bbox 273 1322 400 1383; x_wconf 80' lang='grc' dir='ltr'><em>ὀγδόῃ</em></span> <span class='ocrx_word' id='word_1_154' title='bbox 421 1322 555 1385; x_wconf 69' lang='grc' dir='ltr'><em>ἡμέρα</em></span> <span class='ocrx_word' id='word_1_155' title='bbox 576 1328 652 1381; x_wconf 83' lang='grc' dir='ltr'><em>τῆς</em></span> <span class='ocrx_word' id='word_1_156' title='bbox 670 1323 965 1380; x_wconf 90' lang='grc' dir='ltr'><em>κοσμοποιίας,</em></span> <span class='ocrx_word' id='word_1_157' title='bbox 1003 1323 1324 1380; x_wconf 82' lang='grc' dir='ltr'><em>τεσσαρακοστῇ</em></span> <span class='ocrx_word' id='word_1_158' title='bbox 1350 1317 1531 1379; x_wconf 87' lang='grc' dir='ltr'><em>τετάρτῃ</em></span> <span class='ocrx_word' id='word_1_159' title='bbox 1559 1321 1606 1364; x_wconf 80' lang='grc' dir='ltr'><em>δὲ</em></span> <span class='ocrx_word' id='word_1_160' title='bbox 1626 1323 1704 1376; x_wconf 83' lang='grc' dir='ltr'><em>τῇς</em></span> 
     </span>
     <span class='ocr_line' id='line_1_18' title="bbox 197 1388 1702 1456; baseline -0.003 -17"><span class='ocrx_word' id='word_1_161' title='bbox 197 1393 389 1446; x_wconf 88' lang='grc' dir='ltr'><em>πλάσεως</em></span> <span class='ocrx_word' id='word_1_162' title='bbox 430 1400 506 1439; x_wconf 80' lang='grc' dir='ltr'><em>τοῦ</em></span> <span class='ocrx_word' id='word_1_163' title='bbox 540 1395 674 1450; x_wconf 82' lang='grc' dir='ltr'><em>Ἀδὰμ</em></span> <span class='ocrx_word' id='word_1_164' title='bbox 685 1428 699 1449; x_wconf 92' lang='grc'><em>,</em></span> <span class='ocrx_word' id='word_1_165' title='bbox 734 1392 871 1456; x_wconf 73' lang='grc' dir='ltr'><em>ἡμέρα</em></span> <span class='ocrx_word' id='word_1_166' title='bbox 908 1397 1112 1452; x_wconf 87' lang='grc' dir='ltr'><em>κυριακῇ,</em></span> <span class='ocrx_word' id='word_1_167' title='bbox 1149 1391 1315 1449; x_wconf 81' lang='grc' dir='ltr'><em>Παχών</em></span> <span class='ocrx_word' id='word_1_168' title='bbox 1350 1388 1702 1450; x_wconf 82' lang='grc' dir='ltr'><em>ὃκτωκαιδεκάτῃ,</em></span> 
     </span>
     <span class='ocr_line' id='line_1_19' title="bbox 197 1461 1705 1524; baseline -0.003 -14"><span class='ocrx_word' id='word_1_169' title='bbox 197 1468 350 1512; x_wconf 77' lang='grc' dir='ltr'><em>Μαΐου</em></span> <span class='ocrx_word' id='word_1_170' title='bbox 371 1463 687 1524; x_wconf 86' lang='grc' dir='ltr'><em>τρισκαιδεκάτῃ</em></span> <span class='ocrx_word' id='word_1_171' title='bbox 701 1499 715 1520; x_wconf 93' lang='grc'><em>,</em></span> <span class='ocrx_word' id='word_1_172' title='bbox 753 1465 859 1522; x_wconf 76' lang='grc' dir='ltr'><em>μετὰ</em></span> <span class='ocrx_word' id='word_1_173' title='bbox 878 1472 990 1523; x_wconf 82' lang='grc' dir='ltr'><em>τρεῖς</em></span> <span class='ocrx_word' id='word_1_174' title='bbox 1016 1461 1176 1524; x_wconf 83' lang='grc' dir='ltr'><em>ἡμέρας</em></span> <span class='ocrx_word' id='word_1_175' title='bbox 1196 1467 1274 1520; x_wconf 81' lang='grc' dir='ltr'><em>τῆς</em></span> <span class='ocrx_word' id='word_1_176' title='bbox 1303 1463 1347 1506; x_wconf 77' lang='grc' dir='ltr'><em>ἒν</em></span> <span class='ocrx_word' id='word_1_177' title='bbox 1368 1466 1429 1523; x_wconf 80' lang='grc' dir='ltr'><em>τῷ</em></span> <span class='ocrx_word' id='word_1_178' title='bbox 1459 1464 1705 1524; x_wconf 85' lang='grc' dir='ltr'><em>παραδείσῳ</em></span> 
     </span>
    </p>

    <p class='ocr_par' dir='ltr' id='par_1_4' title="bbox 163 1532 1754 1738">
     <span class='ocr_line' id='line_1_20' title="bbox 163 1532 1707 1597; baseline 0 -19"><span class='ocrx_word' id='word_1_179' title='bbox 163 1537 337 1581; x_wconf 77' lang='grc' dir='ltr'><em>Βαῦτοῦ</em></span> <span class='ocrx_word' id='word_1_180' title='bbox 360 1534 548 1592; x_wconf 81' lang='grc' dir='ltr'><em>εἲσόδου,</em></span> <span class='ocrx_word' id='word_1_181' title='bbox 586 1534 705 1593; x_wconf 89' lang='grc' dir='ltr'><em>ἡλιόυ</em></span> <span class='ocrx_word' id='word_1_182' title='bbox 728 1535 848 1588; x_wconf 71' lang='grc' dir='ltr'><em>ὄντος</em></span> <span class='ocrx_word' id='word_1_183' title='bbox 868 1533 1012 1597; x_wconf 79' lang='grc' dir='ltr'><em>ταύρῳ</em></span> <span class='ocrx_word' id='word_1_184' title='bbox 1031 1537 1102 1580; x_wconf 88' lang='grc' dir='ltr'><em>καὶ</em></span> <span class='ocrx_word' id='word_1_185' title='bbox 1121 1532 1297 1592; x_wconf 83' lang='grc' dir='ltr'><em>σελήνης</em></span> <span class='ocrx_word' id='word_1_186' title='bbox 1317 1532 1583 1593; x_wconf 78' lang='grc' dir='ltr'><em>αῗγοκέρωτι,</em></span> <span class='ocrx_word' id='word_1_187' title='bbox 1619 1535 1707 1578; x_wconf 79' lang='grc' dir='ltr'><em>ε’νε-</em></span> 
     </span>
     <span class='ocr_line' id='line_1_21' title="bbox 198 1602 1754 1670; baseline -0.001 -19"><span class='ocrx_word' id='word_1_188' title='bbox 198 1608 360 1651; x_wconf 85' lang='grc' dir='ltr'><em>τείλατο</em></span> <span class='ocrx_word' id='word_1_189' title='bbox 385 1604 406 1651; x_wconf 83' lang='grc' dir='ltr'><em>ὅ</em></span> <span class='ocrx_word' id='word_1_190' title='bbox 433 1607 536 1662; x_wconf 82' lang='grc' dir='ltr'><em>θεὸς</em></span> <span class='ocrx_word' id='word_1_191' title='bbox 559 1611 618 1670; x_wconf 75' lang='grc' dir='ltr'><em>τῷ</em></span> <span class='ocrx_word' id='word_1_192' title='bbox 637 1606 771 1666; x_wconf 81' lang='grc' dir='ltr'><em>Ἀδὰμ</em></span> <span class='ocrx_word' id='word_1_193' title='bbox 790 1606 1021 1667; x_wconf 82' lang='grc' dir='ltr'><em>ἀπέχεσθαι</em></span> <span class='ocrx_word' id='word_1_194' title='bbox 1042 1611 1118 1665; x_wconf 79' lang='grc' dir='ltr'><em>τῆς</em></span> <span class='ocrx_word' id='word_1_195' title='bbox 1139 1603 1341 1667; x_wconf 82' lang='grc' dir='ltr'><em>βρώσεως</em></span> <span class='ocrx_word' id='word_1_196' title='bbox 1367 1608 1443 1650; x_wconf 83' lang='grc' dir='ltr'><em>τοῦ</em></span> <span class='ocrx_word' id='word_1_197' title='bbox 1473 1602 1600 1659; x_wconf 80' lang='grc' dir='ltr'><em>ξύλου</em></span> <span class='ocrx_word' id='word_1_198' title='bbox 1628 1609 1706 1664; x_wconf 78' lang='grc' dir='ltr'><em>τῆς</em></span> <span class='ocrx_word' id='word_1_199' title='bbox 1717 1614 1754 1651; x_wconf 76' lang='grc'><em>2(</em></span> 
     </span>
     <span class='ocr_line' id='line_1_22' title="bbox 201 1676 403 1738; baseline -0.005 -15"><span class='ocrx_word' id='word_1_200' title='bbox 201 1676 403 1738; x_wconf 72' lang='grc' dir='ltr'><em>γνώσεως.</em></span> 
     </span>
    </p>
   </div>
   <div class='ocr_carea' id='block_1_3' title="bbox 203 1758 1710 1892">
    <p class='ocr_par' dir='ltr' id='par_1_5' title="bbox 203 1758 1710 1892">
     <span class='ocr_line' id='line_1_23' title="bbox 311 1758 1710 1826; baseline 0.001 -23"><span class='ocrx_word' id='word_1_201' title='bbox 311 1764 379 1820; x_wconf 91' lang='grc' dir='ltr'><em>Τῇ</em></span> <span class='ocrx_word' id='word_1_202' title='bbox 400 1760 643 1821; x_wconf 73' lang='grc' dir='ltr'><em>ἐνενηκοστῇ</em></span> <span class='ocrx_word' id='word_1_203' title='bbox 666 1763 785 1822; x_wconf 86' lang='grc' dir='ltr'><em>τρίτῃ</em></span> <span class='ocrx_word' id='word_1_204' title='bbox 805 1761 941 1826; x_wconf 71' lang='grc' dir='ltr'><em>ἡμέρα</em></span> <span class='ocrx_word' id='word_1_205' title='bbox 959 1766 1036 1821; x_wconf 77' lang='grc' dir='ltr'><em>τῆς</em></span> <span class='ocrx_word' id='word_1_206' title='bbox 1054 1762 1248 1819; x_wconf 83' lang='grc' dir='ltr'><em>κτίσεως,</em></span> <span class='ocrx_word' id='word_1_207' title='bbox 1288 1765 1340 1821; x_wconf 89' lang='grc' dir='ltr'><em>τῇ</em></span> <span class='ocrx_word' id='word_1_208' title='bbox 1372 1759 1547 1823; x_wconf 73' lang='grc' dir='ltr'><em>δευτέρᾳ</em></span> <span class='ocrx_word' id='word_1_209' title='bbox 1572 1758 1710 1823; x_wconf 73' lang='grc' dir='ltr'><em>ἡμέρᾳ</em></span> 
     </span>
     <span class='ocr_line' id='line_1_24' title="bbox 203 1831 1706 1892; baseline 0 -15"><span class='ocrx_word' id='word_1_210' title='bbox 203 1834 282 1889; x_wconf 77' lang='grc' dir='ltr'><em>τῆς</em></span> <span class='ocrx_word' id='word_1_211' title='bbox 309 1831 757 1891; x_wconf 82' lang='grc' dir='ltr'><em>τεσσαρεσκαιδεκάτης</em></span> <span class='ocrx_word' id='word_1_212' title='bbox 786 1832 1024 1892; x_wconf 71' lang='grc' dir='ltr'><em>ἑβδομάδος</em></span> <span class='ocrx_word' id='word_1_213' title='bbox 1033 1863 1047 1889; x_wconf 84' lang='lat'><em>,</em></span> <span class='ocrx_word' id='word_1_214' title='bbox 1086 1832 1194 1877; x_wconf 78' lang='grc' dir='ltr'><em>κατὰ</em></span> <span class='ocrx_word' id='word_1_215' title='bbox 1223 1831 1302 1890; x_wconf 83' lang='grc' dir='ltr'><em>τὴν</em></span> <span class='ocrx_word' id='word_1_216' title='bbox 1321 1831 1498 1890; x_wconf 75' lang='grc' dir='ltr'><em>θερινὴν</em></span> <span class='ocrx_word' id='word_1_217' title='bbox 1528 1831 1706 1891; x_wconf 81' lang='grc' dir='ltr'><em>τροπὴν,</em></span> 
     </span>
    </p>
   </div>
   <div class='ocr_carea' id='block_1_4' title="bbox 298 1943 1712 2139">
    <p class='ocr_par' dir='ltr' id='par_1_6' title="bbox 298 1943 1712 2139">
     <span class='ocr_line' id='line_1_25' title="bbox 301 1943 1712 1995; baseline 0.001 -14"><span class='ocrx_word' id='word_1_218' title='bbox 301 1946 334 1981; x_wconf 92' lang='grc'><em>1.</em></span> <span class='ocrx_word' id='word_1_219' title='bbox 363 1943 489 1981; x_wconf 81' lang='grc' dir='ltr'><em>Νισὰν</em></span> <span class='ocrx_word' id='word_1_220' title='bbox 513 1956 558 1980; x_wconf 88' lang='lat' dir='ltr'><em>m.</em></span> <span class='ocrx_word' id='word_1_221' title='bbox 583 1943 732 1983; x_wconf 79' lang='grc' dir='ltr'><em>Νισσᾶν</em></span> <span class='ocrx_word' id='word_1_222' title='bbox 757 1946 806 1983; x_wconf 85' lang='lat' dir='ltr'><em>G.</em></span> <span class='ocrx_word' id='word_1_223' title='bbox 877 1949 914 1985; x_wconf 73' lang='lat'><em>2.</em></span> <span class='ocrx_word' id='word_1_224' title='bbox 937 1946 1156 1995; x_wconf 76' lang='grc' dir='ltr'><em>Αἰγυπτίοις</em></span> <span class='ocrx_word' id='word_1_225' title='bbox 1178 1957 1224 1982; x_wconf 83' lang='lat' dir='ltr'><em>m.</em></span> <span class='ocrx_word' id='word_1_226' title='bbox 1239 1987 1241 1990; x_wconf 14' lang='grc' dir='ltr'><em>Α</em></span> <span class='ocrx_word' id='word_1_227' title='bbox 1259 1945 1442 1995; x_wconf 83' lang='grc' dir='ltr'><em>Εβραίοις</em></span> <span class='ocrx_word' id='word_1_228' title='bbox 1463 1944 1533 1985; x_wconf 59' lang='lat' dir='ltr'><em>G„</em></span> <span class='ocrx_word' id='word_1_229' title='bbox 1573 1946 1630 1981; x_wconf 89' lang='lat'><em>11.</em></span> <span class='ocrx_word' id='word_1_230' title='bbox 1655 1957 1712 1982; x_wconf 84' lang='grc' dir='ltr'><em>τε-</em></span> 
     </span>
     <span class='ocr_line' id='line_1_26' title="bbox 298 1989 1710 2042; baseline 0.001 -14"><span class='ocrx_word' id='word_1_231' title='bbox 298 1991 416 2040; x_wconf 81' lang='grc' dir='ltr'><em>τάρτῃ</em></span> <span class='ocrx_word' id='word_1_232' title='bbox 446 1989 567 2041; x_wconf 74' lang='grc' dir='ltr'><em>ἡμέρᾳ</em></span> <span class='ocrx_word' id='word_1_233' title='bbox 600 2005 644 2029; x_wconf 89' lang='lat' dir='ltr'><em>m.</em></span> <span class='ocrx_word' id='word_1_234' title='bbox 680 1992 862 2042; x_wconf 80' lang='grc' dir='ltr'><em>τετάρτην</em></span> <span class='ocrx_word' id='word_1_235' title='bbox 895 1992 1040 2042; x_wconf 81' lang='grc' dir='ltr'><em>ἡμέραν</em></span> <span class='ocrx_word' id='word_1_236' title='bbox 1072 1996 1118 2029; x_wconf 87' lang='lat' dir='ltr'><em>G.</em></span> <span class='ocrx_word' id='word_1_237' title='bbox 1253 1996 1311 2031; x_wconf 74' lang='lat'><em>12.</em></span> <span class='ocrx_word' id='word_1_238' title='bbox 1343 1998 1380 2029; x_wconf 91' lang='lat' dir='ltr'><em>et</em></span> <span class='ocrx_word' id='word_1_239' title='bbox 1405 1994 1462 2031; x_wconf 90' lang='grc'><em>17.</em></span> <span class='ocrx_word' id='word_1_240' title='bbox 1500 1994 1634 2040; x_wconf 78' lang='grc' dir='ltr'><em>παχῶν</em></span> <span class='ocrx_word' id='word_1_241' title='bbox 1666 1994 1710 2029; x_wconf 88' lang='lat' dir='ltr'><em>A.</em></span> 
     </span>
     <span class='ocr_line' id='line_1_27' title="bbox 301 2041 1712 2091; baseline 0 -15"><span class='ocrx_word' id='word_1_242' title='bbox 301 2042 359 2077; x_wconf 91' lang='grc'><em>16.</em></span> <span class='ocrx_word' id='word_1_243' title='bbox 394 2041 518 2086; x_wconf 85' lang='lat' dir='ltr'><strong>„Lego</strong></span> <span class='ocrx_word' id='word_1_244' title='bbox 542 2043 781 2091; x_wconf 82' lang='grc' dir='ltr'><em>πεντηκοστῇ,</em></span> <span class='ocrx_word' id='word_1_245' title='bbox 814 2048 963 2091; x_wconf 84' lang='lat' dir='ltr'><strong>accepta</strong></span> <span class='ocrx_word' id='word_1_246' title='bbox 988 2056 1010 2079; x_wconf 83' lang='lat' dir='ltr'><strong>a</strong></span> <span class='ocrx_word' id='word_1_247' title='bbox 1034 2042 1179 2078; x_wconf 82' lang='lat' dir='ltr'><strong>librario</strong></span> <span class='ocrx_word' id='word_1_248' title='bbox 1196 2055 1235 2089; x_wconf 90' lang='grc' dir='ltr'><em>η,</em></span> <span class='ocrx_word' id='word_1_249' title='bbox 1267 2041 1347 2077; x_wconf 89' lang='lat' dir='ltr'><strong>vice</strong></span> <span class='ocrx_word' id='word_1_250' title='bbox 1371 2055 1406 2084; x_wconf 89' lang='grc' dir='ltr'><em>ν,</em></span> <span class='ocrx_word' id='word_1_251' title='bbox 1440 2045 1478 2076; x_wconf 80' lang='lat' dir='ltr'><em>et</em></span> <span class='ocrx_word' id='word_1_252' title='bbox 1501 2041 1547 2077; x_wconf 84' lang='lat' dir='ltr'><strong>ad</strong></span> <span class='ocrx_word' id='word_1_253' title='bbox 1570 2041 1712 2088; x_wconf 84' lang='lat' dir='ltr'><strong>longum</strong></span> 
     </span>
     <span class='ocr_line' id='line_1_28' title="bbox 300 2085 1485 2139; baseline 0.001 -17"><span class='ocrx_word' id='word_1_254' title='bbox 300 2087 433 2134; x_wconf 87' lang='lat' dir='ltr'><strong>scripto</strong></span> <span class='ocrx_word' id='word_1_255' title='bbox 458 2085 608 2137; x_wconf 77' lang='grc' dir='ltr'><em>ὀγδόῃ.”</em></span> <span class='ocrx_word' id='word_1_256' title='bbox 625 2101 668 2127; x_wconf 84' lang='lat' dir='ltr'><em>m.</em></span> <span class='ocrx_word' id='word_1_257' title='bbox 763 2091 820 2129; x_wconf 90' lang='lat'><em>19.</em></span> <span class='ocrx_word' id='word_1_258' title='bbox 845 2090 1064 2139; x_wconf 75' lang='grc' dir='ltr'><em>αἰγοκέρωτι</em></span> <span class='ocrx_word' id='word_1_259' title='bbox 1087 2103 1131 2126; x_wconf 87' lang='lat' dir='ltr'><em>m.</em></span> <span class='ocrx_word' id='word_1_260' title='bbox 1163 2087 1412 2137; x_wconf 78' lang='grc' dir='ltr'><em>αἰγοκέρωτος</em></span> <span class='ocrx_word' id='word_1_261' title='bbox 1436 2089 1485 2124; x_wconf 85' lang='lat' dir='ltr'><em>G.</em></span> 
     </span>
    </p>
   </div>
   <div class='ocr_carea' id='block_1_5' title="bbox 210 2182 1718 2848">
    <p class='ocr_par' dir='ltr' id='par_1_7' title="bbox 210 2182 1718 2848">
     <span class='ocr_line' id='line_1_29' title="bbox 211 2182 1712 2234; baseline 0.003 -18"><span class='ocrx_word' id='word_1_262' title='bbox 211 2193 333 2228; x_wconf 85' lang='lat' dir='ltr'><strong>quam,</strong></span> <span class='ocrx_word' id='word_1_263' title='bbox 357 2182 483 2217; x_wconf 85' lang='lat' dir='ltr'>mensis</span> <span class='ocrx_word' id='word_1_264' title='bbox 513 2183 616 2229; x_wconf 89' lang='lat' dir='ltr'><strong>primi</strong></span> <span class='ocrx_word' id='word_1_265' title='bbox 645 2188 789 2230; x_wconf 82' lang='lat' dir='ltr'><strong>octavo,</strong></span> <span class='ocrx_word' id='word_1_266' title='bbox 825 2185 957 2233; x_wconf 82' lang='lat' dir='ltr'>Aprilis</span> <span class='ocrx_word' id='word_1_267' title='bbox 987 2185 1096 2234; x_wconf 88' lang='lat' dir='ltr'><strong>primo</strong></span> <span class='ocrx_word' id='word_1_268' title='bbox 1111 2211 1122 2230; x_wconf 89' lang='lat'>‚</span> <span class='ocrx_word' id='word_1_269' title='bbox 1157 2197 1198 2221; x_wconf 81' lang='lat' dir='ltr'><em>ac</em></span> <span class='ocrx_word' id='word_1_270' title='bbox 1224 2182 1434 2220; x_wconf 86' lang='lat' dir='ltr'><strong>Pharmuthi</strong></span> <span class='ocrx_word' id='word_1_271' title='bbox 1458 2183 1712 2230; x_wconf 80' lang='lat' dir='ltr'><strong>Aegyptiorum</strong></span> 
     </span>
     <span class='ocr_line' id='line_1_30' title="bbox 211 2230 1714 2279; baseline 0.003 -17"><span class='ocrx_word' id='word_1_272' title='bbox 211 2234 324 2272; x_wconf 84' lang='lat' dir='ltr'><strong>sexto,</strong></span> <span class='ocrx_word' id='word_1_273' title='bbox 341 2230 475 2264; x_wconf 90' lang='lat' dir='ltr'><strong>cunctis</strong></span> <span class='ocrx_word' id='word_1_274' title='bbox 493 2230 722 2267; x_wconf 80' lang='lat' dir='ltr'><strong>animantibus</strong></span> <span class='ocrx_word' id='word_1_275' title='bbox 741 2233 859 2269; x_wconf 88' lang='lat' dir='ltr'><strong>divino</strong></span> <span class='ocrx_word' id='word_1_276' title='bbox 881 2238 970 2269; x_wconf 92' lang='lat' dir='ltr'><strong>nutu</strong></span> <span class='ocrx_word' id='word_1_277' title='bbox 984 2234 1132 2269; x_wconf 81' lang='lat' dir='ltr'><strong>nomina</strong></span> <span class='ocrx_word' id='word_1_278' title='bbox 1143 2232 1308 2279; x_wconf 82' lang='lat' dir='ltr'>imposuit</span> <span class='ocrx_word' id='word_1_279' title='bbox 1331 2232 1494 2267; x_wconf 84' lang='lat' dir='ltr'><strong>Adamus.</strong></span> <span class='ocrx_word' id='word_1_280' title='bbox 1526 2232 1714 2267; x_wconf 79' lang='lat' dir='ltr'><strong>Secundae</strong></span> 
     </span>
     <span class='ocr_line' id='line_1_31' title="bbox 210 2275 1714 2326; baseline 0.002 -16"><span class='ocrx_word' id='word_1_281' title='bbox 210 2275 443 2311; x_wconf 83' lang='lat' dir='ltr'><strong>hebdomados</strong></span> <span class='ocrx_word' id='word_1_282' title='bbox 460 2276 537 2311; x_wconf 89' lang='lat' dir='ltr'><strong>luce</strong></span> <span class='ocrx_word' id='word_1_283' title='bbox 555 2277 666 2313; x_wconf 85' lang='lat' dir='ltr'><strong>altera</strong></span> <span class='ocrx_word' id='word_1_284' title='bbox 682 2279 855 2323; x_wconf 89' lang='lat' dir='ltr'><strong>iumentis,</strong></span> <span class='ocrx_word' id='word_1_285' title='bbox 877 2281 986 2316; x_wconf 88' lang='lat' dir='ltr'><strong>tertia</strong></span> <span class='ocrx_word' id='word_1_286' title='bbox 1004 2281 1239 2316; x_wconf 85' lang='lat' dir='ltr'><strong>hebdomados</strong></span> <span class='ocrx_word' id='word_1_287' title='bbox 1251 2280 1404 2315; x_wconf 84' lang='lat' dir='ltr'><strong>eiusdem</strong></span> <span class='ocrx_word' id='word_1_288' title='bbox 1423 2278 1623 2314; x_wconf 86' lang='lat' dir='ltr'><strong>volucribus</strong></span> <span class='ocrx_word' id='word_1_289' title='bbox 1647 2291 1714 2326; x_wconf 88' lang='lat' dir='ltr'><em>ap-</em></span> 
     </span>
     <span class='ocr_line' id='line_1_32' title="bbox 211 2323 1712 2375; baseline 0.003 -18"><span class='ocrx_word' id='word_1_290' title='bbox 211 2323 433 2369; x_wconf 88' lang='lat' dir='ltr'><strong>pellationem</strong></span> <span class='ocrx_word' id='word_1_291' title='bbox 459 2323 606 2367; x_wconf 83' lang='lat' dir='ltr'><strong>indidit,</strong></span> <span class='ocrx_word' id='word_1_292' title='bbox 640 2333 767 2372; x_wconf 86' lang='lat' dir='ltr'><strong>quarta</strong></span> <span class='ocrx_word' id='word_1_293' title='bbox 783 2328 843 2374; x_wconf 87' lang='lat' dir='ltr'><strong>qui</strong></span> <span class='ocrx_word' id='word_1_294' title='bbox 870 2328 1035 2374; x_wconf 88' lang='lat' dir='ltr'><strong>reptilia,</strong></span> <span class='ocrx_word' id='word_1_295' title='bbox 1064 2329 1189 2375; x_wconf 88' lang='lat' dir='ltr'><strong>quinta</strong></span> <span class='ocrx_word' id='word_1_296' title='bbox 1209 2328 1270 2374; x_wconf 88' lang='lat' dir='ltr'><strong>qui</strong></span> <span class='ocrx_word' id='word_1_297' title='bbox 1283 2326 1463 2369; x_wconf 82' lang='lat' dir='ltr'><strong>natatilia,</strong></span> <span class='ocrx_word' id='word_1_298' title='bbox 1489 2332 1712 2370; x_wconf 83' lang='lat' dir='ltr'><strong>vocarentur,</strong></span> 
     </span>
     <span class='ocr_line' id='line_1_33' title="bbox 211 2370 1713 2421; baseline 0.005 -18"><span class='ocrx_word' id='word_1_299' title='bbox 211 2370 370 2415; x_wconf 87' lang='lat' dir='ltr'><strong>protulit.</strong></span> <span class='ocrx_word' id='word_1_300' title='bbox 418 2370 526 2406; x_wconf 86' lang='lat' dir='ltr'><strong>Sexto</strong></span> <span class='ocrx_word' id='word_1_301' title='bbox 552 2372 705 2408; x_wconf 83' lang='lat' dir='ltr'><strong>eiusdem</strong></span> <span class='ocrx_word' id='word_1_302' title='bbox 729 2375 963 2420; x_wconf 72' lang='lat' dir='ltr'><strong>hebdomades</strong></span> <span class='ocrx_word' id='word_1_303' title='bbox 989 2376 1162 2411; x_wconf 84' lang='lat' dir='ltr'><strong>secundae</strong></span> <span class='ocrx_word' id='word_1_304' title='bbox 1189 2375 1269 2418; x_wconf 86' lang='lat' dir='ltr'><strong>die,</strong></span> <span class='ocrx_word' id='word_1_305' title='bbox 1303 2374 1363 2421; x_wconf 91' lang='lat' dir='ltr'><strong>qui</strong></span> <span class='ocrx_word' id='word_1_306' title='bbox 1390 2373 1554 2409; x_wconf 87' lang='lat' dir='ltr'><strong>Romanis</strong></span> <span class='ocrx_word' id='word_1_307' title='bbox 1580 2374 1713 2420; x_wconf 85' lang='lat' dir='ltr'><strong>Aprilis</strong></span> 
     </span>
     <span class='ocr_line' id='line_1_34' title="bbox 211 2417 1714 2472; baseline 0.005 -22"><span class='ocrx_word' id='word_1_308' title='bbox 211 2420 345 2472; x_wconf 46' lang='lat' dir='ltr'><strong>sext-m,</strong></span> <span class='ocrx_word' id='word_1_309' title='bbox 369 2417 554 2464; x_wconf 81' lang='lat' dir='ltr'><strong>Aegyptiis</strong></span> <span class='ocrx_word' id='word_1_310' title='bbox 569 2419 774 2456; x_wconf 82' lang='lat' dir='ltr'><strong>Pharmuthi</strong></span> <span class='ocrx_word' id='word_1_311' title='bbox 796 2423 1018 2466; x_wconf 87' lang='lat' dir='ltr'><strong>undecimus,</strong></span> <span class='ocrx_word' id='word_1_312' title='bbox 1044 2427 1223 2469; x_wconf 86' lang='lat' dir='ltr'><strong>assumpta</strong></span> <span class='ocrx_word' id='word_1_313' title='bbox 1245 2426 1366 2457; x_wconf 83' lang='lat' dir='ltr'><strong>costae</strong></span> <span class='ocrx_word' id='word_1_314' title='bbox 1387 2421 1508 2456; x_wconf 85' lang='lat' dir='ltr'><strong>Adami</strong></span> <span class='ocrx_word' id='word_1_315' title='bbox 1527 2421 1714 2467; x_wconf 83' lang='lat' dir='ltr'><strong>particula,</strong></span> 
     </span>
     <span class='ocr_line' id='line_1_35' title="bbox 210 2463 1715 2516; baseline 0.005 -18"><span class='ocrx_word' id='word_1_316' title='bbox 210 2463 388 2499; x_wconf 78' lang='lat' dir='ltr'><strong>mullerem</strong></span> <span class='ocrx_word' id='word_1_317' title='bbox 413 2477 456 2499; x_wconf 86' lang='lat' dir='ltr'><em>ex</em></span> <span class='ocrx_word' id='word_1_318' title='bbox 490 2476 532 2499; x_wconf 85' lang='lat' dir='ltr'><em>ea</em></span> <span class='ocrx_word' id='word_1_319' title='bbox 566 2466 730 2503; x_wconf 89' lang='lat' dir='ltr'><strong>formavit</strong></span> <span class='ocrx_word' id='word_1_320' title='bbox 757 2469 854 2505; x_wconf 90' lang='lat' dir='ltr'><strong>deus.</strong></span> <span class='ocrx_word' id='word_1_321' title='bbox 909 2470 1189 2516; x_wconf 82' lang='lat' dir='ltr'><strong>Quadragesimo</strong></span> <span class='ocrx_word' id='word_1_322' title='bbox 1227 2474 1326 2504; x_wconf 86' lang='lat' dir='ltr'><strong>sexto</strong></span> <span class='ocrx_word' id='word_1_323' title='bbox 1351 2468 1471 2504; x_wconf 87' lang='lat' dir='ltr'><strong>mundi</strong></span> <span class='ocrx_word' id='word_1_324' title='bbox 1501 2468 1612 2504; x_wconf 87' lang='lat' dir='ltr'><strong>creati</strong></span> <span class='ocrx_word' id='word_1_325' title='bbox 1643 2469 1715 2512; x_wconf 89' lang='lat' dir='ltr'><strong>die,</strong></span> 
     </span>
     <span class='ocr_line' id='line_1_36' title="bbox 212 2511 1716 2564; baseline 0.004 -19"><span class='ocrx_word' id='word_1_326' title='bbox 212 2511 382 2556; x_wconf 78' lang='lat' dir='ltr'><strong>septimae</strong></span> <span class='ocrx_word' id='word_1_327' title='bbox 401 2511 635 2548; x_wconf 80' lang='lat' dir='ltr'><strong>hebdomades</strong></span> <span class='ocrx_word' id='word_1_328' title='bbox 655 2520 799 2560; x_wconf 82' lang='lat' dir='ltr'><strong>quarto,</strong></span> <span class='ocrx_word' id='word_1_329' title='bbox 822 2517 966 2553; x_wconf 86' lang='lat' dir='ltr'><strong>Pachon</strong></span> <span class='ocrx_word' id='word_1_330' title='bbox 993 2523 1119 2564; x_wconf 85' lang='lat' dir='ltr'><strong>quarto</strong></span> <span class='ocrx_word' id='word_1_331' title='bbox 1130 2517 1278 2561; x_wconf 88' lang='lat' dir='ltr'><strong>decimo,</strong></span> <span class='ocrx_word' id='word_1_332' title='bbox 1299 2515 1388 2552; x_wconf 78' lang='lat' dir='ltr'><strong>Maii</strong></span> <span class='ocrx_word' id='word_1_333' title='bbox 1405 2527 1517 2558; x_wconf 84' lang='lat' dir='ltr'><strong>nono,</strong></span> <span class='ocrx_word' id='word_1_334' title='bbox 1543 2517 1616 2551; x_wconf 88' lang='lat' dir='ltr'><strong>sole</strong></span> <span class='ocrx_word' id='word_1_335' title='bbox 1633 2521 1716 2551; x_wconf 89' lang='lat' dir='ltr'><strong>tau-</strong></span> 
     </span>
     <span class='ocr_line' id='line_1_37' title="bbox 211 2558 1715 2611; baseline 0.005 -19"><span class='ocrx_word' id='word_1_336' title='bbox 211 2569 310 2600; x_wconf 87' lang='lat' dir='ltr'><strong>rum,</strong></span> <span class='ocrx_word' id='word_1_337' title='bbox 346 2558 430 2594; x_wconf 83' lang='lat' dir='ltr'><strong>luna</strong></span> <span class='ocrx_word' id='word_1_338' title='bbox 458 2560 671 2605; x_wconf 84' lang='lat' dir='ltr'><strong>scorpionem</strong></span> <span class='ocrx_word' id='word_1_339' title='bbox 700 2575 743 2597; x_wconf 89' lang='lat' dir='ltr'><em>ex</em></span> <span class='ocrx_word' id='word_1_340' title='bbox 769 2564 930 2610; x_wconf 87' lang='lat' dir='ltr'><strong>opposito</strong></span> <span class='ocrx_word' id='word_1_341' title='bbox 957 2566 1148 2607; x_wconf 84' lang='lat' dir='ltr'><strong>subeunte,</strong></span> <span class='ocrx_word' id='word_1_342' title='bbox 1184 2565 1221 2599; x_wconf 92' lang='lat' dir='ltr'><strong>in</strong></span> <span class='ocrx_word' id='word_1_343' title='bbox 1250 2564 1330 2611; x_wconf 89' lang='lat' dir='ltr'><strong>ipso</strong></span> <span class='ocrx_word' id='word_1_344' title='bbox 1358 2563 1540 2598; x_wconf 86' lang='lat' dir='ltr'><strong>Pleiadum</strong></span> <span class='ocrx_word' id='word_1_345' title='bbox 1576 2569 1715 2607; x_wconf 84' lang='lat' dir='ltr'><strong>exortu,</strong></span> 
     </span>
     <span class='ocr_line' id='line_1_38' title="bbox 213 2604 1717 2658; baseline 0.005 -19"><span class='ocrx_word' id='word_1_346' title='bbox 213 2604 481 2651; x_wconf 84' lang='lat' dir='ltr'><strong>quadragesima</strong></span> <span class='ocrx_word' id='word_1_347' title='bbox 499 2607 685 2643; x_wconf 82' lang='lat' dir='ltr'><strong>creationis</strong></span> <span class='ocrx_word' id='word_1_348' title='bbox 704 2610 778 2645; x_wconf 86' lang='lat' dir='ltr'><strong>eius</strong></span> <span class='ocrx_word' id='word_1_349' title='bbox 796 2611 874 2647; x_wconf 86' lang='lat' dir='ltr'><strong>luce</strong></span> <span class='ocrx_word' id='word_1_350' title='bbox 896 2612 982 2647; x_wconf 87' lang='lat' dir='ltr'><strong>deus</strong></span> <span class='ocrx_word' id='word_1_351' title='bbox 999 2612 1166 2647; x_wconf 86' lang='lat' dir='ltr'><strong>Adamum</strong></span> <span class='ocrx_word' id='word_1_352' title='bbox 1182 2612 1219 2647; x_wconf 90' lang='lat' dir='ltr'><strong>in</strong></span> <span class='ocrx_word' id='word_1_353' title='bbox 1240 2610 1441 2658; x_wconf 87' lang='lat' dir='ltr'><strong>paradisum</strong></span> <span class='ocrx_word' id='word_1_354' title='bbox 1458 2610 1608 2646; x_wconf 84' lang='lat' dir='ltr'><strong>induxit.</strong></span> <span class='ocrx_word' id='word_1_355' title='bbox 1660 2612 1717 2647; x_wconf 81' lang='lat' dir='ltr'><em>Ab</em></span> 
     </span>
     <span class='ocr_line' id='line_1_39' title="bbox 212 2651 1718 2707; baseline 0.005 -21"><span class='ocrx_word' id='word_1_356' title='bbox 212 2652 299 2687; x_wconf 87' lang='lat' dir='ltr'><strong>orbe</strong></span> <span class='ocrx_word' id='word_1_357' title='bbox 319 2657 436 2707; x_wconf 76' lang='lat' dir='ltr'><strong>creato</strong></span> <span class='ocrx_word' id='word_1_358' title='bbox 455 2651 513 2686; x_wconf 84' lang='lat' dir='ltr'><em>die</em></span> <span class='ocrx_word' id='word_1_359' title='bbox 528 2653 823 2702; x_wconf 85' lang='lat' dir='ltr'><strong>quinquagesimo,</strong></span> <span class='ocrx_word' id='word_1_360' title='bbox 849 2660 892 2693; x_wconf 85' lang='lat' dir='ltr'><strong>ab</strong></span> <span class='ocrx_word' id='word_1_361' title='bbox 909 2659 1033 2694; x_wconf 89' lang='lat' dir='ltr'><strong>Adami</strong></span> <span class='ocrx_word' id='word_1_362' title='bbox 1051 2659 1194 2694; x_wconf 87' lang='lat' dir='ltr'><strong>conditu</strong></span> <span class='ocrx_word' id='word_1_363' title='bbox 1212 2657 1477 2705; x_wconf 81' lang='lat' dir='ltr'><strong>quadragesimo</strong></span> <span class='ocrx_word' id='word_1_364' title='bbox 1495 2662 1635 2704; x_wconf 81' lang='lat' dir='ltr'><strong>quarto,</strong></span> <span class='ocrx_word' id='word_1_365' title='bbox 1658 2657 1718 2694; x_wconf 85' lang='lat' dir='ltr'><em>die</em></span> 
     </span>
     <span class='ocr_line' id='line_1_40' title="bbox 214 2698 1718 2755; baseline 0.005 -22"><span class='ocrx_word' id='word_1_366' title='bbox 214 2698 409 2755; x_wconf 67' lang='lat' dir='ltr'><strong>dominico,</strong></span> <span class='ocrx_word' id='word_1_367' title='bbox 441 2699 585 2754; x_wconf 73' lang='lat' dir='ltr'><strong>Pachon</strong></span> <span class='ocrx_word' id='word_1_368' title='bbox 614 2708 738 2738; x_wconf 82' lang='lat' dir='ltr'><strong>octavo</strong></span> <span class='ocrx_word' id='word_1_369' title='bbox 768 2706 922 2748; x_wconf 84' lang='lat' dir='ltr'><strong>decimo,</strong></span> <span class='ocrx_word' id='word_1_370' title='bbox 955 2706 1044 2742; x_wconf 87' lang='lat' dir='ltr'><strong>Maii</strong></span> <span class='ocrx_word' id='word_1_371' title='bbox 1072 2707 1181 2742; x_wconf 88' lang='lat' dir='ltr'><strong>tertio</strong></span> <span class='ocrx_word' id='word_1_372' title='bbox 1211 2706 1366 2749; x_wconf 89' lang='lat' dir='ltr'><strong>decimo,</strong></span> <span class='ocrx_word' id='word_1_373' title='bbox 1399 2705 1509 2740; x_wconf 86' lang='lat' dir='ltr'><strong>tertia</strong></span> <span class='ocrx_word' id='word_1_374' title='bbox 1537 2705 1718 2752; x_wconf 85' lang='lat' dir='ltr'><strong>ingressus</strong></span> 
     </span>
     <span class='ocr_line' id='line_1_41' title="bbox 215 2746 1718 2800; baseline 0.007 -21"><span class='ocrx_word' id='word_1_375' title='bbox 215 2756 291 2800; x_wconf 69' lang='lat' dir='ltr'><strong>eius</strong></span> <span class='ocrx_word' id='word_1_376' title='bbox 309 2758 346 2781; x_wconf 74' lang='lat' dir='ltr'><strong>in</strong></span> <span class='ocrx_word' id='word_1_377' title='bbox 367 2746 566 2792; x_wconf 74' lang='lat' dir='ltr'><strong>paradisum</strong></span> <span class='ocrx_word' id='word_1_378' title='bbox 584 2748 682 2792; x_wconf 90' lang='lat' dir='ltr'><strong>luce,</strong></span> <span class='ocrx_word' id='word_1_379' title='bbox 707 2750 781 2786; x_wconf 84' lang='lat' dir='ltr'><strong>sole</strong></span> <span class='ocrx_word' id='word_1_380' title='bbox 798 2757 935 2788; x_wconf 87' lang='lat' dir='ltr'><strong>taurum</strong></span> <span class='ocrx_word' id='word_1_381' title='bbox 948 2779 959 2796; x_wconf 87' lang='lat'>‚</span> <span class='ocrx_word' id='word_1_382' title='bbox 983 2754 1066 2788; x_wconf 89' lang='lat' dir='ltr'><strong>luna</strong></span> <span class='ocrx_word' id='word_1_383' title='bbox 1084 2753 1325 2800; x_wconf 83' lang='lat' dir='ltr'><strong>capricornum</strong></span> <span class='ocrx_word' id='word_1_384' title='bbox 1344 2751 1586 2796; x_wconf 77' lang='lat' dir='ltr'><strong>subintrante,</strong></span> <span class='ocrx_word' id='word_1_385' title='bbox 1609 2765 1718 2800; x_wconf 87' lang='lat' dir='ltr'><strong>prae-</strong></span> 
     </span>
     <span class='ocr_line' id='line_1_42' title="bbox 214 2794 1322 2848; baseline 0.007 -21"><span class='ocrx_word' id='word_1_386' title='bbox 214 2797 310 2840; x_wconf 75' lang='lat' dir='ltr'><strong>cepit</strong></span> <span class='ocrx_word' id='word_1_387' title='bbox 325 2794 456 2829; x_wconf 83' lang='lat' dir='ltr'><strong>Adamo</strong></span> <span class='ocrx_word' id='word_1_388' title='bbox 477 2794 582 2838; x_wconf 86' lang='lat' dir='ltr'><strong>deus,</strong></span> <span class='ocrx_word' id='word_1_389' title='bbox 608 2801 650 2831; x_wconf 93' lang='lat' dir='ltr'><strong>ut</strong></span> <span class='ocrx_word' id='word_1_390' title='bbox 667 2808 689 2831; x_wconf 88' lang='lat' dir='ltr'><strong>a</strong></span> <span class='ocrx_word' id='word_1_391' title='bbox 707 2799 875 2835; x_wconf 84' lang='lat' dir='ltr'><strong>scientiae</strong></span> <span class='ocrx_word' id='word_1_392' title='bbox 893 2800 989 2846; x_wconf 86' lang='lat' dir='ltr'><strong>ligno</strong></span> <span class='ocrx_word' id='word_1_393' title='bbox 1008 2800 1076 2835; x_wconf 86' lang='lat' dir='ltr'><strong>sibi</strong></span> <span class='ocrx_word' id='word_1_394' title='bbox 1096 2804 1322 2848; x_wconf 83' lang='lat' dir='ltr'><strong>temperaret.</strong></span> 
     </span>
    </p>
   </div>
   <div class='ocr_carea' id='block_1_6' title="bbox 215 2854 1722 2954">
    <p class='ocr_par' dir='ltr' id='par_1_8' title="bbox 215 2854 1722 2954">
     <span class='ocr_line' id='line_1_43' title="bbox 305 2854 1720 2906; baseline 0.004 -17"><span class='ocrx_word' id='word_1_395' title='bbox 305 2854 544 2901; x_wconf 84' lang='lat' dir='ltr'><strong>Nonagesimo</strong></span> <span class='ocrx_word' id='word_1_396' title='bbox 570 2854 676 2889; x_wconf 86' lang='lat' dir='ltr'><strong>tertio</strong></span> <span class='ocrx_word' id='word_1_397' title='bbox 695 2857 880 2892; x_wconf 87' lang='lat' dir='ltr'><strong>creationis</strong></span> <span class='ocrx_word' id='word_1_398' title='bbox 898 2859 977 2902; x_wconf 87' lang='lat' dir='ltr'><strong>die,</strong></span> <span class='ocrx_word' id='word_1_399' title='bbox 1003 2859 1155 2895; x_wconf 88' lang='lat' dir='ltr'><strong>secunda</strong></span> <span class='ocrx_word' id='word_1_400' title='bbox 1176 2861 1324 2906; x_wconf 85' lang='lat' dir='ltr'><strong>quartae</strong></span> <span class='ocrx_word' id='word_1_401' title='bbox 1355 2857 1511 2893; x_wconf 87' lang='lat' dir='ltr'><strong>decimae</strong></span> <span class='ocrx_word' id='word_1_402' title='bbox 1532 2858 1720 2894; x_wconf 87' lang='lat' dir='ltr'><strong>hebdoma-</strong></span> 
     </span>
     <span class='ocr_line' id='line_1_44' title="bbox 215 2899 1722 2954; baseline 0.005 -18"><span class='ocrx_word' id='word_1_403' title='bbox 215 2899 278 2936; x_wconf 84' lang='lat' dir='ltr'><strong>dos</strong></span> <span class='ocrx_word' id='word_1_404' title='bbox 296 2900 396 2948; x_wconf 85' lang='lat' dir='ltr'><strong>luce,</strong></span> <span class='ocrx_word' id='word_1_405' title='bbox 422 2902 517 2938; x_wconf 84' lang='lat' dir='ltr'><strong>circa</strong></span> <span class='ocrx_word' id='word_1_406' title='bbox 544 2901 749 2947; x_wconf 79' lang='lat' dir='ltr'><strong>solstitium,</strong></span> <span class='ocrx_word' id='word_1_407' title='bbox 773 2905 847 2940; x_wconf 83' lang='lat' dir='ltr'><strong>sole</strong></span> <span class='ocrx_word' id='word_1_408' title='bbox 869 2917 948 2941; x_wconf 89' lang='lat' dir='ltr'><strong>cum</strong></span> <span class='ocrx_word' id='word_1_409' title='bbox 974 2906 1057 2943; x_wconf 84' lang='lat' dir='ltr'><strong>luna</strong></span> <span class='ocrx_word' id='word_1_410' title='bbox 1088 2908 1153 2944; x_wconf 90' lang='lat' dir='ltr'><strong>sub</strong></span> <span class='ocrx_word' id='word_1_411' title='bbox 1183 2917 1309 2943; x_wconf 83' lang='lat' dir='ltr'><strong>cancro</strong></span> <span class='ocrx_word' id='word_1_412' title='bbox 1336 2906 1481 2954; x_wconf 84' lang='lat' dir='ltr'><strong>positis,</strong></span> <span class='ocrx_word' id='word_1_413' title='bbox 1503 2906 1595 2943; x_wconf 89' lang='lat' dir='ltr'><strong>Iunii</strong></span> <span class='ocrx_word' id='word_1_414' title='bbox 1625 2919 1722 2943; x_wconf 88' lang='lat' dir='ltr'><strong>meu-</strong></span> 
     </span>
    </p>
   </div>
  </div>
 </body>
</html>
