1800 3236
140 174 144 177 ”
193 167 296 218 604
669 172 925 219 GEORGII
950 171 1243 220 SYNCELLI

657 287 928 331 KOEMOY
957 287 1094 329 ETH
1122 282 1242 347 ,εφκ’.

587 371 679 424 Τῆς
713 368 837 418 θείας
873 364 1125 425 σαρκώσεως
1160 367 1232 425 ἔτη
1269 364 1320 411 κ’.

301 450 392 508 Τὴν
407 450 483 507 μὲν
500 448 610 493 κατὰ
628 446 767 506 σάρκα
784 448 975 505 γέννησιν
994 454 1070 493 τοῦ
1089 451 1235 509 κυρίου
1259 450 1328 494 καὶ
1348 452 1455 493 θεοῦ
1476 450 1547 494 καὶ
1566 455 1705 507 σωτῆ-

195 540 268 582 ρος
287 521 406 579 ἡμῶν
418 520 558 578 Ἰησοῦ
575 522 770 574 Χριστοῦ
791 516 868 563 δύο
887 516 1011 574 μόνοι
1033 524 1119 564 τῶν
1143 521 1439 578 εὐαγγελιστῶν
1459 517 1703 579 ἱστόρησαν,

192 597 433 642 Ματθαΐος
460 589 509 634 τὸ
528 589 749 645 βασιλικὸν
767 590 812 633 ἔκ
831 593 907 633 τοῦ
927 591 1076 646 Δαβὶδ
1093 591 1203 635 κατὰ
1222 595 1459 647 Σολομῶνα
1487 593 1557 634 καὶ
1573 594 1699 636 Λου-
1712 598 1735 633 5

193 669 270 714 κᾶς
292 662 339 707 τὸ
369 659 575 719 ἱερατικὸν
601 661 647 705 ἐκ
666 664 742 704 τοῦ
765 658 898 704 αὐτοῦ
916 662 1088 717 Λαβὶδ,
1127 661 1235 706 κατὰ
1262 660 1426 706 Νάθαν
1445 661 1538 706 υἱὸν
1559 662 1704 707 αὐτοῦ.

156 734 274 791 Οτὴν
293 734 339 777 δὲ
362 731 540 791 ἄχρονον
559 731 747 789 γέννησιν
769 732 814 775 ἐκ
833 735 909 775 τοῦ
934 731 1097 790 πατρὸς
1114 730 1312 790 Ἰωάννης
1328 730 1457 789 μόνος
1478 730 1500 776 ὃ
1521 733 1612 784 υἱὸς
1633 737 1709 790 τῆς

191 807 376 863 βροντῆς
408 801 674 860 ἔθεολόγησε.
712 801 786 846 τὸν
817 803 960 859 μέντοι
990 804 1180 862 περὶτοῦ
1207 804 1504 860 βαπτίσματος
1524 802 1648 862 λόγον
1668 804 1709 847 οἱ

194 876 394 933 τέσσαρες
431 871 683 932 ὃμοφρόνως
721 873 1015 930 συνέγραψαν,
1055 871 1237 925 εῗκότως.
1285 874 1385 918 ἀλλ’
1420 874 1460 918 οἱ
1491 875 1569 930 μὲν
1599 881 1709 931 τρεῖς

195 946 574 1004 ἃπροσδιορίστως,
611 946 795 995 Λουκᾶς
815 945 860 987 δὲ
881 941 902 987 ὅ
923 944 1150 995 θεσπέσιος
1168 946 1238 989 καὶ
1258 944 1332 989 τὸν
1347 942 1504 1004 χρόνον
1521 945 1707 1003 ἧκρίβω-
1723 952 1768 987 10

193 1033 265 1060 σεν
298 1015 422 1060 εἶπών
455 1013 613 1066 οὕτως·
652 1015 696 1057 ἐν
725 1014 803 1057 ἔτει
822 1012 867 1057 ιε’
899 1019 976 1071 τῆς
1002 1013 1225 1072 ἡγεμονίας
1249 1017 1447 1074 Τιβερίου
1469 1017 1706 1074 Καίσαρος,

193 1083 518 1144 ἡγεμονεύοντος
540 1085 730 1129 Ποντίου
752 1082 947 1128 Πιλάτου
966 1089 1043 1142 τῆς
1061 1085 1271 1137 Ἰουδαίας
1289 1089 1359 1129 καὶ
1379 1091 1711 1143 τετραρχοῦντος

193 1162 273 1214 τῆς
302 1157 533 1207 Γαλιλαίας
558 1153 782 1212 Ἡρώδου,
826 1157 1039 1199 Φιλίππου
1070 1157 1116 1200 δὲ
1156 1161 1232 1200 τοῦ
1267 1156 1454 1216 ἀδελφοῦ
1486 1157 1618 1201 αὐτοῦ
1641 1175 1710 1200 τε-

196 1231 484 1287 τραρχοῦντος
504 1230 580 1283 τῆς
604 1225 840 1284 Ἰτουραίας
860 1228 929 1269 καὶ
951 1227 1264 1284 Τραχωνίτιδος
1281 1225 1439 1286 χώρας,
1459 1229 1528 1271 καὶ
1548 1231 1710 1272 Λυσα-

194 1301 285 1343 νίου
318 1302 396 1355 τῆς
421 1297 667 1353 Ἀβιληνῆς,
708 1297 775 1339 ἐπὶ
804 1296 1027 1356 ἀρχιερέως
1048 1296 1176 1341 Ἄννα
1203 1299 1272 1341 καὶ
1301 1296 1483 1357 Καϊάφα
1498 1332 1512 1352 ,
1551 1299 1708 1356 ἐγένετο
1723 1305 1768 1341 15
1796 1307 1798 1309 ’

158 1369 319 1429 Βρῆμα
349 1371 455 1412 θεοῦ
489 1367 555 1410 ἐπὶ
580 1364 781 1424 Ἰωάννην
812 1367 887 1411 τὸν
916 1371 991 1411 τοῦ
1013 1369 1233 1426 Ζαχαρίου
1267 1368 1360 1412 υἱὸν
1392 1370 1436 1412 ἕν
1469 1373 1522 1428 τῇ
1551 1368 1708 1428 ἐρήμῳ.

191 1441 262 1484 καὶ
293 1435 427 1496 ἦλθεν
450 1440 508 1488 εἷς
526 1441 668 1481 πᾶσαν
692 1437 771 1494 τὴν
791 1438 1024 1497 περίχωρον
1044 1443 1121 1482 τοῦ
1141 1437 1358 1496 Ἰορδάνου
1382 1438 1607 1498 κηρύσσων
1626 1438 1709 1494 βά-

193 1527 356 1567 πτισμα
380 1509 607 1565 μετανοίας
629 1510 687 1560 εἷς
706 1507 853 1567 ἄφεσιν
879 1506 1110 1567 ἁμαρτιῶν.
1150 1509 1268 1561 ι’ίξιον
1288 1510 1365 1566 μὲν
1390 1506 1466 1554 οὖν
1483 1509 1710 1566 θαυμάσαι

189 1581 268 1637 τὴν
301 1581 426 1624 θείαν
461 1583 538 1623 τοῦ
561 1577 815 1637 σοφωτάτου
842 1579 1132 1637 εὐαγγελιστοῦ
1157 1582 1402 1636 συντομίαν,
1442 1585 1532 1633 πῶς
1556 1582 1598 1625 ἓν
1623 1581 1711 1625 ὀλί-

190 1669 282 1710 γαις
302 1651 434 1703 λε’ξεσι
463 1649 517 1693 τὰ
540 1649 610 1693 διὰ
632 1653 800 1693 πολλῶν
821 1657 909 1701 τοῖς
927 1654 1098 1701 πολλοῖς
1119 1650 1397 1710 ἱστορούμενα
1422 1650 1608 1695 διδάσκει
1636 1652 1709 1695 τὸν
1722 1655 1769 1692 20

190 1720 346 1779 χρόνον
373 1725 450 1765 τοῦ
480 1725 763 1779 κρατοῦντος,
802 1721 887 1764 ἐπεὶ
915 1722 984 1764 καὶ
1011 1726 1128 1765 πᾶσα
1143 1722 1318 1780 χρονικὴ
1338 1721 1534 1781 ψῆφοςῆ
1559 1724 1605 1766 ἐκ
1625 1727 1710 1767 τῶν

194 1791 327 1837 πάλαι
348 1796 579 1850 γενεαρχῶν
598 1790 624 1848 ἢ
650 1793 694 1835 ἒκ
715 1796 800 1836 τῶν
810 1790 949 1835 ἔπειτα
966 1792 1174 1848 βασιλέων
1195 1791 1409 1850 ἐπισήμων
1430 1791 1708 1851 λαμβάνεται,

287 1882 324 1917 2.
349 1877 428 1927 ἔτη]
457 1879 540 1922 ἔτος
566 1880 636 1916 ΑΒ.
747 1882 784 1918 5.
808 1878 908 1918 κατὰ
927 1882 1141 1926 Σολομῶνα
1156 1903 1204 1909 -
1223 1882 1351 1931 Δαβὶδ
1375 1894 1442 1918 om.
1464 1882 1507 1917 B.
1627 1882 1661 1917 7.
1688 1878 1709 1919 ὁ

291 1940 355 1965 om.
372 1929 421 1966 G.
516 1930 550 1964 9.
566 1925 779 1975 ὁμοφώνως
802 1942 847 1965 m.
945 1934 1001 1968 10.
1027 1927 1069 1966 δὲ
1094 1942 1159 1965 om.
1180 1930 1230 1968 G.
1326 1931 1385 1970 11.
1410 1926 1548 1977 οὕτως]
1575 1929 1710 1979 Cap-3.

364 1977 423 2013 15.
450 1972 622 2024 ἆβιλινῆς
645 1977 721 2013 ΑΒ.
829 1979 886 2015 19.
910 1978 1008 2022 πῶς]
1032 1975 1084 2021 ὥς
1106 1979 1156 2014 G.

681 2050 836 2090 ANNI
863 2050 1073 2091 MUNDI
1103 2051 1230 2097 5520.

609 2106 771 2143 Dwmm
807 2107 1100 2144 Imemmrmoms
1137 2121 1196 2144 AN.
1228 2109 1289 2145 20.

293 2165 432 2202 Domini
452 2169 490 2202 et
509 2166 567 2202 dei
585 2171 623 2202 et
640 2166 825 2202 salvatoris
851 2166 964 2202 nostri
982 2167 1063 2202 Iesu
1084 2166 1220 2202 Christi
1238 2166 1422 2201 secundum
1442 2176 1579 2200 carnem
1598 2169 1712 2201 ortum

201 2213 441 2258 evangelistae
462 2214 527 2249 soli
543 2215 632 2257 duo,
657 2214 861 2249 Matthaeus
891 2214 1029 2261 quidem
1047 2214 1148 2259 regio
1170 2225 1302 2259 genere
1317 2226 1362 2249 ex
1380 2212 1497 2248 David
1525 2225 1588 2259 per
1608 2213 1713 2248 Salo-

200 2273 354 2303 monem,
380 2261 497 2296 Lucas
515 2273 600 2296 vero
629 2261 841 2295 sacerdotali
863 2273 906 2296 ex
924 2261 1040 2296 David
1064 2273 1127 2307 per
1143 2261 1288 2295 Nathan
1314 2260 1423 2296 filium
1445 2260 1521 2295 eius
1549 2260 1712 2295 traducto

201 2314 320 2345 natum
351 2308 534 2351 fecerunt3
560 2320 651 2354 quae
668 2320 752 2343 vero
780 2313 925 2343 aeterna
943 2311 981 2342 et
1012 2319 1118 2353 supra
1138 2308 1309 2354 temporis
1329 2319 1521 2343 mensuram
1546 2320 1589 2343 ex
1610 2314 1712 2354 patre

200 2355 370 2401 nativitas
391 2368 412 2390 a
442 2355 515 2389 solo
537 2355 669 2389 Ioanne
695 2354 842 2397 tonitrui
874 2354 947 2389 filio
976 2354 1095 2389 divino
1118 2354 1198 2389 stilo
1231 2356 1431 2401 conscripta
1460 2359 1527 2389 est.
1575 2359 1627 2390 Ac
1650 2355 1714 2389 ba-

199 2402 318 2450 ptismi
335 2401 474 2448 quidem
493 2401 676 2437 historiam
695 2407 844 2448 quatuor
864 2413 980 2436 omnes
1000 2407 1236 2447 exposuerunt
1254 2406 1290 2437 et
1309 2403 1504 2445 commode3
1529 2413 1648 2437 verum
1668 2415 1712 2437 ex

199 2450 269 2487 illis
286 2454 383 2489 tres,
409 2448 483 2484 sine
509 2448 676 2495 temporis
702 2452 787 2483 nota
817 2448 874 2483 vel
905 2449 1136 2492 charactere,
1160 2449 1299 2485 divinus
1330 2458 1445 2485 autem
1461 2451 1575 2485 Lucas
1605 2449 1712 2484 etiam

199 2504 337 2544 tempus
364 2496 555 2541 diligenter
586 2495 790 2538 annotavit,
815 2496 881 2530 hoc
911 2501 1015 2542 pacto
1045 2497 1183 2531 dicens:
1209 2508 1334 2539 „anno
1359 2497 1492 2533 decimo
1508 2497 1628 2543 quinto
1645 2496 1710 2531 im-

202 2544 293 2592 perii
311 2543 451 2580 Tiberii
476 2542 665 2585 Caesaris,
691 2548 903 2590 procurante
924 2543 1052 2578 Pontio
1083 2544 1198 2579 Pilato
1216 2544 1388 2587 Iudaeos,
1412 2544 1592 2579 tetrarcha
1610 2544 1712 2579 Gali-
1763 2544 1765 2547 “

202 2594 302 2628 laeae
319 2590 485 2633 Herode,
507 2589 671 2636 Philippo
699 2589 772 2624 eius
804 2590 917 2625 fratre
943 2592 1124 2626 tetrarcha
1142 2591 1284 2627 Itureae
1313 2596 1350 2627 et
1368 2590 1634 2627 Trachonitidis
1653 2603 1711 2627 re-

201 2639 338 2684 gionis,
363 2637 520 2684 Lysania
541 2649 625 2673 vero
643 2637 816 2682 Abylinae
836 2638 1029 2681 tetrarcha,
1052 2638 1116 2673 sub
1136 2638 1362 2685 pontificibus
1380 2639 1481 2673 Anna
1500 2643 1536 2673 et
1552 2637 1711 2684 Caipha;

200 2688 332 2722 sactum
353 2691 409 2720 est
423 2685 567 2721 verbum
582 2684 712 2719 domini
741 2696 848 2732 super
866 2685 1029 2720 Ioannem
1048 2685 1244 2722 Zachariae
1267 2686 1377 2720 filium
1405 2685 1443 2720 in
1461 2685 1612 2720 deserto.
1661 2686 1711 2721 Et

200 2732 299 2769 venit
314 2733 352 2769 in
371 2744 506 2768 omnem
521 2731 697 2779 regionem
715 2732 811 2767 circa
822 2731 1004 2768 Iordanem
1021 2733 1230 2779 praedicans
1249 2733 1456 2779 baptismum
1473 2733 1713 2779 poenitentiae

201 2781 238 2817 in
256 2780 492 2816 remissionem
512 2783 744 2826 peccatorum.
760 2778 781 2795 ’'
829 2779 1068 2815 Eruditissimi
1096 2780 1336 2826 evangelistae
1353 2784 1534 2815 contracto
1553 2791 1711 2815 sermone

204 2840 261 2864 res
281 2839 302 2863 a
326 2827 506 2874 plerisque
531 2827 645 2862 fusius
673 2826 876 2872 expositas,
908 2827 1106 2875 principum
1133 2827 1302 2864 w‘delicet
1327 2826 1542 2873 singulorum
1574 2832 1711 2873 tempus

205 2875 402 2910 enarrantis
430 2873 588 2910 miranda
611 2873 791 2918 brevitas3
823 2873 915 2910 ratio
940 2874 1074 2921 quippe
1101 2878 1292 2922 temporum
1318 2875 1428 2910 omnis
1464 2879 1526 2910 aut
1549 2886 1592 2909 ex
1619 2873 1710 2909 anti-

205 2921 285 2970 quis
320 2921 526 2959 familiarum
552 2921 757 2958 auctoribus
793 2925 857 2957 aut
890 2933 934 2958 ex
966 2921 1167 2958 clarissimis
1197 2922 1367 2971 deinceps
1395 2921 1540 2969 regibus
1567 2921 1712 2969 petitur.
