1728 3138
474 831 524 888 P
555 830 611 888 R
643 830 703 889 A
733 830 782 890 E
820 831 865 890 F
898 831 955 888 A
984 829 1043 888 T
1073 829 1100 888 1
1131 827 1187 888 O

343 967 789 1021 GUlLIELMI
851 968 1310 1020 DINDORFII.

74 1274 349 1360 Georgium
383 1315 442 1347 ex
473 1302 702 1346 codicibus
728 1301 938 1346 Parisinis
966 1302 1146 1348 duobus
1182 1301 1297 1367 (AB)
1337 1301 1581 1348 emendavi.

70 1381 248 1427 Eorum
269 1383 309 1427 Δ
336 1384 492 1443 (1711)
514 1383 633 1428 idem
659 1392 726 1429 est
750 1399 888 1444 quem
908 1385 1087 1446 primus
1112 1384 1350 1444 usurpavit
1373 1384 1582 1444 Scaliger,

70 1478 216 1523 quum
238 1463 422 1509 Eusebii
450 1464 773 1511 chronicorum
804 1466 1014 1526 reliquias
1037 1465 1093 1510 ad
1123 1466 1397 1526 Hieronymi
1424 1481 1582 1511 exem-

69 1545 206 1604 plum
234 1545 526 1601 instauraret,
563 1555 670 1607 post
710 1547 991 1606 Scaliger-um
1038 1547 1252 1607 princeps
1298 1546 1580 1606 chronogra‘

68 1626 221 1685 phei*
250 1627 396 1671 editor
412 1627 601 1672 lacobus
640 1629 841 1684 Goarus,
871 1629 1080 1688 Scaligeri
1109 1629 1385 1676 obtrectator
1412 1628 1580 1672 acerri-

68 1723 186 1762 mus,
212 1709 430 1753 mediocri
447 1708 590 1753 homo
609 1709 839 1764 doctrina,
867 1710 974 1754 artis
998 1710 1175 1754 criticae
1199 1709 1415 1754 facultate
1434 1709 1581 1763 nulla,

67 1788 334 1849 negligentia
364 1790 626 1834 incredibili.
685 1790 892 1851 Scriptus
917 1799 981 1835 est
1014 1806 1132 1836 anno
1153 1790 1319 1836 MXXI
1350 1792 1398 1836 in
1423 1806 1582 1836 mem-

66 1871 241 1915 branis:
273 1870 375 1916 vide
405 1872 547 1916 Goari
574 1871 905 1932 praefationem
931 1871 1018 1918 vol.
1040 1872 1098 1916 II.
1126 1889 1175 1934 p.
1196 1878 1267 1922 69.
1290 1872 1359 1919 ed.
1385 1880 1579 1918 nostrae.

66 1952 246 1996 Excidit
263 1951 431 1997 folium
464 1968 609 1997 unum
639 1953 706 2014 (p.
726 1959 837 2009 716,
868 1958 1111 2008 19-723,
1145 1954 1215 2013 1).

182 2033 299 2078 Huic
323 2033 445 2079 libro
487 2034 748 2094 longissime
787 2044 989 2097 praestat
1021 2036 1137 2082 alter
1176 2037 1376 2094 (1764),
1406 2036 1486 2094 qni
1518 2048 1577 2080 ex

65 2116 272 2162 Bredovii
312 2115 513 2177 epistolis
548 2116 869 2163 Parisiensibus
902 2134 952 2178 p.
988 2120 1088 2166 154.
1130 2118 1352 2172 innotuit,
1393 2123 1578 2175 eratque

65 2197 182 2242 mihi
214 2196 493 2258 ampliorem
530 2198 666 2243 etiam
704 2200 943 2244 utilitatem
982 2199 1229 2254 allaturus,
1271 2200 1308 2242 si
1344 2212 1494 2258 neque
1526 2198 1576 2241 in

63 2279 215 2324 medio
245 2295 387 2340 opere
424 2278 633 2340 pluribus
667 2280 788 2326 foliis
833 2289 948 2326 esset
989 2281 1192 2326 defectus
1230 2295 1312 2324 nec
1352 2279 1502 2340 capite
1532 2285 1578 2323 et

64 2360 181 2406 calce
204 2368 454 2408 truncatus.
514 2361 679 2423 Incipit
699 2379 748 2423 p.
771 2365 855 2419 95,
885 2367 955 2410 13.
985 2362 1147 2408 desinit
1175 2377 1226 2423 p.
1248 2363 1364 2415 646,
1391 2366 1437 2407 7.

177 2442 249 2486 Ad
276 2450 561 2504 postremam
601 2443 967 2505 chronographei
1010 2451 1192 2505 partem
1235 2443 1311 2504 (p.
1341 2445 1453 2497 566,
1487 2442 1575 2498 11),

64 2538 182 2582 quae
199 2539 271 2568 res
294 2523 401 2569 inde
434 2524 491 2569 ab
522 2525 730 2586 Pompeii
758 2526 1047 2586 temporibus
1074 2534 1216 2585 gestas
1241 2523 1575 2585 complectitur,

63 2604 244 2649 Goarus
278 2605 370 2650 duo
398 2606 510 2651 alios
542 2606 713 2652 codices
743 2606 916 2661 attulit,
947 2607 1243 2652 Perezianum
1274 2603 1351 2665 (P)
1378 2612 1424 2649 et
1458 2603 1576 2649 Bar-

63 2684 372 2741 berinianum,
402 2687 457 2733 de
476 2688 642 2748 quibus
663 2688 817 2750 ipsum
843 2688 945 2735 vide
968 2695 1278 2750 exponentem
1299 2688 1349 2731 in
1376 2694 1574 2733 annota-

62 2765 189 2811 tione
215 2784 262 2828 p.
291 2774 363 2817 72.
390 2768 459 2815 ed.
491 2770 630 2815 Paris.

107 2893 127 2914 *
151 2893 291 2933 Prodat
312 2897 464 2935 Parisii·
485 2909 521 2936 a.
545 2899 673 2944 1652„
695 2898 798 2949 typis
822 2897 972 2938 Veneti·
994 2908 1155 2936 recnsmn
1176 2908 1212 2935 a.
1235 2897 1343 2937 1729.
