1754 3236
161 218 230 267 72
620 219 873 267 GEORGII
902 211 1189 263 SYNCELLI

162 352 267 396 φησι
287 331 445 385 πάντας
475 331 529 376 τὰ
555 329 636 376 ὖπό
657 329 835 376 Ὠάννου
857 330 1159 388 κεφαλαιωδῶς
1192 325 1381 386 ρηθέντα
1408 324 1517 371 κατὰ
1536 324 1666 383 μέρος

163 403 466 463 ἐξηγήσασθαι.
517 403 610 460 περὶ
648 400 802 446 τούτου
829 399 1060 456 Ἀβυδηνὸς
1099 398 1220 442 οὐδὲν
1249 396 1372 443 εἶπεν.
1420 395 1510 441 εἶτα
1542 395 1692 454 ἄρξαις

156 475 415 533 Ἄμεμψινὸν
456 475 680 517 Χαλδαΐον
730 473 775 516 ἐκ
820 469 1092 529 Λαράγχων·
1147 473 1398 524 βασιλεῖ-σαι
1438 467 1486 511 δὲ
1537 466 1667 511 αὐτὸν

166 547 315 605 ὄγδοον
343 544 499 603 σάρους
518 543 629 586 δέκα.
679 540 766 586 εἶτα
788 541 910 600 ἄρξαι
926 538 1152 597 Ὠτιάρτην
1172 541 1396 582 Χαλδαΐον
1417 538 1462 581 ἐκ
1481 535 1667 596 Λαράγ-

162 635 275 676 χιον,
310 618 554 670 βασιλεῦσαι
590 613 635 656 δὲ
663 611 818 669 σάρους
841 609 895 668 η’.
926 608 1151 668 Ὠτιάρτου
1184 610 1229 654 δὲ
1248 607 1572 666 τελευτήσαντος
1596 607 1699 652 τὸν5

167 687 262 732 υἱὸν
283 686 413 730 αὐτοῦ
432 677 680 742 Ξίσουθρον
701 686 949 740 βασιλεῦσαι
968 679 1126 739 σάρους
1146 680 1441 724 ὀκτωκαίδεκα.
1481 680 1546 722 ἐπὶ
1568 675 1670 722 τού-

169 775 246 802 του
278 756 351 801 τὸν
375 755 503 812 μέγαν
525 751 820 810 κατακλυσμόν
847 768 950 811 φησι
968 755 1231 809 γεγενῆσθαι.
1270 749 1328 802 ὡς
1346 752 1538 808 γίνεσθαι
1561 747 1670 805 ὁμοῦ

169 826 330 878 πάντας
350 829 538 882 βασιλεῖς
557 825 680 878 δέκα,
720 819 879 881 σᾶρους
898 824 942 866 δὲ
964 821 1111 866 ἑκατὸν
1139 821 1280 867 εἴκοσι.

33 905 77 947 P.
99 902 150 943 40
275 893 426 940 Ταῦτά
443 914 516 952 μοι
535 897 579 939 ἐκ
597 895 649 938 τὰ
667 893 895 939 Χαλδαϊκὰ
910 890 1284 950 μεγαλαυχούντων
1295 888 1572 950 Ἀλεξάνδρου
1594 894 1672 934 τοῦ

168 970 459 1023 ΠολυἸστορος
479 967 547 1009 καὶ
560 965 792 1022 Ἀβυδηνοῦ
813 966 881 1008 καὶ
894 961 1213 1020 Ἀπολλοδώρου
1229 961 1550 1021 προσενήνεκται
1565 961 1671 1020 πρὸς
1685 971 1731 1006 10

169 1037 332 1096 ἔλεγχον
355 1042 431 1094 τῆς
448 1032 601 1093 ἀλόγου
629 1037 698 1079 καὶ
714 1033 949 1092 μυθώδους
973 1034 1112 1077 αὐτῶν
1132 1031 1257 1090 δόξης
1275 1035 1344 1076 καὶ
1365 1033 1567 1092 ὠφέλειαν
1581 1031 1672 1076 ’τῶν
1707 1086 1709 1088 ¹

169 1105 534 1166 ἀναγινωσκόντων
565 1105 743 1160 αὐτοὺς,
782 1107 851 1149 καὶ
886 1104 985 1156 τοὺς
1009 1105 1400 1162 ἐπιμαρτυροῦντας
1424 1103 1569 1154 αὐτοῖς
1588 1107 1674 1146 τῶν

169 1177 381 1237 ἡμετέρων
410 1178 643 1235 ἱστορικῶν,
681 1178 749 1220 καὶ
777 1176 847 1219 διὰ
867 1180 991 1220 τοῦτο
1011 1179 1173 1230 μᾶλλον
1191 1174 1525 1230 βλαπτομένους,
1565 1172 1672 1217 ὥστε

115 1261 122 1271 “
171 1249 232 1308 μὴ
264 1250 492 1293 πείθεσθαι
522 1254 611 1298 τοῖς
652 1247 884 1305 λεγομένοις
915 1246 1020 1304 παρ’
1055 1245 1194 1290 αὐτῶν
1226 1243 1282 1296 ὥς
1313 1244 1507 1302 ἀληθέσι.
1566 1243 1675 1302 πρό-

172 1337 303 1364 κειται
330 1319 376 1362 δὲ
405 1317 549 1362 λοιπὸν
581 1319 649 1362 καὶ
679 1319 773 1376 περὶ
805 1321 880 1374 τῆς
907 1321 992 1360 τῶν
1011 1317 1262 1374 Αἶγυπτίων
1282 1317 1529 1366 δυναστείας
1543 1314 1674 1374 μικρὰ
1689 1324 1733 1361 15

871 1392 891 1401 u

171 1391 389 1445 διαλαβεῖν
419 1390 463 1432 ἐκ
491 1392 576 1432 τῶν
596 1391 796 1433 ΖΙἸανεθῶ
815 1406 891 1432 του
918 1385 1177 1443 Σεβεννύτου
1191 1421 1204 1441 ,
1245 1385 1292 1437 ὃς
1311 1387 1378 1429 ἐπὶ
1402 1387 1674 1442 Πτολεμαίου

172 1465 250 1504 τοῦ
274 1460 541 1517 Φιλαδέλφου
577 1458 790 1517 ἀρχιερεὺς
818 1463 903 1502 τῶν
936 1459 979 1501 ἓν
999 1455 1206 1517 Αἰγύπτῳ
1228 1458 1445 1501 εἴδωλείων
1463 1458 1677 1515 χρηματί-

563 1533 583 1543 u

138 1531 259 1582 Βσας
289 1531 333 1574 ἐκ
360 1534 444 1573 τῶν
473 1530 516 1572 ἐν
531 1547 583 1588 τῃ
608 1531 840 1588 Σηριαδικῇ
859 1533 910 1590 γῇ
929 1528 1122 1585 κειμένων
1153 1532 1319 1585 στηλῶν
1342 1528 1431 1589 ἱερᾷ
1452 1544 1555 1586 φησι
1581 1529 1677 1570 δια-

175 1601 304 1660 λέκτῳ
324 1601 393 1643 καὶ
412 1599 718 1658 ἱερογραφικοῖς
735 1598 952 1657 γράμμασι
974 1599 1416 1657 κεχαρακτηρισμένων
1450 1595 1534 1642 ὖπό
1565 1599 1679 1642 &ew

174 1674 252 1717 τοῦ
284 1668 452 1727 πρώτου
481 1668 662 1729 Ἑρμοῦ,
701 1672 769 1714 καὶ
792 1668 1127 1728 ἕρμηνευθεισῶν
1152 1669 1261 1727 μετὰ
1283 1668 1357 1714 τὸν
1382 1667 1736 1727 κατακλυσμόνὲο

177 1742 222 1784 ἐκ
246 1745 322 1797 τῆς
345 1741 458 1799 ἱερᾶς
478 1741 691 1786 διαλέκτου
720 1743 777 1792 εἷς
795 1741 870 1798 τὴν
888 1739 1108 1797 Ἑλληνίδα
1136 1739 1280 1798 φωνὴν
1305 1737 1546 1797 γράμμασιν
1567 1739 1680 1798 ἱερο-

175 1815 414 1872 γλυφικοΐς,
451 1813 518 1854 καὶ
548 1811 842 1856 ἀποτεθέντων
869 1813 911 1855 ἐν
932 1813 1096 1868 βίβλοις
1117 1808 1199 1855 ὑπὸ
1226 1815 1302 1854 τοῦ
1315 1811 1681 1868 Ἀγαθοδαίμονος

273 1924 310 1960 Ξ.
332 1922 448 1969 Vulgo
466 1917 670 1970 Ἀβυδινός.
765 1925 821 1960 10.
846 1922 963 1970 Vulgo
981 1920 1194 1971 Ἀβυδινοῦ.
1291 1909 1347 1960 13'.
1379 1919 1676 1970 βλαπτομένους]

273 1970 407 2027 ὁζέομαι
430 1970 510 2008 add.
534 1982 579 2005 111.
674 1971 734 2010 19.
766 1972 877 2021 Θῶθ]
902 1968 1023 2009 &tow
1045 1973 1089 2009 A.
1194 1971 1254 2010 22„
1285 1969 1608 2018 Ἀγαθοᾶαίμονος
1632 1982 1679 2008 m.

271 2018 427 2065 αγαθοῦ
449 2018 632 2065 δαίμονος
654 2019 703 2055 G.
1176 2055 1178 2057 .

182 2111 373 2148 summatim
393 2113 436 2147 ab
456 2112 581 2149 Oanne
608 2113 702 2150 dicta
729 2113 908 2161 sigillatim
932 2117 968 2150 et
993 2125 1058 2162 per
1082 2115 1202 2160 partes
1229 2111 1434 2159 exposuisse
1459 2111 1607 2156 asserit,
1634 2110 1680 2147 de

182 2160 309 2205 quib-us
336 2159 386 2194 nil
409 2161 544 2206 penitus
570 2166 738 2197 memorat
758 2163 960 2209 Abydenus.
1008 2162 1162 2197 Eosdem
1182 2160 1420 2207 Amempsinus
1447 2172 1469 2195 a
1486 2159 1679 2195 Laranchis

183 2206 382 2241 Chaldaeus
406 2207 568 2254 princeps
591 2209 886 2244 ordine'octavus
912 2209 1011 2245 Satis
1043 2209 1162 2243 decem
1193 2206 1238 2243 in'
1258 2219 1370 2254 regno
1405 2211 1576 2254 sequutus
1601 2212 1679 2249 est;

183 2265 263 2287 mox
299 2254 458 2289 Otiartes
498 2267 517 2289 e
553 2255 745 2291 Lai-anchis
783 2257 982 2292 Chaldaeus
1013 2256 1112 2291 Sarls
1139 2261 1218 2290 octo
1250 2255 1436 2300 regnavit3
1470 2266 1582 2300 eoque
1616 2254 1684 2288 de-

183 2301 305 2335 functo
336 2300 426 2336 filius
441 2301 628 2338 Xisuthrus
655 2303 754 2339 Satis
771 2304 961 2339 octodecim
990 2308 1131 2349 sceptra
1147 2302 1349 2338 moderatus
1370 2307 1446 2344 est;
1471 2313 1540 2348 quo
1567 2301 1680 2347 impe-

184 2352 306 2391 rante,
329 2347 464 2394 inquit,
486 2349 651 2385 famosum
670 2350 755 2385 illud
778 2351 943 2386 diluvium
970 2351 1131 2396 contigit,
1156 2350 1244 2385 adeo
1270 2355 1310 2384 ut
1337 2361 1442 2396 reges
1473 2351 1590 2384 omnes
1614 2359 1679 2382 nu-

184 2405 279 2449 mero
295 2395 413 2430 decem
430 2401 692 2442 computentur,
717 2410 861 2446 quorum
881 2402 980 2434 aetas
1004 2399 1050 2434 ad
1068 2398 1232 2434 Satorum
1254 2397 1382 2443 viginti
1409 2395 1516 2444 supra
1543 2399 1681 2432 centum

185 2445 335 2487 spatium
355 2449 574 2489 prorogetur.

277 2488 335 2523 Ex
360 2489 556 2525 Alexandro
583 2491 821 2538 Polyhistore,
852 2491 1021 2539 Abydeno
1045 2495 1082 2527 et
1109 2490 1319 2538 Apollodoro
1344 2489 1519 2526 absurdae
1542 2488 1682 2524 fabulo-

186 2546 315 2581 saeque
332 2548 447 2572 eorum
465 2539 659 2574 sententiae
674 2540 905 2575 confutandae
917 2565 927 2583 ,
951 2540 1188 2586 lectorumque
1216 2538 1361 2574 utilitati
1383 2537 1640 2584 promovendae
1660 2548 1684 2572 a

186 2593 241 2616 me
263 2583 348 2617 haec
368 2590 532 2629 congesta
544 2610 554 2628 ‚
580 2598 646 2632 quo
664 2586 861 2622 Historicos
889 2591 1064 2622 nostrates
1084 2598 1201 2622 eorum
1228 2586 1326 2620 dicta
1346 2585 1418 2619 suis
1435 2583 1582 2619 adiectis
1606 2583 1681 2618 cal—

186 2628 273 2683 culis
294 2629 556 2674 confirmantes,
581 2637 683 2679 atque
714 2634 814 2679 gravi
841 2634 964 2670 damno
989 2645 1032 2668 ex
1060 2645 1177 2669 eorum
1206 2633 1356 2667 lectione
1382 2630 1607 2674 afficiendos,
1637 2641 1683 2664 ne

186 2675 290 2712 dicus
311 2688 426 2712 eorum
452 2690 516 2714 ceu
543 2679 639 2714 veris
663 2675 858 2724 ducantur,
896 2683 1075 2727 deprecer.
1123 2679 1308 2726 Reliquum
1339 2683 1394 2713 est
1414 2678 1546 2724 igitur,
1570 2682 1611 2712 ut
1639 2688 1683 2712 ex

183 2721 398 2759 Manethone
428 2725 630 2773 Sebennyta
651 2727 840 2763 Ptolemaei
860 2727 1084 2774 Philadelphi
1109 2731 1266 2772 tempore
1296 2727 1520 2774 profanorum
1546 2725 1583 2759 in
1611 2726 1683 2759 Ae-

186 2774 297 2823 gypto
321 2770 525 2817 templorum
542 2773 724 2809 sacerdote
743 2775 789 2810 de
806 2775 1055 2822 Aegyptiorum
1075 2774 1275 2820 principatu
1294 2784 1406 2820 pauca
1426 2771 1596 2819 quaedam
1621 2770 1684 2806 de-

185 2816 351 2860 hbemus3
374 2830 463 2863 quae
480 2819 556 2865 ipse
575 2832 618 2855 ex
634 2820 801 2857 columnis
813 2822 850 2857 in
868 2821 1050 2856 Seriadica
1063 2825 1161 2856 terra
1176 2819 1302 2867 positis
1321 2831 1435 2861 sacra,
1459 2822 1500 2854 ut
1518 2819 1580 2863 ait,
1606 2830 1684 2853 ser-

186 2874 303 2917 mone,
325 2865 485 2911 notisque
501 2878 628 2902 arcano
648 2868 846 2914 sculpturae
867 2880 1016 2914 genere,
1041 2880 1063 2902 a
1078 2868 1199 2903 Thoth
1218 2867 1395 2902 Mercurio
1418 2866 1531 2912 primo
1559 2876 1685 2901 exara-

187 2914 255 2964 us,
281 2914 320 2966 et
336 2915 431 2948 retro
449 2912 615 2949 diluvium
633 2926 677 2951 ex
696 2914 758 2951 illa
772 2916 963 2952 sacratiore
980 2915 1123 2960 lingua,
1147 2913 1339 2960 figurisque
1358 2925 1458 2949 sacro
1477 2924 1572 2948 more
1591 2911 1684 2948 scul-

186 2961 280 3002 ptis,
310 2968 347 2993 in
365 2958 619 2996 Graecanicum
646 2973 834 2998 sermonem
866 2961 1064 3005 traductis,
1085 2961 1282 3008 iisdemque
1309 2961 1354 2996 ab
1378 2960 1686 3007 Agathodaemone
