1800 3236
248 173 350 222 716
533 183 535 185 ’
732 179 990 227 GEORGII
1017 179 1309 228 SYNCELLl

247 289 466 337 ταδιώκων
489 290 512 336 ὅ
544 295 729 352 Περσῶν
756 292 957 348 βασιλεὺς
979 290 1194 352 Σαπιῦρης
1222 292 1299 351 τήν
1327 311 1372 338 τε
1398 290 1584 352 μεγάλην
1603 293 1761 340 Ἀντιό-

245 382 363 421 χειαν
385 362 491 422 αἶ’ρει
514 365 582 407 καὶ
605 363 684 420 τὴν
714 365 899 407 Κιλίκων
925 363 1098 421 Ταρσὸν
1126 366 1197 409 καὶ
1225 365 1304 422 τὴν
1325 362 1628 411 Καππαδόκων
1649 371 1762 411 Και-

90 445 129 481 P.
154 445 226 483 582
251 433 435 494 σάρειαν.
472 433 568 478 τότε
601 434 766 491 Πέρσαι
787 435 1085 492 διασπαρέντες
1113 435 1196 480 ἀπὸ
1224 437 1465 488 πλεονεξίας
1485 435 1604 480 ἄλλοι
1628 438 1760 482 ἄλλα-

242 510 324 564 χοῢ
339 540 352 560 ,
393 506 463 550 καὶ
492 505 569 566 τὴν
597 504 707 563 πρὸς
734 502 965 550 θάλασσαν
994 504 1350 563 Πομπηιούπολιν
1371 506 1503 566 αἴρειν
1523 507 1757 564 μέλλοντες,

248 577 502 623 Λυκαονίαν
538 593 583 619 τε
630 580 916 634 πορθοῦντες,
953 575 1223 636 ἀναιροῦνται
1262 582 1472 632 πλεῖστοι,
1512 580 1790 624 Καλλίστου5

250 645 417 698 τούτοις
444 643 700 698 ἐπελθόντος
721 644 940 704 ἀδοκήτως
960 649 1085 692 ναυσὶ
1101 648 1209 704 μετὰ
1223 646 1439 704 δυνάμεως
1460 653 1536 693 τοῦ
1546 646 1763 705 Ῥωμαίων

252 721 514 777 στρατηγοῦ,
553 715 600 761 ὃν
632 715 834 776 φυγόντες
860 716 1176 777 προεστήσαντο
1199 717 1376 770 ἑαυτοῖς.
1435 712 1559 772 οὗτος
1587 722 1658 764 καὶ
1686 720 1763 772 τὰς

250 786 464 846 Σαπώρου
498 789 763 840 παλλακίδας
796 788 874 833 σὺν
906 793 1051 848 πολλῷ
1081 787 1251 850 πλούτῳ
1285 789 1431 846 λαβὼν
1462 789 1521 841 εἷς
1541 791 1763 848 Σεβαστὴν

250 862 321 906 καὶ,
343 858 552 918 Κώρυκον
574 860 753 916 μετέστη
777 859 856 905 σὺν
874 865 935 922 τῷ
958 858 1121 920 στόλῳ,
1159 859 1268 906 ἔνθα
1296 861 1551 920 τρισχιλίους
1581 864 1764 920 Περσῶν

252 931 402 976 ἀνεῖλε.
441 928 610 981 τούτοις
626 927 838 987 Σαπῶρης
862 929 1146 989 περιαλγήσας
1164 931 1275 988 μετὰ
1294 933 1482 990 σπουδῆς
1509 931 1761 991 ἀναστρέφει
1775 940 1800 976 1⁴

252 1003 322 1046 καὶ
363 999 528 1060 φόβου·
566 1002 636 1046 καὶ
667 1001 951 1060 Οὐαλεριανὸς
978 1002 1090 1058 μένει
1123 1003 1239 1061 παρὰ
1269 1003 1461 1061 Πέρσαις
1499 1002 1579 1054 ἕως
1615 1003 1762 1055 τέλους

254 1074 376 1129 ζωῆς.
418 1071 654 1123 Ὡδέναθος
685 1073 730 1115 δὲ
757 1072 1047 1130 Παλμυρηνὸς
1081 1072 1189 1132 ἀνὴρ
1221 1073 1498 1131 στρατηγικὸς
1527 1079 1763 1130 συμμαχῶν

215 1141 474 1198 ΒῬωμαίοις
504 1141 686 1194 πολλοὺς
716 1142 929 1201 διέφθειρε
957 1146 1141 1202 Περσῶν
1175 1143 1519 1203 ἀναστρέφοντας
1547 1145 1658 1188 κατὰ
1684 1145 1762 1202 τὴν

253 1214 561 1272 Εὖφρατησιάν
600 1213 845 1269 ἐπιθέμενος
876 1211 1046 1272 χώραν,
1095 1213 1142 1265 ὃς
1174 1216 1245 1259 καὶ
1278 1214 1512 1274 στρατηγὸς
1546 1219 1622 1272 τῆς
1652 1214 1763 1276 ἑῴας

252 1283 336 1328 ὑπὸ
363 1288 391 1327 Ι
395 1287 574 1340 ἀλιηνοῢ
612 1283 683 1328 διὰ
711 1288 838 1328 τοῦτο
863 1286 1100 1341 τετίμηται,
1138 1286 1394 1345 διαφθείρας
1422 1287 1495 1330 καί
1521 1303 1639 1337 τινας
1674 1291 1761 1331 τῶν
1777 1296 1800 1332 1;

254 1353 579 1399 ἐπαναστάντων
596 1354 712 1414 αὐτῷ
721 1352 936 1411 Ῥωμαίων
956 1355 1066 1399 κατὰ
1089 1357 1302 1412 Φοινίκην.
1341 1354 1436 1400 τότε
1454 1354 1580 1400 πάλιν
1600 1355 1761 1401 οἷΣκύ-

255 1431 336 1470 θαι
358 1427 427 1470 καὶ
446 1429 487 1469 Γ
485 1424 608 1471 ότθοι
629 1423 838 1483 λεγόμενοι
863 1426 1094 1482 ἐπιχωρίως
1114 1426 1184 1470 διὰ
1206 1431 1283 1483 τῆς
1300 1430 1517 1484 Ποντικῆς
1536 1425 1764 1485 θαλάσσης

255 1494 454 1548 ἐλθόντες
480 1498 537 1547 εἲς
558 1497 772 1542 Βιθυνίαν
794 1498 862 1542 καὶ
886 1501 1027 1542 πᾶσαν
1039 1497 1183 1542 Ἀσίαν
1207 1499 1276 1543 καὶ
1294 1498 1470 1542 Λυδίαν
1492 1495 1763 1556 χωρήσαντες

254 1566 332 1624 τήν
352 1585 396 1612 τε
420 1565 706 1625 Νικομήδειαν
724 1569 936 1618 Βιθυνίας
955 1565 1076 1612 πόλιν
1097 1565 1282 1625 μεγάλην
1304 1568 1457 1623 ἔλαβον
1481 1570 1550 1612 καὶ
1572 1568 1648 1619 τὰς
1670 1568 1761 1613 Ἰω-

254 1640 375 1689 νίδας
402 1636 542 1689 πόλεις
577 1638 847 1697 διέφθειραν,
886 1638 963 1690 τὰς
980 1639 1058 1694 μὲν
1084 1639 1365 1695 ἀτειχίστους,
1403 1639 1482 1690 τὰς
1509 1640 1555 1684 δὲ
1583 1645 1800 1698 μερικῶςεε

256 1708 549 1767 ὀχυρωθείσας
573 1707 906 1765 καταλαβόντες,
947 1709 996 1755 οὗ
1014 1709 1099 1766 μὴν
1127 1709 1233 1753 ἀλλὰ
1258 1712 1326 1755 καὶ
1358 1710 1546 1768 Φρυγίας
1568 1708 1755 1766 ἥψαντο,

259 1781 419 1838 Τροίαν
449 1778 766 1838 πορθήσαντες,
803 1781 1114 1825 Καππαδοκίαν
1149 1781 1219 1824 καὶ
1246 1781 1476 1825 Γαλατίαν.
1536 1779 1646 1826 ἀλλὰ
1676 1780 1761 1825 πά-

221 1854 326 1896 cm
341 1850 576 1903 Ὠδέναθος
592 1851 701 1896 κατὰ
720 1854 903 1911 Περσῶν
924 1847 1174 1912 ἀριστεύσας
1195 1853 1264 1897 καὶ
1283 1854 1572 1911 Κτησιφῶντα
1588 1855 1760 1909 πολιορ-

354 1953 410 1988 16.
437 1949 541 2000 αὐτῷ
556 1952 598 1988 Ρ.
622 1951 741 1990 αὐτὸν
760 1954 807 1989 G.
922 1953 979 1991 19.
1002 1953 1091 1990 Post
1110 1954 1209 1991 Νικο
1228 1964 1273 1989 ex
1290 1952 1321 1988 A
1347 1951 1480 1988 excidit
1498 1951 1620 1988 folium
1643 1963 1759 1995 unum,

354 1999 451 2047 quod
470 1999 639 2047 pertinuit
656 2013 769 2049 usque
787 2000 833 2038 ad
852 2000 946 2050 ‘tipo'
970 2012 1006 2049 p.
1016 2002 1087 2040 385
1105 2001 1140 2039 d.
1234 2002 1295 2038 22.
1323 2000 1466 2048 Τροίαν
1480 2011 1532 2036 m.
1562 1999 1692 2047 Τρύοιν
1711 2001 1761 2036 G.

261 2081 394 2117 conscii
409 2081 558 2118 Romani
573 2083 637 2118 vix
657 2095 796 2119 suorum
817 2084 990 2120 nonnullis
1013 2083 1147 2120 amissis
1169 2084 1327 2130 effugere
1344 2081 1556 2131 periculum3
1581 2093 1668 2129 quos
1692 2082 1761 2116 Sa·-

262 2140 366 2175 pores
384 2129 591 2176 insequutus
606 2142 765 2177 maguam
784 2132 1013 2175 Antiochiam,
1034 2132 1184 2168 Tarsum
1195 2132 1342 2167 Cilicum
1361 2132 1482 2174 urbem
1502 2135 1540 2166 et
1549 2130 1760 2166 Caesaream

262 2176 512 2222 Cappadociae
528 2177 566 2212 in
607 2182 789 2214 otestatem
808 2179 926 2215 mittit.
972 2180 1105 2215 Persae
1124 2179 1185 2215 alii
1203 2178 1396 2227 praedandi
1420 2176 1584 2224 cupidine
1609 2176 1760 2222 dispersi

259 2222 525 2269 Pompeiopolin
552 2190 604 2260 1ιὲ
630 2238 724 2261 mare
748 2227 848 2262 sitam
865 2227 993 2262 tollere
1012 2227 1191 2270 meditati,
1214 2225 1392 2273 Lycaonia
1411 2228 1552 2265 vastata
1568 2235 1759 2278 magna-ej<

260 2275 363 2316 parte
380 2269 543 2306 delentur
554 2298 565 2314 ‚
588 2272 735 2308 Callisto
760 2275 990 2310 Romanorum
1007 2275 1096 2310 duce
1114 2286 1136 2311 a
1154 2273 1371 2319 fugientibus
1389 2271 1549 2315 instituto
1574 2283 1650 2306 cum
1669 2271 1761 2306 mih-

260 2316 397 2352 taribus
424 2317 535 2362 copiis
553 2319 588 2353 in
611 2332 671 2355 eos
695 2319 873 2366 inopinato
901 2322 1070 2356 irruente.
1115 2320 1186 2355 Hic
1202 2320 1349 2366 Saporis
1365 2318 1549 2365 pellicibus
1568 2323 1606 2353 et
1621 2317 1761 2353 exerci-

261 2368 319 2399 tus
338 2370 509 2410 apparatu
529 2366 669 2412 copioso
688 2368 821 2413 captis,
846 2367 890 2403 ad
909 2368 1081 2402 sebasten
1106 2371 1144 2402 et
1165 2367 1326 2403 Coricum
1345 2367 1458 2403 classe
1476 2366 1647 2408 reducta,
1659 2365 1760 2400 Per-

262 2423 376 2447 sarum
400 2411 472 2447 tria
489 2412 594 2447 millia
622 2415 837 2459 prostravit3
862 2414 988 2460 quibus
1006 2414 1160 2461 sapores
1185 2414 1343 2451 tristatus
1359 2414 1529 2449 festinans
1547 2418 1584 2449 et
1599 2411 1760 2459 trepidus

261 2459 476 2501 revertitur,
509 2459 698 2496 Valeriano
723 2462 768 2496 ad
797 2461 896 2496 vitae
922 2461 1052 2496 exitum
1077 2473 1184 2508 penes
1210 2461 1339 2498 Persas
1356 2465 1528 2497 manente.
1555 2460 1762 2503 ·Odenatus

261 2518 368 2552 porro
388 2506 613 2553 Palmyrenus
634 2507 692 2543 vir
715 2508 850 2543 bellicis
868 2509 973 2544 rebus
987 2513 1170 2555 praestans
1189 2509 1421 2545 Romanorum
1437 2508 1554 2554 socius
1571 2507 1760 2542 Pensatum

261 2565 400 2590 manum
416 2565 486 2589 non
507 2554 668 2600 exiguam
685 2556 804 2590 redire
822 2559 1015 2591 tentantem
1035 2556 1082 2591 ad
1099 2556 1369 2602 Euphratesiam
1382 2559 1625 2602 ,oppugnatam
1644 2552 1760 2596 fudit3

263 2613 306 2635 ex
331 2612 399 2647 quo
417 2601 564 2637 orientis
584 2602 655 2639 dux
668 2614 689 2638 a
708 2603 870 2637 Gallieno
892 2606 1046 2646 creatus,
1064 2604 1295 2640 Romanorum
1314 2603 1496 2640 nonnullos
1511 2601 1548 2637 in
1563 2599 1761 2647 Phoenicia

262 2648 510 2684 tumultuantes
523 2647 569 2685 ad
588 2649 744 2685 officium
764 2649 915 2686 reduxit.
963 2651 1097 2687 Eodem
1116 2655 1273 2698 tempore
1287 2651 1456 2697 Scythae,
1467 2648 1594 2696 quibus
1615 2642 1761 2690 Gotthis

262 2696 382 2742 patria
391 2707 478 2731 voce
493 2708 627 2740 nomen,
639 2697 819 2732 Ponticum
830 2709 925 2732 mare
944 2700 1215 2734 transfretantes
1233 2698 1269 2734 iu
1279 2698 1481 2744 Bithyniam
1491 2695 1760 2742 descenderunt,

261 2742 450 2788 Asiamque
461 2754 594 2780 omnem
611 2747 649 2780 et
656 2744 801 2792 Lydiam
820 2749 1044 2780 excurrentes
1055 2745 1293 2781 Nicomediam
1305 2745 1492 2791 Bithyniae
1506 2743 1627 2778 urbem
1637 2753 1759 2787 coepe-

264 2793 356 2833 runt,
373 2790 558 2837 Ioniusque
576 2791 710 2838 pariter
725 2792 901 2834 civitates,
924 2792 988 2827 has
1009 2792 1146 2838 quidem
1157 2793 1338 2829 moenibus
1355 2792 1517 2833 nudatas,
1537 2789 1625 2826 alias
1644 2788 1760 2835 aliqua

263 2841 362 2871 tenus
379 2837 530 2873 munitas
549 2838 773 2883 invasorum
795 2838 858 2874 sed
877 2851 942 2874 nec
956 2839 1127 2876 vastitate
1147 2852 1284 2887 quaqua
1301 2851 1423 2875 versus
1440 2838 1540 2874 illata
1556 2835 1760 2882 Phrygiam,

262 2883 523 2931 Cappadociam
542 2892 580 2922 et
599 2886 776 2923 Galatiam
790 2886 1021 2932 reliquerunt.
1053 2888 1185 2923 Verum
1204 2888 1387 2923 Odenatus
1403 2884 1561 2921 victoriis
1582 2883 1617 2918 in
1631 2884 1760 2919 Persas

264 2930 379 2967 clarus
397 2936 477 2980 post
493 2933 757 2983 Ctesiphontem
775 2933 956 2972 obsidione
983 2939 1160 2984 receptam
1173 2961 1185 2982 ,
1210 2934 1379 2982 communi
1406 2932 1515 2971 totius
1538 2930 1645 2968 Asiae
1661 2928 1760 2966 clade
