1800 3236
243 190 345 241 192
705 193 957 242 GEORGII
984 192 1273 241 SYNCELLI

344 304 594 367 Μαστιφᾶμ
633 304 656 351 ὅ
703 305 842 365 ἄρχων
885 311 971 351 τῶν
1011 304 1259 362 δαιμονίων,
1298 301 1355 356 ὥς
1393 319 1522 362 φησιν
1554 300 1582 361 ἦ
1611 301 1740 360 λεπτὴ

239 382 283 424 Γ
280 377 431 434 ἐνεσις,
448 401 449 404 “
469 376 719 436 προσελθών
750 382 810 438 τῷ
828 381 917 439 θεῷ
941 374 1048 421 εἶπεν
1058 409 1073 431 ,
1112 377 1148 419 εἲ
1168 374 1310 437 ἀγαπᾷ
1333 390 1378 419 σε
1394 373 1616 434 Ἀβραὰμ,
1653 378 1742 418 θυ-

241 446 358 498 σάτω
378 466 444 493 σοι
465 448 539 492 τὸν
573 447 666 491 υἱὸν
687 447 832 492 αὐτοῦ.

346 523 420 579 Τῷ
452 515 577 580 ,γυλζ
623 516 701 560 ἔτει
730 521 807 561 τοῦ
848 512 1008 572 κόσμου
1024 549 1037 571 ,
1077 511 1134 560 κε’
1165 514 1242 559 τοῦ
1273 513 1432 567 Ἰσαὰκ,
1465 511 1741 573 προσήνεγκεν

202 588 432 649 ΒἈβραὰμ
461 588 533 632 τὸν
546 586 709 640 Ἰσαὰκ,
747 586 802 638 ὥς
827 603 954 645 φησιν
970 584 1219 643 Ἰώσηππος,
1257 585 1299 628 ἐν
1320 589 1379 645 τῷ
1399 583 1484 641 ὄρει
1506 583 1629 630 Σιών.
1744 595 1769 632 5

345 657 494 717 Σάρρα
527 658 631 701 ἐτῶν
657 656 743 715 ρκζ’
765 655 1024 712 ἐτελεύτησε,
1063 657 1130 699 καὶ
1152 653 1285 714 ἐτάφη
1310 656 1352 698 ἓν
1372 655 1578 713 Χεβρὼν,
1615 654 1644 712 ’ἢ
1665 659 1740 700 νῦν

237 727 581 786 Ἔλευθερόπολις
608 731 816 782 καλεῖται,
854 727 897 770 ἓν
929 730 988 786 τῷ
1021 728 1211 785 σπηλαίῳ
1246 725 1270 769 ὃ
1297 723 1490 781 ὠνήσατο
1510 724 1742 783 ὅἈβραὰμ

239 799 356 858 παρὰ
380 797 546 857 Ἐφρών
576 799 855 856 τετρακοσίων
886 794 1128 854 ἃιδράχμων
1165 797 1232 839 ἐπὶ
1264 794 1492 854 μαρτύρων
1528 801 1614 840 τῶν
1636 797 1741 840 υἱῶν

238 870 352 915 Χέτ·
392 866 449 920 ὥς
484 870 528 911 ἐκ
550 866 701 911 τούτου
725 871 860 912 ὃοκεῒν
880 864 1006 924 μήπω
1037 866 1091 910 τὰ
1115 866 1184 910 διὰ
1210 864 1470 925 γραμμάτων
1501 864 1741 923 συμβόλαια

238 957 340 984 ποτε
362 939 630 997 χρηματίζειν
639 971 653 992 ,
690 937 795 997 ἅπερ
826 927 1114 993 Βαβνλωνίων
1134 935 1351 994 εὑρήματα
1371 936 1558 994 λέγουσιν
1579 938 1618 981 οἶ
1637 936 1739 982 νεώ·
1753 950 1798 986 10

205 1055 209 1061 ,
238 1028 350 1068 τεροι
371 1011 414 1052 ἐκ
431 1013 507 1067 γῆς
538 1010 772 1052 Χαλδαίων
791 1008 1048 1063 κομισθέντα
1073 1008 1231 1058 Φοίνιξι
1252 1005 1433 1065 πρώτοις
1450 1010 1742 1065 μεταὸοθῆναι

237 1078 320 1123 ὗπό
347 1078 565 1138 Ἀβραὰμ,
606 1078 686 1136 ἀφ’
720 1073 777 1123 ὧν
796 1078 989 1134 Ἕλληνες
1015 1076 1265 1135 ὁμολογοῦσι
1284 1081 1421 1121 ταῦτα
1436 1079 1737 1137 μετειληφέναι.

239 1148 413 1210 Σάρραν
434 1149 542 1200 τινὲς
559 1152 618 1208 τῷ
636 1146 702 1205 λβ’
722 1148 800 1193 ἔτει
823 1152 898 1192 τοῦ
917 1147 1062 1192 Ἰσαάκ
1083 1164 1187 1207 φασι
1207 1152 1460 1204 τελευτῆσαι.

85 1228 129 1265 Ρ.
154 1229 224 1269 103
373 1219 518 1263 Ἰσαὰκ
556 1219 660 1262 ἐτῶν
692 1217 735 1274 μ’
778 1217 996 1276 γενόμενος
1025 1218 1147 1275 ἔλαβε
1179 1218 1254 1275 τὴν
1279 1216 1496 1274 Ῥεβέκκαν
1523 1218 1741 1277 θυγατέρα

236 1289 462 1346 Βαθουήλ.
499 1289 709 1346 Βαθουὴλ
732 1290 777 1339 δὲ
800 1285 851 1345 ἦν
869 1289 960 1340 υἱὸς
983 1286 1157 1347 Ναχώρ.
1198 1283 1320 1340 οὗτος
1339 1286 1379 1345 η’
1398 1290 1466 1331 καὶ
1489 1293 1735 1340 τελευταῖος.
1754 1303 1797 1340 15

239 1359 350 1405 ὂκτιῦ
378 1360 458 1418 γὰρ
490 1354 598 1416 ἦσαν
629 1358 710 1402 ἀπὸ
748 1362 926 1415 ΙΠελχᾶς
960 1359 1074 1419 αὐτῷ
1104 1361 1261 1410 παῖδες.
1300 1358 1462 1417 Ναχώρ
1492 1361 1536 1402 δὲ
1557 1357 1578 1403 ὃ
1601 1359 1740 1418 πατὴρ

238 1430 450 1487 Βαθουὴλ
478 1425 530 1486 ἦν
557 1428 737 1488 ἀδελφὸς
758 1427 966 1487 Ἀβραάμ.
1006 1424 1128 1480 οὗτος
1160 1429 1275 1485 ἴσχεν
1306 1429 1388 1472 ἀπὸ
1420 1432 1599 1485 Μελχᾶς
1630 1430 1741 1473 ὀκτώ

238 1502 417 1554 παῖδας,
456 1497 513 1550 ὡς
544 1499 728 1557 εἴρηται,
769 1493 826 1543 ὧν
860 1497 882 1543 ὅ
915 1499 1091 1556 ἔσχατος
1122 1499 1333 1556 Βαθουὴλ
1351 1495 1403 1556 ἦν
1425 1500 1564 1558 πατὴρ
1579 1497 1741 1556 Ῥεβέκ-

236 1588 315 1622 κας
357 1571 426 1614 καὶ
457 1567 621 1626 Λάβαν
657 1573 733 1614 τοῦ
766 1574 973 1629 πενθεροῦ
1001 1568 1165 1627 Ἰακώβ.
1201 1574 1276 1614 τοῦ
1298 1557 1344 1613 <53
1372 1568 1532 1627 κόσμου
1564 1565 1616 1627 ἦν
1648 1570 1741 1622 ἔτος

237 1638 381 1704 ,γυνβ’.
939 1654 950 1669 “
1748 1647 1798 1683 20

330 1754 366 1789 1.
389 1750 588 1799 μαστιφᾶμ
609 1752 653 1787 Β.
677 1753 891 1800 Μαστιφοῖμ
915 1755 963 1791 G.
1059 1756 1093 1792 2.
1120 1750 1302 1800 ἀγαπάτω
1326 1754 1368 1790 A.
1465 1753 1500 1791 3.
1526 1763 1587 1789 σοι
1607 1764 1670 1788 om.
1689 1753 1738 1788 G.

332 1801 368 1846 5,.
395 1798 415 1838 ὁ
437 1798 593 1849 Αβραὰμ
613 1800 663 1834 G.
768 1803 859 1836 σιῶν
882 1803 924 1837 Β.
1027 1804 1062 1840 6.
1095 1802 1237 1850 χεβραῖν
1255 1803 1298 1837 Β.
1392 1801 1427 1839 8.
1451 1800 1578 1847 ἐφρῶν
1601 1801 1643 1835 Β.

330 1850 364 1886 9.
388 1846 502 1894 μήπω
526 1847 574 1883 τοὶ
594 1847 634 1883 Β.
659 1846 804 1893 μήποτε
826 1850 889 1884 Gn·
986 1851 1041 1887 10.
1067 1849 1256 1896 εὖρέματα
1276 1850 1350 1885 ΑΒ.
1454 1851 1511 1886 11.
1535 1848 1598 1884 καὶ
1625 1847 1664 1884 ἐκ
1690 1859 1736 1882 ιιι.

390 1899 446 1933 12.
473 1892 546 1942 ἀφ’
566 1888 634 1939 ὧν]
659 1894 724 1940 ἐφ’
749 1890 801 1931 ὦν
824 1897 898 1933 ΑΒ.
925 1895 991 1942 ἐφ’
1015 1894 1043 1942 ᾧ
1065 1900 1112 1936 G.
1138 1896 1213 1942 ἀφ’
1236 1892 1283 1933 οὖ
1307 1909 1351 1932 m.
1449 1898 1505 1933 13.
1530 1897 1583 1944 τῷ
1608 1901 1645 1931 et
1665 1893 1738 1931 ἔτει

331 1955 397 1980 om.
419 1944 467 1979 G.
571 1939 626 1976 14.
653 1942 808 1990 ῥεβέκαν
827 1944 869 1978 Β.
894 1944 1049 1993 ρεβέκκα
1072 1948 1113 1981 Α.
1230 1945 1285 1982 15.
1317 1944 1441 1989 ναχοῖρ
1471 1945 1516 1979 A.
1625 1937 1738 1985 οὗτος

330 2003 398 2027 om·
415 1991 456 2025 B·
553 1990 597 2026 16
615 1994 653 2046 1²2}
677 1990 733 2026 17-
757 1991 893 2037 μελχᾶς
912 1994 956 2028 B·
1061 1995 1118 2030 19.
1150 1992 1223 2029 τοῦ
1243 1992 1436 2039 πενθεροῦ
1455 1992 1531 2027 Βιιι.
1554 1988 1623 2027 τὸν
1643 2003 1737 2027 πεν-

333 2038 454 2086 θερὸν
477 2038 523 2073 G·
619 2049 666 2083 ην
684 2049 749 2072 οιιι.
770 2039 813 2073 Β.

331 2142 545 2190 Mastipham
569 2143 824 2180 daemoniorum
853 2156 1055 2191 supremus,
1078 2143 1192 2191 inquit
1217 2154 1329 2190 parva.
1355 2142 1528 2186 Genesis,
1555 2142 1654 2178 deum
1677 2141 1735 2178 his

238 2192 358 2231 verbis
376 2190 612 2237 interpellavit
625 2203 639 2226 τ’
660 2192 692 2226 si
710 2196 747 2227 te
769 2192 885 2238 diligit
907 2193 1079 2228 Abraham
1091 2218 1102 2235 ,
1125 2192 1233 2227 filium
1250 2191 1285 2226 in
1302 2191 1510 2226 sacrificium
1528 2190 1664 2226 offerat.

281 2271 282 2274 ¹
335 2254 433 2287 Anno
457 2251 571 2287 mundi
588 2253 702 2294 3437,
725 2252 825 2286 Isaac
849 2255 964 2286 autem
985 2251 1045 2294 25,
1069 2251 1181 2286 refert
1198 2251 1366 2298 Iosephus
1378 2250 1609 2286 Abrahamum
1628 2248 1736 2285 filium
1790 2266 1793 2269 ·

240 2311 338 2336 suum
356 2300 456 2334 Isaac
476 2299 512 2334 in
529 2305 643 2334 monte
659 2299 746 2334 Sion
763 2299 943 2334 obtulisse.

334 2357 424 2393 Sara
442 2357 567 2392 aetatis
587 2370 674 2393 anno
698 2360 765 2395 127
783 2358 857 2398 vita
876 2358 1069 2404 defungens
1090 2357 1126 2392 in
1147 2356 1311 2399 Hebron,
1336 2367 1428 2403 quae
1447 2366 1538 2390 nunc
1563 2353 1736 2389 Eleuthe-

238 2404 389 2450 ropoli8‚
424 2404 558 2450 sepulta
585 2410 660 2448 est,
696 2406 732 2440 in
762 2405 929 2451 spelunca
961 2404 1224 2451 quadringentis
1262 2403 1474 2439 didrachmis
1513 2403 1557 2437 ab
1589 2401 1734 2447 Ephron

235 2455 353 2497 empta
365 2476 376 2494 ,
397 2452 543 2486 testibus
561 2452 643 2487 filiis
659 2452 769 2495 Chet3
793 2453 844 2487 ita
862 2456 903 2487 ut
918 2452 1043 2487 exinde
1064 2452 1248 2492 videatur,
1272 2455 1376 2498 pacta
1391 2455 1629 2496 conventaque
1645 2448 1735 2483 scri·-

235 2498 309 2546 ptis
327 2498 476 2533 nondum
502 2499 630 2534 firmari
654 2499 777 2541 solita,
802 2511 892 2545 quae
918 2500 1061 2534 fuerunt
1081 2498 1351 2545 Babyloniorum
1372 2498 1527 2532 inventa.
1578 2496 1734 2530 Litteras

234 2557 257 2581 e
273 2549 369 2581 terra
386 2544 642 2580 Chaldaeorum
659 2546 794 2580 delatas
809 2546 1040 2581 Phoenicibus
1064 2547 1209 2593 primum
1232 2548 1275 2581 ab
1293 2545 1489 2580 Abrahamo
1511 2542 1660 2578 traditas
1676 2553 1735 2576 re-

234 2592 410 2628 centiores
437 2597 620 2635 asserunt3
654 2604 676 2627 a
700 2592 935 2628 Phoenicibus
960 2594 1094 2628 Graeci
1120 2591 1278 2628 notitiam
1294 2603 1408 2628 earum
1427 2590 1606 2638 accepisse
1625 2588 1734 2636 profi-

233 2642 363 2676 tantur.
406 2639 504 2674 Anno
524 2640 623 2674 Isaac
646 2641 692 2676 32
717 2640 839 2674 Saram
858 2640 988 2675 obiisse
1008 2641 1165 2675 nonnulli
1182 2641 1369 2676 affirmant.

326 2697 427 2734 Isaac
456 2697 583 2733 aetatis
613 2709 697 2732 suae
714 2697 761 2734 40
784 2697 976 2733 Rebeccam
997 2698 1148 2733 Bathuel
1177 2698 1284 2735 filiam
1311 2707 1454 2732 uxorem
1475 2694 1636 2741 accepit3
1659 2694 1732 2729 Ba-

235 2743 333 2780 thuel
351 2750 466 2780 autem
488 2756 508 2779 e
525 2745 669 2780 Nachor
688 2749 785 2779 ortus
803 2748 858 2779 est
876 2750 1019 2780 octavus
1039 2749 1076 2780 et
1103 2746 1308 2781 novissimus
1325 2744 1493 2785 filiorum,
1517 2747 1596 2777 octo
1623 2741 1733 2788 siqui-

234 2791 312 2827 dem
340 2791 468 2827 liberos
496 2803 540 2827 ex
564 2792 703 2827 Melcha
734 2792 900 2836 suscepit.
950 2792 1095 2827 Nachor
1119 2793 1188 2827 iste
1215 2792 1367 2827 Bathuel
1398 2795 1521 2837 pater,
1544 2789 1733 2824 'Abraham

232 2838 345 2874 frater
363 2839 503 2882 extitit,
527 2838 583 2874 cni
602 2850 646 2873 ex
666 2838 805 2873 Melcha
822 2837 923 2873 liberi
941 2843 1019 2874 octo
1038 2839 1112 2873 nati
1132 2843 1223 2881 sunt,
1248 2844 1287 2874 ut
1310 2838 1536 2885 praemissum
1555 2841 1622 2878 est,
1646 2847 1733 2881 quo-

233 2896 306 2921 rum
338 2891 531 2942 Postremus
560 2885 630 2922 fuit
644 2885 794 2922 Bathuel
820 2889 924 2932 pater
942 2885 1125 2923 Rebeccae
1152 2891 1189 2923 et
1205 2887 1327 2923 Laban
1354 2884 1467 2921 soceri
1489 2884 1617 2926 Iacob,
1643 2893 1732 2917 anno

233 2933 354 2968 munds
375 2933 482 2971 3452.
