1800 3236
532 192 1060 240 CHRONOGRAPHIA.
1436 188 1539 238 241

43 305 347 364 συνισταμένης
366 303 704 362 συμπιλουμένου
723 308 800 350 τοῦ
819 303 944 364 ἀέρος
959 305 1006 359 ἓξ
1022 300 1283 361 ὄμιχλιῦδους
1302 302 1544 359 συστάσεως

45 385 133 429 τοῖς
166 375 372 433 πνεύμασι
393 375 500 435 πρὸς
519 374 695 430 ἑαυτὸν,
733 374 832 419 ἀλλ’
864 374 996 433 ἄλλης
1029 375 1142 427 τινὸς
1166 372 1438 435 ὑψηλοτέρας
1467 382 1545 434 τῆς

45 447 319 507 ἀνθρωπίνης
343 447 503 498 ἐννοίας
534 449 800 502 θαυμαστῶς
828 443 1146 502 ε’πιτειχιζούσης
1177 444 1320 497 αὖτοΐς
1330 479 1346 501 ,
1383 444 1545 505 ἡμέρας

43 517 122 575 τὴν
149 522 228 574 τῆς
248 514 422 574 ἡλιακῆς
444 516 610 568 ἀκτῖνος
637 513 871 574 φλόγωσιν,
909 515 1070 574 πολλὴν
1090 510 1223 560 οὖσαν
1247 515 1357 560 κατὰ
1377 516 1457 574 τὴν
1477 517 1541 561 οἴ-
1563 521 1610 561 V.
1634 522 1703 562 102

13 594 168 644 5κησιν
199 591 279 643 τῆς
301 584 447 645 χώρας
478 588 633 644 ε’κείνης
660 587 731 630 καὶ
767 588 1020 644 δροσοειδῶς
1047 583 1297 642 σκιαζούσης
1322 585 1397 631 τὸν
1422 588 1540 644 λαὸν,

45 657 128 716 ἀφ’
160 655 337 714 ἑσπέρας
356 657 402 700 δὲ
425 656 502 708 ἕως
521 656 685 715 ἷίρθρου
711 655 1091 714 καταλαμπούσης,
1127 650 1293 715 ὕφ”ἧς
1311 654 1545 715 ὁδηγούμε-

44 745 109 772 νοι
139 727 245 785 πρὸς
283 726 332 770 τὸ
368 727 598 785 ἔρυθραΐον
634 722 772 783 ἦλθον
810 727 999 784 πέλαγος.
1058 724 1236 778 τούτους
1269 727 1435 786 Φαραὼ
1466 727 1545 774 οὖν

46 796 207 855 ἅρμασι
228 797 296 840 καὶ
316 797 462 848 ἵπποις
482 798 552 840 καὶ
579 803 668 847 τοῖς
686 797 888 847 ἐκλεκτοῖς
904 794 1128 854 Αἰγύπτου
1147 794 1392 856 τριστάταις
1409 815 1542 842 κατομ-

44 867 189 923 λαβών
222 867 378 922 με’σους
410 866 526 923 ἴσχεν
561 866 692 910 αὐτοῦ
719 867 788 910 καὶ
817 870 877 910 ‘cti'
879 884 902 910 ν
931 869 1177 912 θαλαττίων
1206 863 1376 912 ὖδάτων
1402 866 1543 926 πάσης

0 946 34 982 [0
47 941 183 996 φυγῆς
204 936 506 995 ἠπορημένους,
530 940 724 992 βοῶντας
734 936 780 980 δὲ
798 933 930 992 μόνον
949 936 1056 995 πρὸς
1069 934 1225 996 κύριον,
1249 935 1307 988 ὥς
1326 937 1382 981 τὰ
1401 936 1535 996 λόγια,
1557 948 1602 984 Ρ.
1626 950 1695 987 128

44 1009 114 1051 καὶ
142 1007 365 1058 111ωϋσέως
400 1004 805 1064 καταγογγύζοντας,
854 1005 918 1050 ὅτι
953 1023 997 1064 γε
1024 1004 1323 1067 συμφερούσης
1353 1009 1546 1061 δουλείας

44 1075 254 1134 ἀπήλλαξε
297 1078 367 1120 καὶ
399 1077 676 1135 ἕρημοταφεῖς
706 1076 980 1134 κατέστησεν
1030 1077 1137 1121 ἀλλὰ
1178 1082 1357 1135 θαρρεῖν
1387 1077 1544 1132 αὖτοὺς

43 1147 299 1206 παραινέσας
336 1154 425 1198 τοῖς
460 1148 634 1203 χείλεσι,
695 1146 803 1190 κατὰ
843 1152 942 1191 νοῦν
978 1148 1025 1191 δὲ
1062 1145 1232 1207 σφόδρα
1269 1145 1538 1205 πονούμενος,

45 1216 191 1274 ἴπληξε
212 1214 359 1277 ῥάβδῳ
381 1217 459 1274 τὴν
477 1214 719 1271 θάλασσαν,
760 1214 817 1268 ὥς
836 1214 920 1261 ὖπὸ
938 1221 1046 1261 θεοῦ
1071 1215 1393 1278 προστάττεται,
1433 1220 1542 1264 κατὰ

0 1297 35 1334 [5
45 1287 123 1344 τὴν
141 1286 322 1344 ἑωθινὴν
342 1292 419 1343 τῆς
442 1287 589 1339 νυκτὸς
618 1285 756 1345 ὥραν·
794 1289 863 1331 καὶ
892 1287 966 1332 τὸν
987 1287 1115 1343 λαὸν,
1152 1286 1210 1341 ῶς
1238 1288 1282 1333 ἕν
1302 1287 1459 1349 ἠπείρῳ
1480 1289 1539 1333 δι’

45 1358 177 1415 αὐτῆς
208 1355 480 1414 διαβιβάσαι,
517 1362 595 1414 τῆς
618 1355 778 1416 ἡμέρας
806 1356 890 1415 ἤδη
920 1357 1284 1417 καταυγαζούσης·
1334 1357 1358 1404 ὃ
1389 1359 1444 1416 δὴ
1474 1361 1544 1403 καὶ

43 1428 193 1487 γέγονε.
238 1425 475 1484 πλήξαντος
490 1427 571 1486 γὰρ
591 1428 815 1480 Μωϋσέως
832 1426 1119 1487 κατάκρουτον
1136 1427 1323 1487 αἰγιαλὸν
1339 1433 1416 1473 τοῦ
1434 1428 1544 1474 ὕδα-

44 1515 143 1552 τος,
179 1496 228 1541 τὸ
262 1502 346 1545 πᾶν
377 1495 591 1556 ὖπερράγη
636 1498 813 1556 πέλαγος
857 1498 936 1550 ἕως
974 1498 1107 1557 ἄκρου
1145 1500 1222 1556 τῆς
1261 1498 1543 1556 ἀντικειμένης

45 1567 205 1624 ὄχθης,
250 1566 580 1625 συμπεπηγότων
609 1570 679 1611 καὶ
706 1572 793 1612 τῶν
821 1566 1018 1623 κυμάτων
1045 1575 1133 1620 τοῖς
1163 1568 1315 1613 ὕδασιν
1328 1602 1343 1623 ,
1382 1565 1472 1613 οἷόν
1499 1587 1542 1614 τι

0 1646 36 1681 20
49 1639 291 1694 συμβαίνειν
311 1641 425 1696 φιλεῖ
445 1639 538 1697 περὶ
559 1637 636 1694 τὴν
657 1637 822 1696 θερμθν
851 1636 982 1682 ὕαλον
992 1671 1007 1693 ,
1043 1640 1080 1682 εἷ
1104 1639 1212 1683 κατὰ
1232 1636 1278 1682 ἓν
1297 1638 1439 1698 ῥαγείη
1463 1639 1541 1694 με’-

46 1726 143 1768 ρος,
181 1707 288 1767 πρὸς
304 1708 352 1751 τὸ
372 1708 511 1767 ἕτερον
531 1706 703 1767 πέραςῆ
723 1708 838 1767 ῥῆξις
854 1705 1102 1766 εὖθυτόμως
1119 1709 1376 1768 διεξέρχεται.
1423 1707 1572 1754 οῧτωΒ

139 1809 173 1843 1.
199 1805 505 1853 συμπιλουμέυου
532 1810 572 1843 ut
601 1806 744 1842 videtur
766 1807 810 1842 B.
843 1805 1176 1855 συμπληρουμένου
1201 1809 1247 1845 Α.
1276 1806 1544 1855 συμπληρουμέ-

139 1867 211 1890 νου
233 1855 280 1888 G.
396 1858 432 1892 2.
463 1858 544 1897 τοῖς
562 1852 747 1900 πνεύμασι
769 1853 865 1900 πρὸς
888 1855 1026 1893 ἑαυτὸν
1051 1855 1146 1891 delet
1161 1868 1206 1891 m.
1322 1857 1358 1892 7.
1380 1854 1542 1900 τούτους

139 1902 216 1936 Bm.
237 1899 388 1944 τούτοις
406 1906 454 1940 G.
571 1903 605 1938 9.
631 1900 754 1939 αὑτοῦ
773 1903 822 1938 G.
942 1906 997 1940 10.
1023 1899 1073 1944 ὦς
1090 1902 1139 1939 τοὶ
1158 1902 1266 1949 λόγια
1288 1902 1382 1938 delet
1401 1915 1446 1938 m.

140 1951 200 1985 12.
224 1947 368 1992 αὐτούς
386 1951 428 1985 Β.
453 1945 587 1991 αὐτοῖς
608 1950 656 1984 G.
751 1951 807 1988 13.
831 1950 926 1986 νοῦν
944 1951 1020 1985 Bm.
1044 1952 1166 1988 νοοῦν
1181 1952 1228 1986 G.
1341 1951 1399 1987 16.
1422 1950 1540 1996 διεβί-

139 1996 255 2045 βασεν
274 2008 318 2031 m.
412 1997 469 2035 17.
493 1995 648 2043 μωσέως
664 1997 708 2033 Β.
808 1999 868 2036 21.
892 1994 1117 2043 εύθυτόμως
1135 1999 1180 2033 Β.
1203 1994 1448 2043 εὖθὐστόμως
1466 1998 1515 2032 G.

48 2078 131 2114 aete
148 2076 341 2123 caliginosa
354 2077 529 2114 densitate
545 2079 694 2125 repleto,
717 2090 761 2114 ex
778 2079 969 2126 vaporibus
985 2082 1022 2114 et
1037 2079 1312 2123 exhalationibus
1327 2083 1541 2127 compactae,

48 2136 168 2159 verum
186 2136 229 2159 ex
249 2124 317 2160 alia
339 2125 501 2172 quapiam
526 2126 672 2161 materia
689 2131 829 2173 captum
851 2137 982 2161 omnem
998 2126 1179 2162 humanum
1197 2127 1407 2170 excedente,
1430 2139 1472 2163 ac
1492 2127 1538 2162 de

49 2171 107 2206 die
132 2171 294 2206 solarium
319 2172 495 2208 radiorum
524 2173 682 2208 ardorem
711 2172 866 2218 regionis
890 2173 984 2207 illius
1005 2173 1138 2208 incolas
1162 2173 1343 2221 plurimum
1364 2172 1537 2209 infestan-

48 2222 139 2260 tem,
177 2219 340 2265 populum
370 2220 600 2267 undequaque
625 2220 777 2255 vallante
802 2225 838 2255 et
860 2219 1015 2255 roridum
1046 2220 1158 2256 eidem
1184 2221 1416 2257 umbraculum
1442 2220 1539 2256 exhi-

47 2265 174 2307 bente,
200 2265 441 2309 ducebantur3
466 2279 488 2302 a
515 2278 666 2313 vespera
695 2272 810 2302 autem
839 2266 884 2302 ad
911 2266 1097 2303 diluculum
1122 2279 1232 2314 usque
1251 2266 1346 2304 clara
1364 2269 1442 2303 luce
1461 2279 1537 2303 eum

47 2311 350 2348 circumlustrante
393 2314 633 2349 muniebantur
668 2318 705 2348 et
743 2313 863 2349 eadem
897 2313 986 2349 duce
1009 2315 1055 2350 ad
1082 2315 1223 2350 rubrum
1246 2327 1342 2351 mare
1367 2326 1537 2363 pervene-

47 2363 139 2393 runt.
194 2359 268 2393 Eos
299 2359 438 2395 Pharao
469 2372 546 2395 cum
581 2359 740 2395 curribus
775 2365 812 2395 et
840 2360 939 2408 equis
968 2365 1006 2397 et
1035 2361 1232 2409 praecipuis
1259 2362 1412 2409 Aegypti
1439 2361 1540 2396 duci-

47 2405 136 2448 bus,
169 2405 262 2440 inter
285 2418 324 2441 se
352 2406 538 2453 pelagique
560 2406 687 2442 limites
713 2406 863 2450 medios,
896 2420 1028 2454 speque
1055 2408 1161 2455 fugae
1180 2409 1365 2444 destitutos
1392 2409 1538 2444 adorsus

48 2451 207 2494 obsedit3
233 2452 308 2486 sola
335 2459 521 2499 supererat
545 2454 615 2488 illis
641 2454 686 2488 ad
711 2453 810 2489 deum
833 2454 1002 2490 clamandi
1029 2455 1198 2498 facultas,
1222 2456 1376 2502 quamvis
1400 2454 1537 2490 insimul

47 2499 286 2534 obtrectarent
303 2499 410 2542 mosi,
435 2500 494 2546 qui
508 2513 567 2535 eos
584 2500 768 2544 servitute,
782 2512 884 2547 quam
901 2501 969 2537 sibi
989 2503 1196 2539 commodam
1214 2503 1396 2550 putabant,
1409 2502 1538 2537 libera-

49 2545 100 2581 vit
120 2550 156 2580 et
179 2545 216 2580 in
238 2546 414 2581 desertum
431 2558 475 2581 ne
494 2547 595 2583 felice
613 2546 752 2594 quidem
773 2548 931 2594 sepulcro
951 2550 1128 2585 donandos
1152 2549 1284 2585 eduxit.
1329 2549 1460 2584 Verum
1479 2548 1537 2583 ille

47 2592 166 2628 verbis
183 2593 314 2628 animos
331 2593 475 2637 addenS,
493 2598 606 2629 mente
621 2599 736 2629 tamen
752 2595 796 2629 ob
813 2596 1005 2643 angustiam
1021 2597 1210 2639 sauciatus,
1235 2596 1293 2631 dei
1307 2595 1417 2638 iussu,
1442 2594 1538 2630 circa

47 2640 248 2674 matutinam
265 2640 380 2675 noctis
394 2644 648 2687 tempestatem,
672 2641 775 2687 virga
788 2652 884 2677 mare
899 2643 1074 2690 percussit
1090 2647 1127 2679 et
1143 2655 1208 2690 per
1224 2641 1297 2679 eius
1312 2642 1536 2690 profundum,

48 2697 118 2721 non
145 2698 246 2722 secus
268 2699 309 2722 ac
335 2699 399 2733 per
418 2687 669 2731 continentem,
694 2687 752 2723 die
771 2689 840 2724 iam
860 2689 1082 2726 illucescente
1102 2690 1381 2726 transmissurum
1406 2687 1537 2734 promi-

49 2732 119 2774 sit,
140 2733 232 2778 quod
251 2739 288 2769 et
306 2734 434 2770 factum
458 2739 522 2771 est.
568 2735 746 2782 Aquarum
764 2735 932 2783 siquidem
951 2737 1050 2772 littus
1075 2736 1290 2792 percutiente
1309 2748 1381 2771 cum
1404 2736 1536 2780 impetu

47 2779 171 2822 Mose,
195 2780 376 2816 universus
404 2782 509 2816 maris
537 2781 632 2816 sinus
658 2793 769 2828 usque
798 2783 843 2818 ad
865 2783 1046 2831 oppositae
1063 2796 1162 2831 ripae
1181 2787 1350 2824 extrema,
1375 2781 1540 2816 fluctibus

49 2824 154 2860 etiam
178 2825 266 2872 ipsis
290 2828 391 2873 aquis
417 2828 589 2864 devinctis
613 2828 658 2863 ad
682 2827 831 2866 invicem
857 2836 894 2866 et
922 2830 1117 2876 suspensis,
1142 2829 1307 2866 discissus
1329 2833 1365 2862 et
1393 2831 1537 2873 apertus

49 2876 123 2914 est,
148 2872 252 2918 quale
279 2875 361 2920 quid
388 2875 433 2910 ad
455 2876 583 2911 siccum
601 2878 719 2911 terrae
743 2875 842 2912 littus
869 2877 1072 2924 contingere
1096 2878 1207 2919 solet,
1231 2880 1271 2910 ut
1292 2874 1384 2909 illiso
1403 2879 1538 2925 partem

49 2918 87 2954 in
104 2930 204 2954 unam
220 2919 350 2965 fluctu,
373 2933 451 2958 mox
463 2922 560 2958 velut
575 2933 636 2959 ore
651 2926 770 2958 terrae
787 2927 923 2972 partem
937 2923 976 2960 in
993 2923 1186 2972 oppositam
1206 2925 1384 2957 eructatus
1397 2920 1537 2957 refluat.

148 2978 282 3027 θεοῖς.
306 2981 492 3027 syncellus.
516 2980 544 3017 Ι.
1198 2974 1252 3016 16
