1800 3236
549 181 1080 229 CHRONOGRAPHIA.
1475 179 1577 232 653

509 293 777 337 ΚΟΣΜΟῩ
807 294 942 337 ΕΤΗ
969 292 1122 356 ἐφπη’.

442 364 534 431 Τῆς
566 375 691 426 θείας
725 373 976 434 σαρκώσεως
1011 376 1081 435 ἔτη
1117 371 1202 434 ms.

179 468 444 523 Δομετιανοῦ
467 467 512 510 αἶ
541 469 660 524 τιμαὶ
686 469 996 528 καθῃρέθησαν
1015 468 1098 514 ὕπὸ
1119 476 1196 529 τῆς
1225 469 1472 530 συγκλήτου.
1509 477 1580 518 καὶ

76 536 118 579 οἶ
141 535 295 588 ἀδίκως
327 537 637 589 ἀπελασθὲντες
659 539 915 597 ἐπανῆλθον.
953 539 1050 585 ἔνιοι
1078 542 1126 586 δὲ
1156 544 1227 586 καὶ
1258 542 1471 600 ἀπέλαβον
1500 545 1579 597 τὰς

37 605 234 658 ὄοῦσίας.

78 705 172 763 Τοῦ
213 716 347 777 ἁγίου
377 719 633 778 Εἰρηναίου
672 719 923 768 ἐπισκόπου
962 722 1235 782 Λουγδόνου
1273 723 1322 770 ἐκ
1359 723 1400 782 β’
1430 723 1612 783 λόγουΙ)

534 793 621 835 τοῦ
650 790 766 848 πρὸς
791 791 872 845 τοὶς
902 792 1104 851 αἱρέσεις.

345 879 454 937 Περὶ
482 882 558 922 τοῦ
591 875 708 935 ἅγιόυ
738 877 932 924 Ἰωάννου
961 885 1038 925 τοῦ
1067 877 1287 940 θεολόγον.

173 972 262 1015 Καὶ
291 969 443 1022 πάντες
472 972 513 1015 οἳ
538 970 812 1031 πρεσβύτεροι
839 979 1128 1033 μαρτυροῦσιν
1152 975 1192 1018 οἳ
1212 974 1320 1019 κατὰ
1338 974 1414 1032 τὴν
1429 974 1570 1019 Ἀσίαν

11 1038 237 1100 ΙΟἸωάννῃ
277 1046 339 1102 τῷ
368 1046 446 1086 τοῦ
482 1044 628 1100 κυρίου
657 1047 837 1102 μαθητῇ
866 1043 1202 1102 συμβεβληκότες
1231 1046 1570 1104 παραδεδωκέναι

67 1111 142 1155 τὸν
159 1109 368 1168 Ἰωάννην.
406 1113 623 1170 παρέμεινε
642 1114 723 1171 γὰρ
746 1114 890 1165 αὐτοῖς
909 1116 1029 1173 μέχρι
1051 1120 1135 1159 τῶν
1159 1119 1375 1174 Τραϊανοῦ
1388 1113 1567 1173 χρόνων.

65 1179 232 1233 τούτοις
265 1181 486 1226 ἀκόλουθα
517 1185 586 1226 καὶ
606 1182 788 1240 Κλήμης
818 1182 839 1227 ὅ
861 1185 1151 1244 Ἀλεξανδρεὺς
1172 1187 1215 1229 ἕν
1242 1191 1302 1246 τῷ
1324 1187 1571 1244 ἐπιγεγραμ-

63 1252 177 1312 μένῳ
207 1250 315 1313 λόγῳ
344 1254 463 1307 ,,Τι’ς
495 1251 516 1297 ὅ
543 1252 776 1309 σωζόμενος
793 1250 1020 1307 πλούσιος”
1037 1254 1210 1314 γράφει·
1245 1256 1353 1311 μετὰ
1379 1256 1455 1312 τὴν
1475 1257 1570 1299 Δο-

62 1326 259 1377 μετιανοῦ
288 1328 365 1366 τοῦ
395 1321 603 1381 τυράννου
638 1324 832 1380 τελευτὴν
860 1324 1102 1369 ἐπανελθεῖν
1132 1327 1176 1369 ἐκ
1197 1330 1272 1382 τῆς
1289 1323 1473 1381 Πάτμου
1493 1325 1568 1370 τὸν
1590 1330 1631 1366 Ρ.
1655 1330 1727 1369 346

6 1391 255 1449 15Ἰωάννην
280 1393 355 1436 τὸν
377 1391 603 1451 θεολόγον,
643 1392 893 1446 ἐπισκόπους
913 1413 957 1439 τε
978 1396 1330 1454 παρακληθέντας
1351 1402 1440 1445 τοῖς
1459 1399 1568 1452 πλη-

61 1462 283 1521 σιοχώροις
299 1462 439 1507 ἔθνεσι
459 1464 686 1521 κατέστησε
702 1477 714 1489 ·
751 1465 834 1507 τισὶ
855 1465 901 1508 δὲ
919 1467 986 1509 καὶ
1008 1464 1109 1517 ὅλας
1129 1466 1345 1521 ἐκκλησίας
1367 1463 1563 1522 ἁρμόσαι.

61 1534 104 1576 ἐν
134 1531 197 1584 οἷς
229 1534 299 1577 καὶ
324 1535 415 1591 περὶ
442 1534 519 1590 τὴν
542 1539 618 1578 τοῦ
643 1535 860 1578 νεανίσκου
895 1537 1175 1593 προστίθησιν
1198 1534 1426 1592 εὔχρηστον
1448 1536 1565 1578 ἱστο-

61 1605 156 1661 ρίαν
182 1610 271 1654 τοῖς
303 1604 347 1647 ἐκ
368 1608 535 1647 πολλῶν
570 1602 884 1661 ἁμαρτημάτων
902 1606 1250 1661 μεταμελομένοις
1267 1605 1564 1660 συμβαλλομέ-

61 1692 165 1730 νην,
205 1673 320 1725 ὅπως
352 1674 480 1718 αὐτὸν
509 1673 718 1734 ἓπισκόπῳ
739 1675 818 1717 τινὶ
842 1680 926 1719 τῶν
947 1675 1064 1733 παρὰ
1081 1674 1156 1732 τὴν
1168 1675 1312 1719 Ἀσίαν
1332 1674 1558 1733 παρέθετο,

3 1742 455 1803 Ξοδιαμαρτυράμενος
484 1744 598 1805 αὐτῷ
630 1747 723 1804 περὶ
752 1748 828 1802 τῆς
856 1745 987 1790 αὐτοῦ
1019 1733 1239 1804 σωτηρίας.
1275 1744 1460 1795 κάκεῖνος
1476 1749 1562 1800 βα-

153 1863 190 1904 4.
215 1864 311 1903 ἔνιοι
333 1864 524 1915 ἀπέλαβον
544 1866 608 1904 καὶ
626 1867 695 1911 τοὶς
709 1869 757 1904 G.
853 1871 912 1906 10.
936 1865 1209 1916 συμβεβηκότες
1224 1867 1272 1902 G.
1367 1868 1422 1903 18.
1445 1879 1559 1912 μετα-

151 1913 417 1962 μελλουμένοις
435 1917 479 1954 A.
502 1914 840 1963 μεταμελουμένοις
858 1917 905 1952 G.
1008 1918 1066 1954 20.
1091 1911 1463 1964 διαμαρτυρούμενος
1483 1915 1532 1949 G.

542 2022 693 2063 ANNI
717 2023 921 2064 MUNDI
949 2022 1075 2068 5588.

483 2089 644 2128 Dwmsss
667 2091 950 2128 Incinnffloms
986 2102 1050 2126 AN.
1073 2092 1133 2127 88.

150 2147 314 2185 Honores
332 2149 530 2186 Domitiano
559 2162 581 2185 a
600 2154 723 2186 senatu
743 2150 850 2185 delati
868 2150 1102 2195 abrogantur,
1126 2149 1337 2185 revocantur
1352 2144 1484 2192 pariter
1511 2146 1556 2180 ab

57 2194 181 2231 exsilio
197 2196 327 2233 iniuria
343 2197 512 2244 relegati3
536 2209 682 2244 quorum
698 2197 852 2233 nonnulli
869 2197 1024 2244 receptis
1044 2195 1149 2232 etiam
1168 2195 1270 2232 bonis
1287 2193 1393 2241 potiti
1411 2195 1502 2228 sunt.

52 2265 121 2307 Ex
148 2254 279 2308 sancti
306 2267 464 2311 Irenaei
491 2269 771 2323 Lugdunensis
803 2268 985 2323 episcopi
1014 2268 1120 2309 libro
1150 2268 1343 2310 adversus
1370 2265 1553 2306 haereses

706 2328 898 2369 secundo.

541 2394 596 2430 De
609 2398 730 2431 sancto
749 2395 879 2431 Ioanne
898 2395 1076 2441 theologo.

146 2450 314 2487 Seniores
331 2452 460 2500 quique
480 2454 670 2500 pei-Asiam
686 2453 809 2489 Ioanni
827 2452 956 2489 domini
977 2451 1147 2499 discipulo
1169 2453 1287 2487 aetate
1313 2459 1416 2498 pares
1442 2446 1554 2484 tradi-

51 2496 168 2533 tiones
185 2498 355 2534 ecclesiae
373 2510 448 2535 eum
469 2500 655 2547 reliquisse
674 2505 861 2536 testantur.
907 2499 960 2535 Ad
981 2511 1098 2536 eorum
1116 2499 1285 2545 siquidem
1304 2504 1438 2544 tempus
1454 2499 1490 2529 et
1507 2493 1554 2528 ad

53 2543 202 2580 Traiani
230 2545 412 2592 imperium
439 2547 614 2603 superfuit
655 2548 783 2583 salvus.
831 2547 899 2583 His
928 2558 1078 2583 consona
1106 2546 1265 2582 Clemens
1301 2541 1554 2580 Alexandrinus

52 2602 162 2637 opere
177 2593 371 2640 inscripto,
397 2606 510 2640 „quis
529 2593 630 2630 dives
653 2595 809 2630 salvatur
822 2593 843 2611 ’'
873 2595 1022 2642 profert.
1068 2594 1233 2629 Ioannem
1261 2591 1426 2627 videlicet
1451 2588 1553 2643 theo-

51 2637 167 2683 logum
187 2645 300 2675 amoto
320 2652 340 2674 e
361 2640 452 2675 vivis
468 2641 666 2676 Domitiano
685 2645 834 2688 tyranno
852 2653 896 2677 ex
915 2641 1030 2677 insula
1054 2641 1179 2675 Patmo
1207 2647 1384 2674 reversum
1405 2644 1552 2690 ‘episco-

51 2695 117 2730 pos
132 2685 256 2721 vicinis
276 2687 467 2732 provinciis
486 2689 661 2734 expetitos
679 2688 895 2724 concessisse
915 2693 952 2723 et
966 2687 1140 2723 nonnullis
1159 2685 1262 2721 etiam
1290 2684 1457 2719 ecclesias
1473 2679 1553 2735 plu-
1609 2710 1618 2715 ,

50 2742 111 2766 res
138 2734 414 2776 commendasse,
448 2734 576 2781 quibus
603 2746 647 2769 ex
672 2736 744 2770 vita
775 2735 932 2782 peccatis
961 2735 1095 2770 infecta
1126 2733 1235 2779 primo
1264 2727 1551 2782 resipiscentibus

50 2779 235 2824 perutilem
251 2780 296 2816 de
310 2782 458 2827 quodam
474 2781 695 2817 adolescente
710 2783 838 2818 attexit
852 2781 1044 2817 historiam.
1089 2781 1143 2815 Ut
1159 2790 1200 2814 eo
1218 2778 1375 2812 nimirum
1391 2787 1410 2809 e
1436 2785 1550 2819 iscopi

50 2824 230 2861 cuiusdam
250 2827 406 2862 manibus
425 2828 626 2871 commisso,
650 2829 853 2884 episcopum
882 2829 1005 2865 salutis
1027 2825 1104 2863 eius
1134 2836 1250 2879 cura-m
1279 2834 1385 2869 agere
1411 2831 1550 2876 ‘oannes

49 2872 244 2908 obtestatus
265 2878 332 2909 est.
378 2875 484 2909 Hunc
501 2875 584 2911 licet
600 2875 734 2911 Christi
753 2877 893 2912 lavacro
913 2877 1097 2911 lustratum
1115 2872 1295 2916 divinique
1322 2869 1424 2906 verbi
1441 2878 1550 2914 prae-

48 2919 162 2966 ceptis
179 2919 351 2957 ernditum
370 2922 440 2958 sibi
455 2922 525 2969 ipsi
540 2922 662 2960 vivere
675 2922 846 2971 permisit.
905 2923 997 2959 Eum
1016 2921 1161 2957 iuvenes
1183 2921 1301 2954 aetate
1328 2926 1434 2964 pares
1451 2914 1549 2949 frau-
