1800 3236
552 153 1079 203 CHRONOGRAPHIA.
1458 157 1563 207 689

53 262 174 321 χείας
202 263 428 310 ἐπίσκοπον
459 261 639 322 Φάβιον.
693 264 772 311 οὐκ
806 265 889 312 ἀπὸ
908 272 986 312 τοῦ
1004 266 1212 324 βασιλέως
1238 268 1562 330 προστάγματος

55 334 167 394 παρ’
188 332 290 392 ἡμῖν
312 333 335 380 ὃ
358 335 542 393 διωγμὸς
554 335 730 394 ἤρξατο.
768 335 876 381 ἀλλὰ
894 338 975 398 γὰρ
994 337 1094 384 ὅλον
1117 339 1308 383 ε’νιαυτὸν
1332 343 1558 400 προῦλαβε.

55 406 127 449 καὶ
156 403 338 464 φθάσας
366 403 390 450 ὃ
421 409 561 450 κακῶν
577 411 632 465 τῇ
659 404 776 451 πόλει
795 405 931 467 ταύτῃ
959 406 1112 465 μάντις
1129 411 1200 453 καὶ
1222 411 1412 467 ποιητὴς,
1447 411 1563 465 ὅστις
1593 433 1595 435 ’

56 474 211 526 ἐκεῖνος
246 470 301 532 ἦν
310 508 326 530 ,
365 475 526 533 ἐκίνησε
535 509 550 530 ,
587 478 656 520 καὶ
678 475 937 536 παρώρμησε
958 479 1067 525 καθ’
1087 477 1209 536 ἡμῶν
1230 479 1286 523 τοὶ
1306 479 1453 538 πλήθη
1475 487 1562 528 τῶν

27 545 201 592 5ἓθνῶν
218 547 277 596 εἰς
294 544 374 602 τὴν
391 544 615 605 ἐπιχώριον
630 547 762 592 αὖτοῦ
782 550 1106 605 δεισιδαιμονίαν
1124 549 1415 608 ἀναρριπίσας.
1455 553 1494 596 οἳ
1517 553 1563 597 δὲ

55 615 348 670 ἐρεθισθέντες
362 613 442 659 ὑπ’
467 617 601 661 αὐτοῦ
623 619 692 662 καὶ
710 616 850 676 πάσης
868 621 1060 672 ἐξουσίας
1081 622 1140 672 εἷς
1162 620 1455 679 ἀνοσιουργιάν
1483 627 1563 666 λα-

54 683 252 741 βόμενοι,
287 683 423 743 μόνην
453 687 665 741 εὐσέβειαν
685 688 761 746 τὴν
780 691 1011 746 θρησκείαν
1040 696 1126 735 τῶν
1155 688 1368 746 δαιμόνων
1399 689 1600 749 ταύτηνΟ

55 755 253 810 ἐσέβοντο
274 756 382 800 καθ’
405 754 526 813 ἡμῶν
546 763 697 816 φονᾶν.
733 765 903 817 πρῶτον
924 762 1001 816 μὲν
1020 756 1095 806 οὖν
1113 759 1353 820 πρεσβύτην
1371 764 1563 821 Μητρα-

54 826 128 870 νόν
151 824 327 882 ὀνόματι
351 826 700 885 συναρπάσαντες
716 832 784 873 καὶ
805 829 1069 883 κελεύσαντες
1091 831 1203 875 ἄθεα
1225 832 1351 888 λέγειν
1371 831 1558 890 ῥήματα,

0 895 115 952 1ομὴ
143 894 398 952 πειθόμενον
425 896 567 950 ξύλοις
594 916 638 943 τε
664 901 856 951 παίοντες
876 901 926 945 τὸ
953 906 1078 956 σῶμα
1098 903 1168 945 καὶ
1199 900 1401 957 καλάμοις
1428 901 1562 954 ὀξέσιν
1588 926 1590 928 ·

54 968 113 1018 εἷς
129 966 178 1010 τὸ
193 974 444 1024 προαστεῖον
463 967 856 1027 κατελιθοβόλησαν
869 985 880 996 ·
907 969 997 1015 εἶτα
1017 971 1169 1027 πιστὴν
1191 978 1367 1028 γυναῖκα
1386 969 1563 1029 Κόηντα

54 1037 316 1096 καλουμένην
352 1038 419 1080 ἐπὶ
458 1038 508 1083 τὸ
548 1040 754 1083 εἶδωλεΐον
784 1039 1069 1098 ἀπαγαγόντες
1105 1040 1337 1099 ἠνάγκαζον
1374 1058 1564 1100 προσκυ-

54 1113 152 1162 νεΐν,
177 1107 553 1166 ἂποστρεφομένην
572 1127 616 1153 τε
628 1111 696 1153 καὶ
706 1111 1041 1169 βδελυττομὲνην
1059 1110 1307 1169 ἐκδήσαντες
1317 1116 1402 1156 τῶν
1419 1115 1564 1158 ποδῶν

55 1178 129 1221 διὰ
150 1175 293 1234 πάσης
311 1182 390 1235 τῆς
411 1177 571 1231 πόλεως
590 1180 700 1224 κατὰ
717 1185 797 1225 τοῦ
822 1183 998 1241 τραχέος
1025 1180 1318 1241 λιθοστρώτου
1336 1180 1555 1241 σύραντες,
1580 1198 1624 1235 v,
1645 1201 1715 1237 292

0 1259 44 1297 15
56 1249 465 1308 προσαρασσομένην
498 1257 587 1302 τοῖς
620 1253 830 1305 μυλιαιόις
857 1254 998 1304 λίθοις
1028 1251 1118 1308 ἅμα
1148 1255 1218 1296 καὶ
1246 1258 1562 1310 μαστιγοῦντες,

54 1320 122 1362 ἐπὶ
135 1314 209 1363 τὸν
232 1318 363 1363 αὐτὸν
380 1318 604 1377 ἀγαγόντες
622 1322 875 1367 κατέλευσαν
893 1320 1038 1368 τόπον.
1067 1321 1154 1367 εἶθ’
1181 1321 1462 1379 ὁμοθυμαδὸν
1474 1322 1561 1382 ὥρ-

52 1406 195 1447 μησαν
219 1381 384 1441 ἔπὶτὰς
402 1395 488 1434 τῶν
505 1390 733 1449 θεοσόᾳων
754 1394 909 1447 οἰκίας,
946 1395 1016 1437 καὶ
1042 1391 1119 1448 οὓς
1146 1391 1361 1450 ἐγνώριζον
1387 1392 1596 1438 ξ’καστοιῙ)

52 1464 318 1518 γειτνιῶντας
340 1459 658 1513 ἐπισπεύδοντες
677 1461 858 1521 ἤγαγον,
896 1461 1056 1507 ἐσύλων
1081 1481 1126 1507 τε
1155 1465 1224 1506 καὶ
1249 1461 1476 1520 διήρπαζον
1501 1464 1557 1507 τοὶ

55 1532 133 1584 μὲν
166 1528 378 1588 τιμώτερα
407 1536 494 1575 τῶν
525 1535 746 1590 κειμηλίων
780 1531 1094 1592 νοσφιζόμενοι,
1133 1532 1188 1576 τὰ
1221 1532 1265 1576 δ’
1289 1533 1556 1591 εὐτελέστερα

0 1603 127 1648 Ξοκαὶ
146 1600 228 1645 ὅσα
249 1598 386 1652 ξύλων
410 1603 627 1659 ἐπεποίητο
649 1602 974 1662 διαρρήσσοντες
993 1606 1062 1648 καὶ
1081 1604 1375 1653 κατακαίοντες
1396 1604 1440 1647 ἒν
1459 1610 1555 1654 ταῖς

58 1670 202 1725 ὁδοῖς,
241 1669 475 1723 ἑαλωκυίας
499 1671 581 1717 ὑπὸ
611 1676 820 1730 πολεμίων
852 1672 1013 1726 πόλεως
1030 1680 1227 1732 παρεῖχον
1259 1673 1419 1729 θέαμα.
1466 1672 1556 1725 ἒξὲ·

56 1746 200 1787 κλιναν
232 1742 279 1786 δὲ
308 1745 379 1786 καὶ
407 1741 704 1802 ὖπανεχώρουν
738 1745 778 1789 οἶ
809 1744 1008 1803 ἀδελφοὶ,
1047 1746 1116 1788 καὶ
1145 1743 1221 1800 τὴν
1253 1740 1445 1802 ἁρπαγὴν
1471 1747 1559 1788 τῶν

149 1833 186 1870 3.
207 1832 337 1868 κακῶν
353 1832 397 1868 Ρ.
420 1830 548 1869 κανών
569 1833 617 1867 G.
738 1832 773 1867 8.
809 1833 935 1878 φονᾶν
955 1831 1130 1868 Eusebius
1155 1841 1233 1877 cap.
1251 1830 1311 1867 41.
1344 1831 1494 1877 φρονᾶν
1513 1833 1558 1868 Α.

150 1883 314 1928 φρονεῖν
333 1880 382 1914 G.
496 1884 529 1917 9.
555 1877 790 1927 ἁρπάσαντες
807 1881 856 1916 G.
976 1883 1033 1917 11.
1057 1879 1226 1917 Κοΐνταν
1240 1878 1335 1924 apud
1353 1878 1558 1914 Eusebium.

152 1976 173 2020 ζ
224 1929 279 2010 lg
304 1927 600 1976 βδελυττομένην
617 1929 659 1965 Ρ.
678 1929 949 1977 βδελυττομίας
964 1928 1013 1963 G.
1109 1928 1165 1964 18.
1190 1925 1414 1974 διήρπαζον]
1435 1922 1558 1975 ἥρπα-

173 1988 219 2013 ον
279 1999 290 2011 .
1536 2009 1540 2013 .

58 2045 215 2082 tissimus
234 2044 424 2093 Dionysius
451 2045 586 2084 scribit.
634 2046 736 2091 Quae
756 2046 826 2084 suit
847 2045 942 2095 apud
965 2058 1028 2083 nos
1048 2043 1265 2093 persecutio,
1290 2056 1335 2080 ex
1358 2042 1558 2092 Imperato-

57 2094 110 2130 ris
135 2093 301 2130 mandato
319 2100 386 2129 'non
406 2096 555 2143 sumpsit
575 2095 731 2139 initium3
756 2101 988 2143 praevenerat
1006 2094 1068 2129 illa
1085 2099 1222 2140 tempus
1240 2093 1318 2128 eius
1345 2104 1435 2128 anno
1461 2092 1556 2128 inte-

56 2154 144 2187 gro,
168 2141 406 2188 malorumque
433 2144 667 2189 praenuncius
694 2150 731 2178 et
754 2148 879 2179 auctor
898 2140 1057 2189 quisquis
1077 2139 1136 2175 ille
1153 2140 1282 2183 suerit,
1314 2150 1555 2186 praecurrens,

57 2200 134 2224 eam
152 2188 189 2224 in
209 2189 276 2224 hac
293 2191 380 2224 urbe
397 2191 528 2233 movit,
552 2196 589 2226 et
611 2191 814 2226 familiarem
843 2189 1061 2237 patriamque
1080 2188 1360 2234 superstitionem
1378 2197 1558 2241 propaga-

55 2240 158 2271 turus
184 2235 368 2282 gentilium
395 2237 518 2272 turbas
533 2237 569 2272 in
588 2249 651 2272 nos
677 2238 876 2273 concitavit.
924 2235 980 2271 Illi
1001 2236 1046 2270 ab
1061 2247 1104 2269 eo
1119 2234 1307 2277 stimulati,
1331 2234 1429 2269 facta
1445 2245 1556 2267 sacri-

55 2283 128 2329 legi
147 2282 315 2319 facinoris
331 2288 520 2330 potestate,
540 2286 820 2331 superstitionem
833 2284 1038 2319 daemonum
1056 2282 1153 2316 velut
1169 2293 1331 2316 summam
1351 2280 1554 2326 religionem

56 2331 238 2372 colebant,
263 2342 354 2376 quae
379 2331 547 2368 adversus
569 2345 633 2367 nos
651 2333 810 2368 sentiret.
857 2331 1008 2366 Primum
1029 2329 1142 2375 igitur
1158 2340 1273 2364 senem
1289 2328 1460 2375 quendam
1478 2327 1555 2361 Me·

56 2382 195 2413 tranum
213 2377 351 2412 nomine
369 2383 509 2425 raptum
533 2385 569 2416 et
588 2379 695 2426 impia
718 2380 825 2414 verba
850 2379 1011 2426 proferre
1029 2377 1179 2418 iussmn,
1204 2388 1270 2411 nec
1295 2376 1552 2428 obsequentem,

55 2425 212 2460 fustibus
242 2429 278 2459 et
300 2425 414 2460 acutis
437 2427 580 2461 calamis
602 2427 637 2461 in
659 2427 752 2462 facie
774 2427 1008 2467 vulneratum,
1034 2423 1144 2459 oculis
1169 2422 1307 2458 effossis
1334 2421 1492 2456 eductum
1515 2431 1553 2454 in

56 2473 259 2507 suburbana
274 2470 451 2517 lapidibus
468 2475 674 2509 obruerunt.
721 2473 876 2509 Fidelem
894 2472 1021 2522 deinde
1039 2469 1214 2506 mulierem
1237 2469 1423 2515 (Quintam
1442 2478 1551 2501 voca-

56 2520 162 2565 bant)
187 2518 232 2553 ad
263 2518 348 2554 idoli
377 2519 494 2555 fanum
518 2521 656 2556 ductam
682 2521 831 2556 adorare
854 2521 1048 2566 cogebant3
1070 2517 1185 2552 scelus
1202 2522 1317 2552 autem
1337 2525 1493 2569 aversam
1514 2516 1551 2548 et

55 2566 288 2608 detestatam,
321 2566 469 2611 pedibus
505 2567 626 2613 ligatis
658 2579 723 2613 per
749 2568 858 2602 totius
892 2567 1047 2603 civitatis
1072 2563 1251 2610 asperiora
1277 2561 1354 2597 loca
1376 2560 1550 2615 lapidibus

55 2613 217 2649 instratis
244 2610 392 2658 aliisque
414 2614 603 2649 molaribus
622 2615 770 2657 illisam,
794 2614 966 2661 simulque
990 2612 1197 2648 verberibus
1223 2609 1409 2662 afflictam,
1424 2618 1470 2662 ‘in
1495 2606 1549 2640 lo-

57 2673 138 2696 cum
157 2660 305 2696 eundem
329 2660 514 2696 deductam
533 2673 695 2696 saxorum
712 2663 824 2697 imbre
849 2661 1127 2697 trucidaverunt.
1177 2657 1261 2692 Mox
1286 2665 1435 2689 ununnm
1452 2654 1550 2707 furq-

56 2708 110 2744 ris
130 2713 225 2744 motu
250 2705 295 2742 ad
316 2706 556 2753 religiosorum
576 2708 702 2744 civium
719 2709 839 2744 domos
855 2709 1103 2755 irrumpentes,
1130 2717 1188 2739 eos
1214 2715 1301 2749 quos
1319 2705 1443 2736 norant
1459 2711 1550 2733 vici-

55 2767 121 2791 nos
137 2757 184 2791 ad
200 2753 389 2790 tribunalia
408 2757 615 2799 trabebant,
641 2756 948 2803 depraedabantur
969 2752 1210 2805 pretiosiorem
1237 2759 1407 2795 quamque
1432 2745 1548 2792 supel-

55 2802 230 2845 lectilem3
254 2801 379 2836 viliore
397 2813 481 2838 vero
508 2803 635 2838 relicta
657 2809 695 2839 et
720 2803 872 2839 residuis
899 2802 1095 2849 quibusque
1122 2810 1165 2833 ex
1187 2797 1280 2842 llgno
1302 2795 1411 2849 solum
1429 2794 1549 2847 fabre-

54 2850 164 2886 factis
184 2848 402 2885 comminutis
430 2856 467 2884 et
492 2862 556 2897 per
581 2850 733 2898 compita
759 2851 967 2893 combustis,
991 2849 1148 2892 direptae
1169 2844 1213 2877 ab
1238 2842 1398 2876 hostibus
1423 2844 1550 2874 civita·

55 2896 105 2932 ti·
130 2896 364 2933 miserandum
392 2898 582 2934 exhibuere
613 2897 863 2947 spectaculum.
920 2894 1165 2941 Suffugiebant
1189 2891 1312 2935 itaque
1340 2892 1378 2924 et
1406 2885 1550 2925 secede-

151 2957 284 3005 G'eorg.
308 2958 501 3003 Synccuus.
523 2958 554 2992 Ι.
1213 2938 1270 2982 44
