1800 3236
564 156 1094 203 CHRONOGRAPHIA.
1490 155 1590 208 611

82 266 256 328 χρόνον.
285 267 394 313 κατὰ
423 267 525 319 τοὺς
550 266 768 312 Ἰουδαίων
795 264 1024 326 ἀριθμούς.
1074 267 1158 313 ἀπὸ
1188 269 1268 328 γὰρ
1296 274 1504 328 Νεεμίου,
1544 273 1593 326 ὃς

86 338 167 383 ὑπ’
195 339 472 398 Ἀρταξέρξου
499 337 579 395 τὴν
592 336 867 397 Ἰερουσαλὴμ
886 337 1109 383 ἀνοικίσων
1135 339 1351 399 ἐπέμφθη,
1389 343 1455 386 ἐπὶ
1474 344 1523 389 τὸ
1545 342 1592 391 ιε’

87 411 159 454 καὶ
200 407 239 468 ρ’
275 413 353 466 τῆς
391 411 576 464 Περσῶν
602 409 842 466 βασιλείας,
880 407 1014 453 αὐτοῦ·
1046 408 1089 453 δ’
1119 409 1397 469 Ἀρταξέρξου
1430 411 1468 456 κ’
1497 413 1590 470 ἔτει,

85 476 350 536 ὀλυμπιάδος
368 476 439 537 πγ’
462 479 541 524 ἴτει
560 477 615 525 δ’.
653 479 720 523 ἐπὶ
739 476 903 523 τούτων
919 483 1007 523 τῶν
1021 476 1202 538 χρόνων,
1241 480 1288 533 ὃς
1307 477 1359 539 ἦν
1380 482 1630 540 diminui-B

55 552 166 601 ὅδος
188 547 259 605 σβ’
275 549 369 601 ἔτος
386 547 606 609 δεύτερον,
624 562 631 569 ”
648 550 845 608 Τιβερίου
866 549 913 593 δὲ
932 550 1154 608 Καίσαρος
1170 549 1391 608 ἡγεμονίας
1409 552 1502 606 ἔτος
1519 552 1588 610 ις’,

85 619 158 677 ἔτη
188 618 410 677 συνάγεται
443 618 528 664 υοε’
542 654 557 675 ,
595 618 702 678 ἅπερ
736 618 938 679 Ἑβραϊκὰ
965 617 1037 668 v¹2¹
1071 619 1143 678 ἔτη
1180 622 1334 679 γίνεται
1370 623 1480 668 κατὰ
1518 624 1592 670 τὸν

83 695 320 747 σεληνιαῖον
336 695 454 747 μῆνα
473 690 573 742 τούς
592 690 806 742 ἐνιαυτοὺς
828 691 990 735 ἐκείνων
1013 691 1400 750 ἔξαριθμουμένων,
1427 692 1486 746 ὥς
1504 693 1593 740 ἔστι

83 759 304 820 πρόχειρον
325 763 451 805 εἰπεῖν
469 759 637 819 ἡμερῶν
659 758 732 805 na'
752 762 822 805 καὶ
846 759 1050 817 ἡμισείας,
1089 766 1166 806 τοῦ
1185 767 1380 808 κυκλικοῦ
1398 765 1592 811 ἐνιαυτοῦ

83 836 162 876 τοῦ
190 830 300 875 καθ’
334 829 453 888 ἣλιον
479 829 746 890 ὑπάρχοντος
769 828 936 890 ἡμερῶν
964 829 1047 884 τξε’
1073 828 1137 886 δ’,
1174 832 1253 890 τὴν
1279 834 1388 879 κατὰ
1413 832 1590 894 σελήνην

25 907 74 943 -10
85 899 382 958 δωδεκάμηνον
418 900 732 960 παραλλάσσειν
758 899 919 959 ἡμέρας
945 899 1003 945 ια’
1035 902 1104 945 καὶ
1137 899 1189 947 δ’.
1249 903 1320 948 διὰ
1360 909 1487 950 τοῦτο
1519 908 1591 950 καὶ

75 971 273 1028 Ἓλληνες
285 973 356 1016 καὶ
369 971 567 1016 Ἰουδαῖοι
578 978 689 1029 τρεῖς
706 975 845 1028 μῆνας
866 972 1123 1027 ἐμβολίμους
1134 970 1265 1017 ἔτεσιν
1279 972 1322 1031 η’
1341 973 1590 1034 παρεμβάλ-

82 1046 241 1087 λουσιν.
279 1038 449 1093 ὀκτάκις
473 1041 556 1100 γὰρ
581 1041 636 1085 τοὶ
658 1039 715 1085 ια’
739 1044 809 1086 καὶ
828 1041 1031 1100 τέταρτον
1052 1049 1164 1086 ποιεῖ
1177 1044 1391 1102 τρίμηνον.
1426 1045 1482 1090 τὰ
1499 1047 1590 1091 τοί-

82 1130 160 1157 νυν
198 1108 284 1156 υοε’
315 1111 387 1169 ἴτη
423 1111 634 1157 ὄκταετίαι
663 1112 741 1169 μέν
769 1112 956 1169 γίνονται
986 1109 1059 1156 νθ’
1090 1114 1161 1156 καὶ
1196 1117 1325 1171 μῆνες
1360 1122 1471 1173 τρεῖς
1477 1149 1493 1171 ,
1532 1114 1590 1168 ὥς

83 1179 287 1241 τριμήνου
318 1182 550 1239 ἐμβολίμου
581 1187 635 1241 τῇ
668 1182 862 1243 ὄκταετίᾳ
889 1182 1130 1240 γενομένης,
1169 1181 1242 1241 ἴτη
1272 1183 1496 1244 συνάγεται
1523 1183 1628 1242 ιε’,Ο

25 1263 72 1300 15
84 1250 222 1297 ταῢτά
257 1270 303 1297 τε
337 1253 444 1311 πρὸς
472 1260 562 1305 τοῖς
589 1250 675 1297 υοε’
706 1252 837 1297 ἔτεσιν
867 1251 904 1296 ο’
934 1250 1180 1309 ἕβδομάδες.
1216 1254 1277 1311 μὴ
1313 1252 1367 1313 δή
1395 1273 1461 1308 τις
1478 1254 1593 1314 ἡμᾶς

83 1327 170 1368 τῶν
199 1321 299 1367 κατ’
335 1322 620 1382 ἀστρονομίαν
645 1322 847 1382 ἀριθμῶν
890 1321 1086 1382 ἀπείρους
1118 1321 1222 1368 εἶναι
1247 1325 1470 1381 νομιζέτω,
1508 1324 1592 1378 τξε’

83 1392 252 1452 ἡμερῶν
291 1395 363 1437 καὶ
407 1391 610 1453 τετάρτου
652 1394 804 1451 μορίου
842 1394 1142 1452 προτεταχέναι
1182 1393 1328 1451 αὐτήν.
1377 1395 1476 1440 οὐδὲ
1509 1396 1590 1456 γὰρ

82 1464 231 1525 ἀγνοίᾳ
261 1462 503 1520 τάληθοῦς,
541 1463 612 1508 διὰ
635 1464 680 1507 δὲ
697 1463 775 1520 τὴν
793 1465 1064 1521 λεπτολογίαν
1084 1463 1132 1507 τὸ
1155 1462 1444 1522 ψηφιζόμενον
1464 1483 1589 1511 συνε-

82 1535 276 1591 τέμομεν.
322 1541 413 1586 τοῖς
444 1535 492 1577 δὲ
521 1534 593 1578 ἐπ’
620 1533 790 1592 ἀκριβὲς
818 1531 958 1577 πάντα
988 1533 1257 1591 πειρωμένοις
1284 1533 1484 1589 ἐξετάζειν
1517 1538 1590 1581 καὶ

27 1603 218 1653 Ξοτοῦθ’
259 1600 316 1654 ὧς
347 1605 391 1648 ἐν
425 1609 581 1662 βραχεῖ
604 1604 892 1662 παρακείσθω.
929 1602 979 1648 τὸ
1007 1603 1086 1659 μὲν
1115 1603 1209 1655 ἔτος
1240 1605 1392 1649 ἐπίπαν
1412 1604 1589 1651 ἕκαστόν

178 1693 213 1728 2.
227 1687 417 1751 ἆνοικῄσω
429 1692 519 1738 (sic)
529 1693 571 1727 Β.
584 1690 790 1739 ἐνοικήσων
799 1692 841 1726 Α.
854 1689 1019 1738 οἰκήσων
1027 1691 1075 1726 G.
1154 1689 1199 1728 ιε’
1212 1691 1276 1728 καὶ
1288 1692 1336 1739 ρ’]
1347 1693 1518 1732 εἰκοστόν
1524 1694 1591 1732 καὶ

177 1738 383 1777 ἓκατοστον
396 1740 445 1775 G.
527 1741 562 1776 3.
580 1738 611 1776 κ’
628 1738 714 1786 ἔτει]
727 1738 758 1775 κ’
772 1738 836 1784 ἔτη
847 1740 889 1774 Α.
969 1739 1006 1775 5.
1022 1737 1078 1787 οβ’
1091 1738 1252 1785 Scaliger
1265 1751 1298 1786 p.
1309 1742 1368 1778 77.
1391 1742 1509 1788 Vulgo
1519 1741 1589 1791 οβ’.

185 1788 361 1836 Τιβερίου
374 1784 415 1824 δὲ
425 1787 598 1833 Scaliger.
622 1787 737 1834 Vulgo
750 1784 791 1823 δὲ
807 1786 997 1834 Τιβερίου.
1080 1786 1113 1821 9.
1138 1783 1208 1831 τήν
1219 1798 1283 1822 om.
1298 1789 1346 1823 G.
1436 1791 1493 1825 10.
1515 1803 1590 1826 πα·

179 1834 456 1879 ραλλάσσοντος
466 1834 638 1880 Scaliger.
711 1833 768 1872 14.
783 1833 999 1880 γινομένης]
1010 1832 1308 1879 προσγινομένων
1318 1846 1364 1870 m.
1436 1838 1494 1873 16.
1512 1838 1590 1874 τῶν

157 1904 160 1907 -
179 1894 247 1917 om.
265 1883 314 1920 G.
408 1884 467 1919 20.
492 1880 532 1918 ἐν
549 1894 613 1917 om.
633 1882 683 1916 G.
788 1883 921 1930 βραχεῖ
935 1882 977 1915 Β.
999 1882 1129 1928 γραφῇ
1150 1881 1197 1916 G.
1290 1883 1538 1927 παρακείσθω
1556 1885 1591 1921 Β

178 1934 219 1964 et
233 1929 349 1965 codex
364 1929 548 1966 Barberin.
564 1941 622 1977 ap.
640 1929 808 1964 Gnarum.
832 1926 1081 1976 παραθέσθαι
1106 1929 1155 1965 G.
1256 1927 1320 1966 ἐπὶ
1341 1931 1419 1967 πᾶν
1435 1930 1584 1969 Barber.

84 2000 270 2035 braeorum
298 2003 460 2046 computo
479 1998 701 2046 septuaginta
728 2002 950 2035 numerantur
975 1998 1221 2034 hebdomades.
1268 1999 1300 2034 A
1315 1998 1463 2036 Neemia
1479 2000 1586 2048 quip-

112 2059 132 2082 e
157 2046 217 2093 qui
240 2049 305 2083 sub
320 2049 519 2083 Artaxerxe
536 2047 755 2082 Hierusalem
780 2047 854 2082 suis
879 2046 1001 2082 incolis
1034 2045 1294 2082 instauraturus
1326 2047 1421 2083 circa
1445 2047 1586 2095 imperii

84 2059 273 2130 genarum
302 2106 431 2130 annum
467 2094 667 2130 vicesimum
698 2105 807 2141 supra
833 2091 1055 2130 centesimum
1077 2092 1188 2139 ipsius
1216 2093 1384 2130 videlicet
1415 2095 1586 2131 Artaxer-

84 2141 141 2176 xis
158 2142 206 2177 20
225 2144 262 2176 et
279 2142 323 2177 ab
343 2141 563 2187 Olympiadis
574 2142 620 2177 83
640 2153 728 2176 anno
746 2140 771 2178 4
791 2141 838 2176 ad
856 2141 922 2176 hoc
941 2152 1053 2187 usque
1067 2144 1136 2175 tem
1162 2152 1203 2176 us
1221 2143 1260 2176 et
1277 2141 1499 2188 Olympiadis
1513 2143 1586 2179 202

85 2199 212 2223 annum
227 2189 264 2231 2,
286 2188 427 2224 Tiberii
442 2201 526 2224 vero
544 2189 709 2224 Caesaris
726 2199 850 2223 annum
868 2189 925 2230 16,
948 2187 1008 2223 alii
1028 2187 1109 2222 anni
1151 2189 1196 2224 75
1214 2193 1406 2234 putantum
1434 2189 1494 2235 qni
1507 2189 1587 2224 He-

85 2235 270 2271 braeorum
286 2236 387 2271 annis
403 2235 487 2279 490,
506 2236 576 2271 illis
598 2235 756 2270 nimirum
773 2247 880 2270 annos
898 2235 1078 2270 lunaribus
1094 2234 1268 2270 mensibus
1285 2235 1420 2271 dierum
1439 2236 1487 2273 29
1506 2247 1583 2280 cum

86 2282 202 2317 medio
218 2283 388 2318 conflatos
401 2309 413 2325 ‚
437 2283 530 2330 quod
550 2283 788 2318 demonstrare
810 2281 916 2318 facile
932 2286 998 2324 est,
1020 2281 1295 2324 recensentibus,
1321 2286 1584 2329 coaequantur3

87 2328 213 2364 solaris
230 2329 362 2376 quippe
374 2331 455 2365 anni
467 2330 635 2377 periodus
648 2330 771 2365 diebus
781 2329 851 2366 365
864 2340 938 2364 cum
951 2328 1156 2375 quadrantis
1169 2328 1365 2375 appendice
1381 2329 1585 2372 conticitum

86 2375 220 2411 lunaris
251 2381 366 2412 autem
388 2378 564 2413 mensibus
584 2377 668 2412 licet
690 2379 736 2414 12
756 2376 946 2423 composita
962 2376 1086 2412 diebus
1106 2377 1151 2413 11
1171 2381 1209 2412 et
1229 2376 1425 2422 quadrante
1444 2376 1585 2412 variare

86 2423 384 2469 deprehenditur3
404 2436 495 2470 quae
513 2436 620 2461 causa
638 2428 695 2459 est
711 2428 752 2459 ut
771 2435 907 2459 menses
926 2431 999 2460 tres
1016 2422 1181 2459 insititios
1207 2423 1308 2459 annis
1325 2427 1404 2459 octo
1434 2421 1584 2458 evolutis

87 2469 220 2505 Graeci
230 2470 422 2517 Iudaeique
441 2471 686 2518 interponant3
708 2476 786 2506 octo
800 2470 971 2517 siquidem
985 2482 1049 2518 per
1060 2470 1221 2506 undecim
1232 2482 1307 2506 cum
1317 2470 1508 2516 quadrante
1517 2469 1584 2504 dn-

85 2520 146 2552 cta
157 2517 309 2563 spatium
326 2518 504 2554 trimestre
523 2523 743 2564 componunt.
773 2518 865 2554 Anni
883 2517 1005 2564 itaque
1020 2516 1090 2554 475
1108 2530 1173 2565 per
1190 2516 1351 2553 octennia
1367 2518 1414 2553 59
1436 2520 1472 2552 et
1490 2527 1582 2550 men·

87 2576 144 2600 ses
163 2569 238 2599 tres
254 2564 478 2608 dividuntur;
499 2578 543 2600 ex
554 2565 787 2600 trimestribus
802 2565 925 2611 itaque
938 2565 1127 2611 unicuique
1145 2563 1350 2600 octoeteridi
1367 2560 1583 2597 intercalatis

87 2611 170 2648 anni
182 2612 379 2658 quindecim
390 2613 617 2658 colliguntur,
635 2623 723 2658 quos
739 2612 772 2647 si
789 2613 889 2648 annis
896 2610 966 2649 475
980 2611 1172 2654 addideris,
1188 2611 1293 2646 dnbio
1312 2609 1432 2656 procul
1447 2607 1582 2663 hebdo-

86 2658 209 2695 mades
222 2660 269 2695 72
287 2659 444 2705 colliges.
484 2660 598 2695 Nemo
613 2658 734 2705 itaque
750 2671 815 2695 nos
833 2671 897 2695 ceu
913 2659 1110 2707 praeceptis
1129 2657 1356 2694 astronomiae
1377 2666 1496 2702 parum
1514 2665 1581 2710 ln!-

86 2704 193 2740 buton
221 2711 370 2751 arguat,
406 2706 466 2753 qui
487 2718 614 2742 annum
638 2706 761 2742 diebus
789 2707 859 2744 365
885 2712 923 2743 et
951 2707 1147 2753 quadrante
1174 2703 1332 2749 componi
1358 2702 1426 2736 iam
1453 2703 1582 2735 statm-

88 2763 184 2794 mus3
208 2764 276 2788 non
304 2765 348 2788 ex
373 2753 535 2789 veritatis
555 2753 687 2800 quippe
702 2753 855 2797 inscitia,
874 2753 958 2801 quin
987 2753 1089 2788 immo
1115 2751 1306 2797 exquisitas
1332 2748 1450 2794 potius
1467 2751 1583 2782 astro-

89 2799 226 2834 nomiae
246 2800 410 2835 minutias
427 2801 554 2836 sectati
570 2801 716 2836 relatam
732 2812 894 2836 summam
911 2801 948 2836 in
964 2801 1057 2835 hunc
1070 2799 1206 2834 modum
1217 2795 1460 2837 subduximus3
1480 2805 1587 2830 accu-

87 2846 255 2882 ratiorem
272 2859 356 2883 vero
375 2850 523 2883 omnium
540 2846 698 2883 notitiam
714 2847 883 2895 consequi
904 2846 1042 2894 cupidis
1053 2871 1065 2889 ‚
1090 2844 1182 2892 quod
1202 2842 1358 2888 sequitur
1379 2840 1483 2896 etiam
1499 2845 1584 2875 tan-

88 2903 194 2940 quam
211 2892 248 2930 in
266 2894 387 2931 tabula
405 2898 705 2943 repraesenutur.
748 2897 928 2932 Annorum
947 2892 1184 2942 unusquisque
1203 2890 1338 2926 dietum
1360 2899 1496 2925 ommno
1511 2887 1583 2924 365
