1754 3236
155 166 220 215 12
428 123 444 128 ‘
610 165 861 213 GEORGII
891 162 1177 237 SYNCELLI

202 329 204 331 ,
254 281 457 338 Πέμπτος
475 279 560 337 μὴν
572 277 680 338 Ἀρεὶ
699 277 865 337 ἡμερῶν
892 272 1141 335 τριάκοντα·
1181 271 1262 315 ἀπὸ
1291 269 1356 316 κδ’
1379 275 1456 316 τοῦ
1477 270 1652 315 Ἰουλίου

151 354 231 405 ἕως
248 353 326 404 τὰς
348 350 414 408 κβ’
436 355 512 396 τοῦ
532 347 784 407 Αὐγούστου
799 363 808 372 ·
846 347 927 392 ἀπὸ
946 343 984 389 λ’
1004 348 1080 389 τοῦ
1099 344 1241 402 Ἐπιφὶ
1272 343 1350 394 ἕως
1378 342 1456 394 τὰς
1482 340 1555 387 κθ’
1578 345 1656 386 τοῦ

149 424 332 482 Μεσορί.

246 493 394 544 Ἕκτος
422 491 505 549 μὴν
536 491 664 534 Eine&
695 487 862 547 ἡμερῶν
884 482 1109 545 τριάκοντα
1127 488 1229 541 μιᾶς
1245 498 1255 508 ·
1291 482 1373 528 ἀπὸ
1396 483 1474 535 τὰς
1497 480 1558 542 κγ’
1579 487 1657 527 τοῦ

150 562 403 623 Αὕγούστου
430 563 505 613 ἕως
532 561 610 612 τὰς
639 557 707 616 κβ’
733 563 809 603 τοῦ
831 557 1146 615 Σεπτεμβρίου,
1186 553 1292 611 ὃμοῢ
1322 553 1472 598 ἑκατὸν
1507 551 1685 613 &fimi-5

153 653 282 681 κοντα
307 632 381 678 δύο
403 631 575 690 ἡμέραι·
614 631 695 675 ἀπὸ
720 629 797 680 τὰς
818 627 855 672 λ’
881 632 956 672 τοῦ
981 628 1178 685 Μεσορὶ,
1217 628 1286 670 καὶ
1317 626 1361 669 αἱ
1392 623 1658 684 ἐπαγόμεναι,

155 695 234 757 ἕως
256 705 332 756 τὰς
353 702 408 748 κε’
428 707 504 747 τοῦ
534 699 644 746 Θώθ
659 715 669 725 ”
706 699 788 744 ἀπὸ
811 699 890 750 τὰς
907 696 971 742 κδ’
999 702 1075 743 τοῦ
1098 695 1355 755 Αὐγούστου
1379 697 1457 748 ἕως
1477 697 1556 748 τὰς
1578 694 1658 754 κη’.

113 775 184 834 Βῆ
206 775 284 834 γὰρ
307 774 414 833 ἀρχὴ
435 777 512 817 τοῦ
532 772 643 817 &aba
666 770 747 815 ἀπὸ
769 770 845 821 τὰς
875 767 948 813 κθ’
965 766 1221 827 Αὐγούστου
1256 769 1344 812 ἐστὶ
1377 765 1662 825 ἐπιπενθήμε-

159 864 233 906 ρος
259 843 296 888 λ’
316 841 566 901 Αὐγούστου
575 876 590 898 ,
627 843 692 886 ἐπὶ
711 842 757 886 δὲ
775 839 976 899 ἓξημὲρου
997 838 1223 899 τριάκοντα
1243 840 1323 896 μία
1343 837 1614 897 Αὐγούστου.

267 913 561 973 Φθινόπωρον.
1571 943 1575 947 .
1676 925 1723 960 10

262 987 369 1043 Μὴν
388 986 567 1041 ἕβδομος
592 984 762 1041 Θεελεὶφ
793 979 959 1040 ἡμερῶν
982 977 1043 1025 λ’·
1080 979 1163 1025 ἀπὸ
1188 978 1248 1039 κγ’
1272 981 1563 1040 Σεπτεμβρίου
1587 980 1666 1033 ἕως

159 1056 237 1108 τὰς
261 1055 326 1113 κβ’
343 1057 611 1112 Ὀκτωβριόυ.
663 1052 843 1104 ducit&
861 1050 923 1104 κς’
943 1057 1020 1097 τοῦ
1054 1050 1226 1112 πρώτου
1258 1052 1393 1109 μηνὸς
1415 1053 1527 1097 &aba
1556 1053 1666 1098 κατὰ

161 1129 359 1185 γυπτιόυς
380 1127 458 1178 ἕως
481 1124 536 1170 κε’
558 1129 633 1170 τοῦ
659 1125 827 1182 Φαωφί.

257 1198 434 1255 ’Ὄγδοος
450 1196 534 1254 μὴν
552 1194 784 1254 Μερσουὰν
804 1194 1083 1253 νυχθημὲρων
1101 1192 1328 1253 τριάκοντα
1341 1208 1351 1218 ·
1390 1191 1473 1238 ἀπὸ
1498 1190 1576 1242 τὰς
1604 1185 1666 1247 κγ’

56 1273 98 1313 Ρ.
122 1273 146 1309 8
160 1266 416 1327 Ὀκτωβρίου
437 1268 512 1320 ἕως
534 1265 599 1311 κοί
620 1266 878 1325 Νοεμβριόυ.
918 1265 1001 1311 ἀπὸ
1022 1265 1098 1318 τὰς
1118 1263 1180 1318 κς’
1211 1270 1287 1310 τοῦ
1311 1266 1469 1325 Φαωφὶ
1502 1264 1580 1315 ἕως
1610 1259 1666 1307 κε’
1681 1274 1735 1311 15,

163 1343 241 1384 τοῦ
255 1336 405 1397 Ἀθύρ.

255 1409 432 1461 Ἔνατος
452 1408 537 1467 μὴν
555 1407 785 1454 Χασσαλεῦ
806 1405 972 1467 ἡμερῶν
992 1404 1218 1468 τριάκοντα
1237 1411 1351 1464 μιᾶς.
1391 1405 1499 1464 ὅμοῢ
1523 1403 1668 1451 διακό-

252 1535 288 1571 1.
317 1531 430 1579 Ἆρεὶ]
455 1534 511 1581 Αβ
543 1545 589 1570 m.
700 1536 736 1572 2.
770 1531 883 1580 ἕπιφῖ
902 1534 945 1570 Α.
973 1531 1125 1581 Ἐπιφεὶ
1158 1534 1207 1569 G.
1312 1534 1336 1570 3
1361 1535 1399 1569 et
1423 1534 1457 1569 6.
1492 1529 1668 1576 Μεσορὶ]

253 1581 370 1626 Vulgo
393 1582 564 1627 Μεσορῆ.
665 1580 701 1617 4.
733 1582 878 1627 Εἰλοῦ]
911 1580 1038 1618 Eleo).
1061 1595 1106 1618 m.
1210 1582 1258 1619 7..
1277 1582 1367 1616 Post
1395 1579 1491 1618 Θώθ
1514 1578 1614 1615 addit
1637 1590 1671 1613 m

254 1627 296 1665 αἱ
325 1626 367 1664 δὲ
398 1627 626 1676 ἐπαγόμεναι
658 1625 795 1677 ἡμέραι
827 1629 933 1667 εἰσὶν.
1047 1631 1083 1666 8.
1130 1626 1197 1666 ’πό
1233 1627 1304 1671 τὰς
1337 1630 1380 1666 Α.
1426 1628 1490 1666 ἐπὶ.
1518 1626 1589 1669 τοὶς
1621 1627 1669 1662 G.

253 1677 291 1712 9.
314 1673 342 1712 λ’
369 1676 449 1711 add.
473 1678 515 1712 A.
607 1680 662 1715 10.
685 1675 935 1724 φθινόπωρον
953 1677 995 1714 Α.
1031 1674 1328 1723 Φθινοπώρινον
1353 1678 1402 1712 G.
1498 1678 1554 1713 11.
1581 1675 1671 1711 Θεε-

255 1722 365 1770 asim]
395 1725 505 1770 Θερσὶ
527 1737 573 1761 m.
660 1727 717 1762 13.
741 1725 791 1762 κε’
818 1726 900 1762 add.
923 1726 967 1762 A.
1058 1725 1115 1762 14.
1148 1723 1371 1773 Μερσουοὶν]
1397 1720 1606 1772 Μερσοναὴ
1625 1735 1671 1759 m.

260 1773 317 1809 17.
341 1770 519 1819 Ἔνατος]
546 1776 717 1816 Ευνατος
741 1775 790 1810 G.
888 1774 946 1810 17.
971 1773 1118 1810 xasa-ev·
1143 1786 1189 1810 m.

260 1877 414 1919 Quintus
430 1879 554 1915 mensis
572 1879 656 1916 Arei
674 1879 823 1927 triginta
852 1878 975 1916 diebus
999 1879 1175 1917 evolvitur
1186 1905 1197 1922 ,
1222 1890 1244 1914 a
1257 1877 1339 1914 Iulii
1359 1876 1527 1913 vicesimo
1546 1879 1672 1923 quarto

166 1921 215 1959 ad
231 1924 381 1970 Augusti
397 1928 579 1963 secundum
607 1932 644 1963 et
661 1928 881 1964 vicesimum:
906 1929 950 1964 ab
969 1927 1105 1975 Epiphi
1130 1926 1297 1963 videlicet
1315 1926 1493 1962 tricesimo
1519 1925 1565 1961 ad
1595 1925 1674 1961 Me-

168 1983 249 2007 sore
269 1984 394 2008 nonum
410 1978 446 2009 et
461 1974 672 2011 vicesimum.

262 2019 391 2055 Sextus
408 2022 533 2058 mensis
552 2023 635 2058 Eilu
661 2035 764 2059 unum
783 2026 819 2059 et
847 2021 996 2070 triginta
1026 2021 1102 2057 dies
1133 2021 1293 2064 obtinet3
1324 2020 1478 2067 Augusti
1510 2018 1675 2056 vicesimo

170 2065 279 2102 tertio
301 2068 495 2111 enascitur,
521 2070 710 2117 completur
730 2071 948 2117 Septembris
974 2070 1140 2106 vicesimo
1160 2070 1336 2104 secundo:
1361 2070 1520 2114 (summa
1552 2068 1676 2102 trime-

171 2114 255 2148 stris
272 2114 374 2149 huius
393 2120 525 2151 centum
546 2123 582 2152 et
599 2119 778 2164 octoginta
797 2119 943 2154 duorum
961 2123 1015 2154 est
1041 2117 1192 2162 dierum)
1220 2129 1241 2152 a
1261 2117 1402 2152 Mesore
1417 2116 1596 2151 tricesimo
1614 2127 1677 2150 ex-

172 2160 330 2204 orditur,
364 2162 542 2210 eidemque
572 2166 746 2200 concessis
778 2167 901 2201 diebus
927 2166 1080 2212 quinque
1112 2164 1322 2207 adiectitiiS,
1348 2163 1527 2210 sequentis
1553 2163 1677 2198 Thoth

172 2207 338 2243 vicesimo
363 2209 482 2255 quinto
510 2211 660 2247 desinit:
692 2213 836 2248 adiectii
863 2225 949 2248 vero
978 2213 1054 2248 dies
1082 2212 1339 2247 interseruntur
1362 2211 1513 2257 Augusti
1547 2215 1676 2257 quarto

150 2266 282 2301 *supra
308 2255 528 2300 vicesimum,
562 2259 605 2292 ad
633 2260 786 2295 eiusdem
812 2260 1015 2296 vicesimum
1044 2265 1222 2295 octavum:
1259 2259 1467 2306 principium
1504 2258 1677 2304 siquidem

173 2302 302 2337 mensis
320 2302 439 2338 Thoth
458 2306 501 2339 ab
520 2306 666 2351 Augusti
687 2307 850 2342 vicesimo
871 2319 960 2342 nono
977 2320 1066 2342 nunc
1086 2307 1285 2350 deducitur,
1312 2312 1393 2353 post
1413 2306 1555 2341 Mesore
1576 2305 1679 2352 quin-

175 2359 245 2394 que
266 2349 342 2384 dies
364 2351 520 2395 additos,
545 2354 636 2399 quod
659 2354 836 2390 tricesimo
863 2355 1018 2390 eiusdem
1046 2355 1172 2390 mensis
1194 2355 1251 2389 die
1273 2353 1378 2388 statui
1395 2354 1596 2395 debuisset,
1621 2353 1678 2388 vel

174 2398 273 2431 certe
288 2396 462 2433 tricesimo
483 2398 612 2445 prim0,
638 2413 713 2436 cum
736 2402 791 2449 (in
809 2415 897 2438 anno
917 2402 1139 2449 intercalari)
1159 2403 1234 2438 dies
1255 2402 1306 2437 VI
1329 2401 1462 2436 instant
1481 2400 1645 2438 addendi.

267 2443 469 2480 Autumnus.
1221 2477 1230 2489 ,

235 2536 244 2546 .
266 2490 400 2526 Mensis
423 2492 589 2539 septimus
608 2494 784 2542 Theeliph
811 2497 972 2543 triginta'
987 2497 1111 2532 diebus
1129 2495 1317 2539 evolvitur,
1343 2508 1364 2531 a
1380 2495 1599 2543 Septembris
1623 2495 1677 2530 vi—

175 2548 303 2572 ccslmo
330 2538 435 2573 tertio
470 2541 514 2574 ad
532 2542 716 2577 secundum
743 2556 849 2590 supra
876 2545 1076 2580 vicesimum
1105 2544 1294 2587 Octobris,
1329 2549 1366 2579 et
1393 2556 1414 2578 a
1444 2548 1545 2579 sexto
1571 2555 1679 2588 supra

174 2583 374 2671 vicielstimum
394 2585 496 2633 primi
515 2589 642 2624 mensis
671 2591 923 2638 Aegyptiorum
950 2593 1073 2628 Thoth
1099 2604 1212 2639 usque
1233 2591 1278 2627 ad
1298 2591 1461 2638 Phaophi
1481 2590 1679 2626 vicesimum

166 2643 223 2678 ,qu
277 2644 344 2669 um.

270 2679 404 2715 Mensis
434 2685 582 2716 octavus
600 2683 764 2719 Mersuan
786 2685 933 2731 triginta
956 2686 1080 2722 diebus
1099 2686 1280 2733 expletur,
1305 2685 1472 2721 Octobris
1493 2684 1681 2720 vicesimus

175 2725 304 2781 tertius
337 2727 473 2763 initium
499 2729 550 2763 illi
580 2735 656 2772 est,
680 2731 759 2765 finis
781 2733 991 2768 Novembris
1019 2734 1205 2769 vicesimus
1231 2733 1383 2779 primus:
1409 2733 1495 2768 alias
1518 2732 1681 2779 Phaophi

175 2774 361 2828 vlcesimus
400 2779 521 2811 sextus
556 2778 694 2813 confert
730 2779 842 2814 eidem
877 2782 1078 2825 exordium,
1117 2781 1302 2816 terminum
1341 2782 1458 2827 Athyr
1496 2780 1682 2816 vicesimus

177 2826 330 2868 quintus.

272 2868 407 2903 Mensis
422 2880 531 2904 nonus
543 2870 694 2907 Chasleu
704 2884 808 2908 unum
827 2877 863 2909 et
877 2874 1025 2920 triginta
1044 2875 1120 2911 dies
1137 2880 1295 2912 numerat
1311 2877 1435 2922 (trium
1452 2875 1573 2910 horum
1582 2887 1684 2919 *men-

181 2913 268 2951 sium
287 2928 417 2952 summa
433 2923 489 2954 est
514 2917 742 2956 ducentorum
771 2922 993 2969 septuaginta
1021 2923 1125 2961 trium
1152 2924 1313 2971 dierum)
1339 2923 1546 2973 principium
1571 2935 1593 2960 a
1607 2923 1686 2960 No-
