1800 3236
239 147 346 199 506·
710 156 960 214 Gnoson
989 157 1276 205 sYNCELLI

240 267 398 327 ἀρχῆς,
426 266 535 324 μετὰ
553 266 603 313 τὸ
624 267 742 327 γένος
766 270 976 315 Φιλίππου
1001 270 1070 315 διὰ
1088 267 1355 328 Ὀλυμπιάδα
1373 271 1451 330 τὴν
1463 270 1739 334 Ἀλεξάνδρου

239 343 317 385 τοῦ
349 339 519 383 κτίστου
550 340 713 399 μητέρα
742 341 955 399 φέρουσαν
975 341 1019 385 ἔκ
1050 340 1231 401 Πύρρου
1251 347 1326 386 τοῦ
1351 345 1420 387 καὶ
1441 346 1740 402 Νεοπτολέμου

238 409 390 461 παιδὸς
410 409 629 466 Ἀχιλλέως
649 410 697 455 τὸ
715 411 852 468 γένος,
892 409 1092 470 ἐκράτησε
1110 411 1374 457 Μακεδόνων
1393 419 1532 472 μῆνας
1557 414 1603 470 ζ’.
1639 419 1742 461 Λυ-

237 480 418 538 σίμαχος
438 482 485 524 δὲ
506 479 528 525 ὃ
564 480 778 533 Θετταλὸς
801 481 1110 540 Ἀγαθοκλέους
1128 491 1249 538 παῖς,
1290 482 1347 535 εἷς
1367 489 1450 529 τῶν
1464 484 1740 544 Ἀλεξάνδρου

240 549 508 611 δορυφόρων,
536 549 709 612 Θρᾴκης
730 569 774 595 τε
795 554 863 596 καὶ
884 551 1160 612 Χερρονήσου
1179 558 1255 611 τῆς
1276 558 1425 612 λοιπῆς
1445 573 1489 600 τε
1509 556 1776 612 βασιλεύωνὸ

241 620 401 682 ὁμόρου
427 619 594 680 χώρας,
633 627 693 683 τῷ
720 620 878 683 Πόντῳ
910 626 980 667 καὶ
999 629 1053 684 τῇ
1074 626 1322 686 ΖΙΞΙακεδονία
1346 624 1480 685 ταύτῃ
1501 627 1741 685 ἐπιδραμών

240 691 299 744 ὥς
317 694 480 751 γείτονι,
507 690 680 752 Πύρρον
698 693 775 750 μὲν
795 694 1020 750 διεδέξατο,
1060 694 1189 747 αὐτὸς
1209 696 1254 739 δὲ
1276 697 1515 749 ἐβασίλευσε
1535 695 1742 742 Mamud-

239 782 323 809 νων
352 762 423 820 ἔτη
455 761 485 807 ε’
516 765 586 807 καὶ
623 768 761 821 μῆνας
793 763 843 817 ς’.
882 759 1006 817 οὗτος
1033 763 1234 823 ἡττηθεὶς
1266 766 1310 810 ἐν
1340 771 1393 826 τῇ
1414 767 1520 827 πρὸς
1537 768 1741 813 Σέλευκον

197 838 228 875 Β
241 834 313 878 τὸν
335 831 556 894 Νικάτορα
582 833 700 894 μάχῃ
718 835 895 891 βασιλέα
915 837 1074 895 Συρίας
1094 838 1163 880 καὶ
1177 836 1342 891 Ἀσίας,
1380 838 1454 883 τὸν
1474 837 1742 895 αἰχμάλωτον

235 902 386 949 ἑλόντα
417 907 487 949 καὶ
516 905 590 949 τὸν
629 906 926 965 Πολιορκητὴν
955 905 1228 965 Δημήτριον,
1268 908 1449 953 ἐκπίπτει
1479 914 1573 966 τῆς
1594 909 1739 968 ἀρχῆς.
1756 918 1800 954 10

238 980 425 1036 φανεροῦ
456 976 509 1033 δὴ
532 975 652 1028 ὄντος
673 981 748 1021 τοῦ
773 975 959 1036 τρόπου,
998 978 1109 1022 καθ’
1133 977 1181 1022 ὃν
1200 977 1434 1036 Ἀντίγονός
1456 997 1500 1024 τε
1526 977 1547 1024 ὃ
1569 985 1646 1037 τῆς
1670 999 1742 1036 μι-

238 1051 343 1105 κρᾶς
392 1047 579 1105 Φρυγίας
618 1048 687 1090 καὶ
713 1049 978 1106 Παμφυλίας
1004 1050 1073 1091 καὶ
1105 1050 1278 1100 Λυκίας
1309 1048 1441 1108 ἄρξας
1473 1050 1604 1102 εὐθὺς
1635 1051 1743 1107 μετὰ

230 1117 506 1177 ,Ἀλέξανδρον
538 1117 736 1174 τέθνηκε,
777 1121 846 1163 καὶ
874 1117 990 1169 ὅπως
1017 1116 1038 1163 ὁ
1063 1117 1216 1163 τούτου
1238 1126 1337 1171 παῖς
1359 1119 1606 1179 Δημήτριος
1629 1119 1741 1182 δόλῳ

238 1186 455 1248 κρατήσας
484 1186 750 1233 Μακεδόνων
786 1187 870 1233 ῧπό
902 1187 1084 1248 Πύρρου
1118 1188 1328 1247 ἐξεβλήθη
1340 1224 1355 1244 ,
1395 1189 1662 1248 αἰχμάλωτός
1697 1210 1742 1236 τε

238 1257 368 1311 ἇλοὺς
391 1257 477 1303 ὕπὸ
509 1257 712 1304 Σελεύκου
741 1260 784 1304 ἓν
817 1261 984 1322 Κιλικία
1013 1258 1269 1318 τηρούμενος
1295 1265 1523 1317 βασιλικῶς
1542 1261 1739 1319 θνήσκει·
1757 1271 1800 1308 15

238 1332 308 1374 καὶ
328 1325 456 1381 αὖθις
474 1327 495 1373 ὃ
515 1330 773 1387 Λυσίμαχος
791 1328 970 1388 Πύρρον
987 1330 1177 1386 ἐκβαλών
1192 1330 1458 1376 Μακεδόνων
1478 1334 1742 1387 ἐβασίλευσεν

199 1399 320 1444 Οὖπὸ
354 1398 559 1445 Σελεύκου
588 1418 632 1444 τε
659 1406 735 1445 τοῦ
758 1399 998 1460 Νικάτορος
1019 1404 1386 1459 καταπολεμηθεὶς
1415 1403 1646 1448 ε’κπέπτωκε
1668 1408 1744 1460 τῆς

237 1471 383 1530 ἀρχῆς.
420 1469 686 1516 ’ὑπολείπεται
704 1474 833 1524 δεῖξαι
849 1473 918 1515 καὶ
947 1471 1150 1516 Σέλευκον
1178 1471 1292 1524 ὅπως
1311 1477 1387 1530 τῆς
1413 1475 1630 1529 βασιλείας
1647 1473 1743 1518 ἔτυ-

234 1560 296 1599 χε.
333 1544 600 1598 Πτολεμαῖος
631 1541 653 1587 ὁ
684 1541 841 1601 Λάγου
872 1546 1042 1601 πρῶτος
1072 1547 1149 1599 τῆς
1178 1541 1401 1601 Αἰγύπτου
1429 1544 1742 1600 μετὰᾌλέξαν-

238 1615 342 1672 δρον
362 1611 618 1668 βασιλεύσας
647 1613 719 1670 ἔτη
741 1611 810 1670 μ’,
850 1613 990 1658 ἐλθών
1009 1615 1065 1664 εἷς
1086 1615 1365 1671 Παλαίγαζαν
1387 1613 1583 1658 συνάπτει
1601 1613 1742 1672 μάχην
1753 1624 1800 1660 20

238 1685 475 1743 Δημητρίῳ
512 1688 572 1744 τῷ
606 1682 864 1742 Ἀντιγόνου,
914 1685 984 1728 καὶ
1024 1682 1195 1741 νικήσας
1236 1684 1499 1729 ἀναδείκνυσι
1540 1686 1744 1730 Σέλευκον

236 1754 419 1815 βασιλέα
444 1756 604 1812 Συρίας
638 1757 707 1799 καὶ
735 1759 820 1799 τῶν
842 1754 928 1799 ἄνω
957 1753 1110 1799 τόπων.
1147 1755 1350 1807 Σέλευκος
1372 1754 1417 1799 δ’
1443 1755 1605 1812 ἀναβὰς
1622 1757 1744 1815 μέχρι

333 1843 370 1879 3.
394 1841 644 1891 Μακεδόνων]
671 1843 889 1891 μακεδόνας
915 1845 954 1880 Α.
1068 1845 1102 1880 8.
1128 1840 1170 1888 ε’]
1195 1841 1230 1891 β’
1251 1855 1297 1879 m.
1429 1846 1484 1882 16.
1509 1843 1675 1893 ἐκβαλών
1699 1846 1741 1880 Β.

332 1888 520 1938 ἐκβάλλων
545 1893 593 1926 G.
701 1894 758 1928 17.
782 1905 821 1928 τε
846 1904 909 1927 om.
937 1892 986 1929 G.
1092 1893 1150 1928 20.
1178 1889 1414 1938 βασιλεύσας]
1437 1891 1672 1937 ἐβασίλευσεν
1692 1893 1741 1927 Gr.

405 1939 649 1986 Παλαίγαζοιν
664 1939 836 1986 Scaliger.
870 1939 987 1985 Vulgo
1008 1935 1127 1975 πάλαι
1145 1937 1272 1983 Γάζαν
1288 1938 1423 1986 (γάζην
1444 1941 1516 1988 Β).

237 2009 402 2054 tanquam
419 2009 595 2055 proprium
615 2009 681 2045 sibi
700 2013 866 2056 arrogat,
891 2009 1111 2056 Olympiadis
1129 2010 1309 2053 nimirum,
1330 2008 1420 2057 quae
1439 2011 1630 2047 Alexandri
1657 2025 1742 2048 con-

238 2055 364 2090 ditoris
389 2061 501 2091 mater
529 2058 598 2092 fuit
624 2062 661 2092 et
682 2057 718 2092 in
738 2058 932 2103 Pyrrhum,
958 2058 1018 2103 qui
1041 2057 1144 2092 etiam
1172 2058 1444 2104 Neoptolemus,
1469 2059 1614 2095 Achillis
1634 2060 1742 2094 filium

237 2113 349 2148 genus
363 2103 562 2147 referebat,
586 2104 663 2140 iure
682 2105 727 2140 ad
756 2117 794 2140 se
813 2105 993 2147 derivato,
1019 2105 1055 2139 in
1074 2104 1300 2140 Macedonum
1318 2105 1499 2152 imperium
1528 2107 1687 2142 succedit
1706 2111 1743 2142 et

238 2149 375 2184 obtinet
394 2150 569 2186 mensibus
593 2154 628 2188 7.
647 2152 878 2198 Lysimachus
896 2157 1011 2187 autem
1032 2152 1224 2187 Thessalus
1243 2153 1448 2198 Agathoclis
1473 2153 1564 2187 filius
1592 2166 1678 2188 unus
1697 2166 1740 2189 ex

238 2195 432 2232 Alexandri
450 2199 658 2234 satellitibus
679 2200 867 2235 Thraciam
887 2203 924 2234 et
944 2199 1198 2234 Chersonesum
1223 2199 1391 2245 reliquam
1412 2212 1477 2234 ceu
1507 2200 1656 2235 vicinam
1685 2213 1744 2235 re·-

239 2243 378 2289 gionem
395 2249 515 2280 tenens
527 2271 537 2288 ‚
562 2246 597 2280 in
614 2247 763 2282 Pontum
784 2250 820 2282 et
833 2245 1063 2281 Macedoniae
1079 2246 1213 2281 vicinas
1238 2246 1437 2292 provincias
1465 2245 1624 2282 involans
1648 2248 1742 2293 Pyr-

239 2292 340 2325 rhum
368 2291 405 2325 in
422 2291 567 2337 imperio
592 2294 752 2339 excepit,
778 2306 820 2329 ac
838 2293 1046 2328 Macedones
1067 2304 1175 2327 annos
1195 2292 1281 2327 duos
1298 2297 1334 2328 et
1356 2305 1490 2329 menses
1506 2307 1608 2329 senos
1636 2296 1742 2331 rexit.

243 2337 315 2372 Hic
334 2350 412 2375 cum
427 2339 574 2374 Seleuco
594 2341 764 2376 Nicatore
784 2340 911 2386 Syriae
930 2345 966 2374 et
984 2339 1089 2375 Asiae
1108 2340 1265 2386 principe
1275 2340 1506 2376 Poliorcetem
1526 2341 1742 2376 Demetrium

244 2385 424 2431 captivum
453 2387 531 2421 olim
559 2387 627 2422 sibi
652 2387 879 2430 subiiciente,
904 2387 1040 2421 collatis
1065 2387 1176 2433 signis
1192 2391 1379 2433 superatur
1408 2394 1445 2423 et
1460 2400 1569 2435 regno
1591 2389 1742 2425 exuitur.

244 2431 351 2467 Nunc
369 2444 455 2468 sane
480 2445 548 2479 qua
572 2435 708 2470 ratione
727 2435 920 2480 Antigonus
941 2434 1120 2480 Phrygiae
1139 2434 1280 2469 minoris
1297 2435 1526 2482 Pamphyliae
1554 2441 1589 2472 et
1610 2436 1742 2482 Lyciae

245 2478 445 2526 principatu
461 2485 685 2529 comparato,
711 2482 806 2517 haud·
830 2482 889 2516 diu
920 2486 1001 2527 post
1016 2482 1250 2518 Alexandrum
1278 2487 1421 2517 mortem
1448 2495 1466 2517 ο
1497 2483 1658 2528 petierit,
1683 2490 1742 2517 ut-

245 2538 315 2572 que
329 2524 437 2563 filium
454 2527 528 2562 eius
545 2528 760 2563 Demetrium
777 2528 1004 2563 Macedonum
1030 2529 1176 2574 imperio
1195 2529 1286 2564 dolis
1302 2529 1450 2576 potitum
1467 2496 1627 2575 Pyrrhus
1640 2530 1741 2575 regia

221 2575 502 2618 -exturbaverit‚
526 2574 688 2621 idemque
707 2587 728 2613 a
745 2576 892 2611 Seleuco
914 2581 1057 2621 captus,
1080 2576 1118 2612 in
1136 2576 1264 2612 Cilicia
1284 2578 1351 2612 sub
1368 2577 1525 2613 custodia
1542 2577 1650 2612 suerit
1677 2589 1741 2611 as·-

241 2626 415 2666 servatus,
443 2622 479 2658 in
500 2634 569 2668 qua
584 2622 694 2659 vitam
711 2622 851 2665 finivit,
875 2623 1002 2660 nullum
1022 2623 1186 2668 ignorare
1205 2625 1378 2667 arbitror3
1402 2629 1438 2660 et
1458 2630 1497 2659 ut
1515 2635 1650 2659 rursum
1670 2625 1741 2670 Ly-

241 2669 416 2705 simachus
443 2669 558 2705 eiecto
578 2670 715 2717 Pyrrho
738 2669 951 2705 Macedones
979 2671 1154 2706 subiectos
1184 2673 1331 2714 secerit3
1364 2671 1525 2717 idemque
1554 2683 1575 2706 a
1593 2671 1741 2706 Seleuco

242 2716 417 2753 Nicatore
435 2716 597 2752 devictus
611 2717 786 2752 exciderit
799 2717 944 2763 imperio
959 2718 1126 2754 neminem
1145 2718 1249 2765 fugit.
1296 2718 1434 2761 Quibus
1453 2723 1586 2753 tantum
1605 2719 1741 2753 artibus

240 2764 412 2800 Seleucus
439 2764 476 2800 in
493 2777 612 2811 regem
635 2764 745 2800 fuerit
773 2770 971 2811 promotus,
1001 2771 1164 2811 superest
1193 2767 1475 2801 demonstremus.
1520 2765 1742 2801 Ptolemaeus

242 2811 332 2858 Lagi
353 2812 446 2847 filius
467 2817 547 2859 post
563 2811 795 2848 Alexandrum
813 2812 942 2858 primus
965 2812 1151 2858 imperavit
1170 2813 1269 2848 annis
1290 2813 1538 2859 quadraginta.
1587 2813 1742 2847 Gazam·

244 2870 315 2903 qne
332 2863 485 2895 veterem
501 2860 682 2906 profectus
700 2871 774 2895 cum
795 2859 973 2895 Demetrio
992 2859 1157 2906 Antigoni
1170 2860 1242 2896 filio
1260 2860 1425 2896 conflictu
1444 2860 1530 2895 inito
1547 2859 1660 2894 victor
1675 2860 1740 2895 Se-

244 2904 381 2945 leucum
398 2907 528 2957 Syriae
546 2911 585 2945 et
603 2907 820 2957 superiorum
834 2907 984 2944 locorum
1010 2919 1128 2955 regem
1147 2907 1316 2945 declarat.
1361 2907 1530 2944 Seleucus
1548 2910 1663 2944 autem
1680 2918 1741 2942 ex-
