1800 3236
257 150 361 201 486
713 155 965 203 GEORGII
992 156 1281 204 SYNCELLI

257 266 398 328 ράχως
421 266 664 314 ἐπανελθεῖν
682 269 842 313 πείθων
862 266 1222 326 παρασπονδήσας
1242 266 1353 330 δόλῳ
1375 270 1476 323 τοὺς
1496 270 1757 329 στρατηγοὺς

258 339 329 384 διὰ
359 338 650 397 Τισαφέρνους
677 339 823 384 ἀνεῖλε.
862 337 1065 397 Ξενοφῶν
1098 340 1144 383 δὲ
1164 339 1482 398 τούςἛλληνας
1496 340 1758 399 παραλαβών

256 409 465 466 ἀπαχθεὶς
485 411 542 460 εἷς
555 407 737 453 Ἑλλάδα
759 408 929 453 διέσωσε
947 409 1018 453 διὰ
1049 411 1244 467 μαχίμων
1269 411 1407 455 ἐθνῶν
1430 411 1494 455 ἐπὶ
1516 410 1589 455 τὸν
1608 411 1757 462 Εὔξει-

257 498 331 526 νον
351 472 505 525 πόντον
533 478 777 524 ἐπανελθών
802 481 859 531 εἷς
885 477 1130 534 Βυζάντιον.
1168 480 1360 526 κάκεῖθεν
1389 481 1528 526 ἐλθὼν
1560 483 1616 533 εἷς
1638 479 1759 542 Θρᾴ-

257 568 336 608 κην
367 547 509 608 Σεύθῃ
535 554 595 609 τῷ
619 552 800 612 Θρακῶν
820 554 991 605 βασιλεῖ’
1004 550 1223 610 παραδοὺς
1249 552 1617 608 Λακεδαιμονίους
1648 564 1787 608 συμ-5

258 617 531 677 μαχήσοντας
570 621 758 679 Θίβρωνι
785 620 1034 678 παρέπεμψε
1054 619 1308 678 διαβιβάσας
1337 624 1394 675 εἷς
1411 623 1638 682 Πέργαμον
1655 640 1760 667 ναυ-

261 694 460 749 αρχοῦντι
481 694 564 734 τῶν
581 692 948 747 Λακεδαιμονίων.

293 763 475 818 Περσῶν
507 758 564 816 ιβ’
595 761 858 817 ἐβασίλευσεν
877 756 1008 818 Ὦχος
1040 758 1062 806 ὅ
1097 762 1166 806 καὶ
1188 760 1461 820 Ἀρταξέρξου
1491 768 1590 813 παΐς
1620 760 1689 820 ἔτη
1710 759 1758 818 ε’,

399 830 508 874 κατὰ
529 831 575 874 δὲ
592 831 707 883 τινὰς
728 829 777 876 κ’.
816 835 892 876 τοῦ
914 833 960 876 δὲ
978 829 1138 888 κόσμου
1160 827 1212 889 ἦν
1232 831 1325 884 ἔτος
1346 830 1456 893 lepis.

105 905 148 940 Ρ.
171 905 243 942 256
354 894 485 957 Ὦχος
521 901 795 960 Ἀρταξέρξου
835 908 935 954 παῖς
977 904 1034 954 εἷς
1065 902 1287 961 Αἴγυπτον
1320 899 1560 960 στρατεύων
1590 902 1761 961 μερικὴν
1773 913 1800 948 1«

260 971 551 1027 αῐχμαλωσίαν
581 970 685 1016 εἷλεν
706 972 937 1028 Ἰουδαίων,
977 967 1035 1016 ὧν
1053 973 1153 1024 τοὺς
1171 974 1247 1029 μὲν
1269 974 1311 1016 ἓν
1334 971 1536 1034 “Υρκανι’ςι
1558 971 1759 1033 κατῴκισε

259 1041 365 1100 πρὸς
394 1045 447 1100 τῇ
468 1043 645 1103 Κασπίᾳ
673 1040 899 1101 θαλάσσῃ,
936 1042 1036 1095 τοὺς
1069 1044 1115 1087 δὲ
1141 1044 1182 1087 ἐν
1201 1047 1455 1099 Βαβυλῶνι,
1495 1043 1540 1087 οἳ
1558 1045 1762 1102 καὶμέχρι

259 1116 336 1158 νῦν
358 1112 459 1155 εἶσιν
491 1110 670 1167 αὐτόθι,
707 1110 764 1164 ὥς
782 1114 930 1157 πολλοὶ
949 1117 1035 1159 τῶν
1053 1111 1260 1170 Ἑλλήνων
1285 1114 1535 1173 ἱστοροῦσιν.

367 1175 505 1233 Οὗτος
524 1178 683 1239 ὅὯχος
701 1181 916 1241 κρατήσας
931 1181 1154 1242 Αἷγύπτου
1174 1182 1217 1242 β’
1231 1183 1301 1242 ἔτη
1317 1183 1544 1244 ἀναιρεῖται
1563 1181 1645 1228 ’ὑπὸ
1665 1187 1761 1228 Ba-

258 1248 372 1310 γῶου
396 1251 506 1303 τινὸς
525 1252 696 1311 Πέρσου
716 1257 801 1297 τῶν
821 1254 865 1298 ἓν
879 1253 997 1300 τέλει.
1772 1259 1800 1294 1³

361 1319 412 1366 ‘O
429 1321 556 1374 αὐτὸς
576 1325 645 1367 καὶ
667 1326 837 1378 Σιδῶνα
860 1324 1134 1380 κατέσκαψεν.

357 1390 465 1444 Ἕως
487 1392 620 1449 ’Ώχου
652 1395 721 1437 καὶ
750 1394 1001 1451 Νεκτανεβιὺ
1033 1392 1054 1439 ὅ
1090 1397 1285 1439 Μανεθῶ
1314 1394 1393 1447 τὰς
1423 1391 1490 1438 λα’
1516 1395 1762 1445 δυναστείας

262 1459 484 1520 Αἰγύπτου
513 1463 763 1523 περιέγραψε
794 1465 939 1524 τρίτου
970 1463 1103 1520 τόμου
1132 1465 1202 1523 ἔτη
1233 1463 1324 1527 ,αν’.
1362 1465 1416 1510 τὰ
1437 1466 1483 1509 δὲ
1500 1465 1606 1521 μετὰ
1625 1469 1762 1509 ταῦτα

225 1534 255 1571 Β
268 1532 312 1585 ἒξ
326 1531 575 1589 Ἑλληνικῶν
596 1535 882 1594 συγγραφέων.
920 1533 1184 1581 Μακεδόνων
1203 1540 1389 1592 βασιλεῖς
1408 1533 1468 1580 ιε’.

374 1597 512 1655 Οἷιτος
540 1600 712 1662 ὃῖῼχος
741 1607 800 1657 εἷς
828 1605 1047 1665 Αἴγυπτον
1079 1604 1404 1666 ἐπιστρατεύσας
1434 1605 1492 1650 ἔτι
1512 1607 1664 1659 ζῶντος
1685 1609 1760 1649 τοῦ
1771 1613 1800 1649 21

359 1693 394 1729 1.
418 1691 738 1741 παρασπονδήσας
762 1694 804 1730 Β.
828 1695 1137 1739 παρασπονᾶίσας
1160 1695 1208 1731 G.
1323 1696 1358 1733 2.
1398 1693 1673 1740 Τισαφέρνους]
1696 1695 1763 1741 τῆς

359 1736 552 1784 ἀφερνοῦς
571 1741 645 1776 ΑΒ.
672 1744 932 1787 Ιησαφερνοῦς
956 1744 1003 1781 G.
1119 1742 1154 1779 4.
1178 1740 1355 1789 βυζοέτιον
1380 1743 1422 1777 Β.
1549 1744 1584 1779 5.
1609 1740 1759 1788 Σεύθῃ]

358 1787 564 1833 Legebatur
584 1784 720 1826 Εὖθεῖ.
746 1787 846 1837 εὕθῇ
879 1790 921 1824 Β.
1038 1793 1091 1828 11.
1116 1789 1297 1838 κατῴκισε
1314 1789 1474 1834 Scaliger
1499 1802 1534 1836 p.
1553 1788 1612 1827 54.
1646 1790 1761 1835 Vuigo

358 1833 584 1882 κατῴκησεν.
697 1839 754 1875 17.
780 1836 986 1885 νεκτανεβώ
1015 1838 1057 1873 Β.
1082 1839 1297 1884 νεκταναβῶ
1319 1839 1361 1872 Α.
1385 1835 1616 1884 Νεκταναβώ
1642 1838 1690 1873 G,

360 1885 519 1925 μανεθαῖ
537 1884 577 1917 Α.
601 1883 758 1929 μανεθώ
784 1886 833 1923 Β..
850 1886 1046 1926 Μανεθώς
1066 1886 1114 1923 G,
1239 1887 1296 1921 18.
1331 1883 1417 1932 ἔτη]
1453 1885 1654 1932 Legebatur
1677 1883 1762 1922 ἔτει.

358 1927 512 1965 Con-exi
529 1942 572 1968 ex
596 1943 631 1978 p.
651 1931 719 1971 145
732 1957 743 1978 ,
770 1934 826 1968 10.
934 1934 991 1972 19.
1019 1932 1132 1979 Vulgo
1149 1931 1387 1979 συγγράφων.

265 2008 346 2033 rere
364 1999 524 2042 valeret,
547 2013 660 2047 neque
684 2014 844 2038 securum
871 2006 908 2038 et
931 2005 1043 2039 tutum
1067 2003 1286 2048 permitteret
1312 2014 1507 2044 recessum,
1533 2001 1764 2047 Tisaphernis

266 2057 335 2091 ope
357 2046 465 2082 duces
494 2059 610 2083 eorum
642 2049 818 2087 interficit.
864 2049 946 2096 Ipse
966 2051 1159 2096 Xenophon
1177 2062 1241 2096 per
1257 2055 1382 2096 gentes
1399 2050 1494 2085 ferro
1515 2049 1686 2094 bellisque
1706 2060 1763 2083 as-

266 2097 385 2127 suetas
410 2105 534 2130 versus
561 2096 706 2131 Pontum
738 2096 906 2134 Euxinum
937 2096 1006 2134 iter
1029 2109 1137 2142 agens
1157 2098 1317 2132 Graecos
1342 2097 1455 2131 socios
1486 2107 1600 2130 secum
1629 2108 1764 2130 assum-

269 2145 349 2184 ptos
364 2139 401 2174 in
411 2142 598 2180 Graeciam
617 2143 750 2179 traiicit
767 2148 804 2179 et
820 2144 991 2190 Byzantio
1008 2144 1176 2179 restituit.
1223 2144 1308 2179 Inde
1323 2144 1504 2189 profectus
1521 2142 1557 2176 in
1574 2142 1762 2177 Thraciam

265 2185 550 2224 Lacedaemoniis
570 2189 711 2225 Eutheo
729 2191 907 2225 Thracum
934 2191 1011 2236 regi
1038 2190 1306 2232 commendatis,
1331 2191 1469 2226 eosdem
1494 2189 1666 2224 Thibroni
1693 2191 1763 2225 La-

266 2233 533 2271 cedaemonicae
552 2236 656 2271 classi
678 2237 760 2272 duci
781 2249 881 2286 opem
898 2237 1030 2275 laturos
1050 2238 1256 2282 Pergamum
1279 2237 1443 2272 destinat.

313 2280 501 2317 Persarum
529 2294 591 2317 rex
620 2285 665 2320 12
682 2284 824 2327 Ochus,
847 2283 1053 2321 Artaxerxis
1069 2284 1184 2328 filius,
1208 2284 1308 2320 annis
1325 2286 1371 2327 5,
1397 2289 1456 2327 et,
1480 2286 1521 2318 ut
1537 2283 1616 2319 aliis
1634 2284 1763 2331 placet,

386 2329 454 2371 203
477 2329 594 2366 mundi
611 2342 697 2365 vero
715 2332 820 2368 5150.

362 2374 484 2410 Ochus
503 2378 708 2412 Artaxerxis
736 2377 828 2413 filius
858 2376 962 2413 armis
989 2376 1026 2412 in
1054 2381 1227 2424 Aegytum
1246 2378 1373 2421 motis,
1396 2378 1601 2414 Iudaeorum
1629 2390 1762 2414 manum

269 2419 362 2458 haud
383 2421 542 2469 exiguam
558 2423 731 2469 captivam
747 2424 852 2467 fecit3
877 2436 1064 2471 eorumque
1083 2430 1188 2471 parte
1206 2425 1250 2461 ad
1268 2438 1363 2461 mare
1386 2426 1551 2473 Caspium
1571 2427 1606 2460 in
1623 2427 1764 2472 Hyrca·-

268 2467 362 2505 niam
379 2470 550 2508 translata
570 2475 704 2516 partem
732 2471 832 2506 aliam
854 2471 1035 2518 Babylone
1050 2472 1215 2518 reliquit3
1237 2473 1458 2519 ibidemque,
1482 2478 1586 2520 prout
1605 2474 1762 2508 Graeco-

267 2526 343 2553 rum
359 2516 498 2563 plurimi
514 2522 679 2560 narrant,
702 2517 739 2552 in
759 2517 959 2554 hodiernum
983 2531 1095 2566 usque
1116 2520 1207 2555 diem
1224 2520 1326 2556 sedes
1345 2520 1517 2556 obtinent.

362 2563 484 2601 Ocima
503 2563 572 2599 iste
589 2576 679 2603 auno
695 2565 740 2602 ab
750 2565 913 2613 Aegypto
930 2573 1097 2614 superata
1115 2567 1267 2604 seeundo
1285 2568 1438 2614 aBagoa
1448 2568 1558 2603 Persa
1573 2578 1641 2603 non
1661 2566 1764 2613 igno-

269 2608 332 2645 biii
350 2609 569 2647 interficitur.

361 2657 526 2696 Sidonem
543 2658 664 2695 urbem
685 2658 806 2693 Ochus
826 2658 894 2695 iste
916 2659 1101 2696 subvertit.

361 2704 416 2740 Ad
427 2707 562 2741 Ochum
579 2710 614 2741 et
633 2706 838 2742 Nectanabo
855 2706 1032 2752 principes
1049 2706 1150 2743 unius
1163 2708 1201 2744 et
1217 2707 1366 2754 triginta
1376 2706 1613 2756 dynastiarum
1632 2706 1765 2743 descri-

269 2750 422 2796 ptionem
431 2753 599 2789 Manetho
614 2753 788 2788 volumine
799 2765 862 2787 suo
877 2753 982 2790 tertio
994 2766 1057 2800 per
1065 2766 1171 2790 annos
1185 2758 1275 2793 1050
1290 2755 1499 2798 delineavit3
1517 2767 1605 2802 quae
1615 2766 1765 2800 sequun-

266 2802 324 2832 tur
336 2799 565 2837 Macedonum
576 2811 678 2846 reges
690 2799 886 2846 quindecim
897 2801 1091 2846 spectantia
1100 2813 1143 2837 ex
1156 2803 1305 2838 Graecis
1316 2802 1518 2838 auctoribus
1527 2803 1765 2837 desumuntur.

361 2846 482 2882 Ochus
509 2846 576 2882 iste
595 2847 818 2893 expeditione
845 2853 1008 2894 suscepta
1026 2851 1223 2895 Aegyptum
1250 2861 1416 2885 armorum
1443 2850 1480 2885 vi
1505 2849 1573 2884 sibi
1603 2847 1765 2890 subiecit,

270 2896 370 2937 patre
387 2895 585 2933 Artaxerxe
597 2894 711 2933 adhuc
727 2894 935 2942 superstite3
956 2896 1107 2932 nonnulii
1123 2903 1205 2944 post
1225 2897 1301 2934 oius
1319 2902 1461 2934 mortem
1479 2897 1605 2933 beilum
1616 2895 1764 2932 movisse
