1800 3236
536 181 1063 231 cwmouocmmA.
1348 168 1352 170 ’
1464 184 1567 234 229

71 292 325 339 ἆντιπίπτων
341 291 510 354 χρόνοις
536 292 714 354 ὕστερον
734 296 843 341 κατὰ
871 295 1074 355 Κέκροπα
1108 296 1181 342 τὸν
1207 298 1336 356 διφυῆ
1347 332 1362 355 ,
1400 304 1566 358 πρῶτον

67 360 270 421 Ἀθήνησι
297 366 501 421 βασιλέα,
538 365 646 422 μετὰ
663 365 842 425 ’Ώγυγον
854 400 868 421 ‚
907 368 976 411 καὶ
1004 367 1079 412 τὸν
1104 366 1177 411 ἐπ’
1202 367 1335 412 αὐτοῦ
1355 374 1564 414 κατακλυ-

70 433 286 492 σμόνῖφη
304 435 499 492 γενέσθαι
519 434 738 490 Μωΰσέα,
769 438 904 482 καίτοι
935 441 1020 481 τῶν
1050 437 1275 496 εῗρημένων
1295 439 1566 497 ἐπιμνησθεὶς

71 505 343 562 σοφωτέρωνῑ
364 504 554 564 ἀνδρῶν·
591 505 698 563 πρὸς
732 504 780 550 ὃν
814 507 859 551 ἐν
888 513 976 558 τοῖς
1006 511 1292 566 προλαβοῦσιν
1323 507 1604 567 ἀρκούντωςΙ)

40 571 192 630 ὅοῗμαι
223 578 301 631 τῆς
330 573 533 632 ἀληθείας
550 573 650 633 ἡμῖν
667 573 688 620 ὅ
707 573 828 633 λόγος
845 574 1062 633 διήνυσται
1080 579 1148 622 καὶ
1166 578 1357 636 περιττὸν
1378 580 1567 624 ἐνταῦθα

66 647 348 702 ταυτολογεῖν.
383 647 582 702 ,Μωῦσῆς
612 640 686 690 οὖν
717 645 953 705 ἀνδρωθεὶς
972 645 1268 703 καταλιμπάνει
1290 648 1367 706 τὴν
1392 649 1566 707 ἂνθρω-

68 714 193 770 πίνην
221 719 363 759 πᾶσαν
395 715 615 774 εῧημερίαν
627 750 642 770 ,
681 718 749 759 καὶ
775 716 881 774 πρὸς
916 717 1016 768 τούς
1036 715 1276 776 ὁμοφύλους
1293 726 1565 778 χωρεῖκακο-

64 784 313 840 χουμένους.
364 787 434 829 καὶ
471 784 738 843 κατανοήσας
767 787 818 830 δέ
842 804 942 830 ποτε
970 785 1179 831 τύπτοντα
1210 787 1444 846 Αἰγύπτιόν
1472 807 1565 834 τινα

67 858 153 898 τῶν
174 852 381 912 Ἑβραίων
392 889 406 909 ,
443 854 635 908 πατάξας
663 860 716 916 τῇ
749 855 876 916 ἄμμῳ
901 854 1059 915 κρῦβει.
1099 853 1228 909 αἶθίς
1246 875 1290 903 τε
1311 860 1406 903 δυσὶ
1426 878 1564 917 μαχο-

10 934 57 970 10
66 924 208 980 μένοις
231 923 442 983 Ἑβραίοις
459 927 701 985 πειρασθεὶς
721 930 989 970 καταστεῖλαι
1012 927 1089 984 τὴν
1114 926 1278 985 μάχην,
1317 929 1470 988 φονεὺς
1486 934 1562 974 τοῦ

59 995 169 1051 χθὲς
214 994 508 1053 ἀναιρεθέντος
550 996 787 1053 Αἲγυπτίου
826 998 1040 1053 δημοσίαις
1075 998 1278 1056 ἐλέγχεται
1326 999 1432 1058 πρὸς
1482 1004 1561 1044 τοῦ

60 1062 285 1122 Ἑβραίου,
324 1066 393 1108 καὶ
425 1063 447 1109 ὅ
476 1064 599 1123 λόγος
630 1066 697 1110 ἐπὶ
724 1066 798 1110 τὸν
824 1072 1059 1125 κρατοῦντα
1082 1073 1159 1125 τῆς
1179 1065 1400 1126 Λῗγόπτου
1417 1076 1576 1128 χωρεῖ’.

64 1134 290 1179 κάντεῦθεν
310 1136 367 1186 εἲς
389 1140 465 1192 γῆν
482 1135 669 1192 Μαδιὰμ
685 1134 913 1195 ὖποχωρεῖ,
951 1140 1137 1194 μείζονος
1151 1140 1403 1198 φιλοσοφίας
1428 1139 1561 1198 ἀρχὴν
1579 1147 1621 1183 Ρ.
1647 1147 1715 1183 122

66 1205 251 1262 ἐσχηκὼς
270 1205 347 1262 τὴν
367 1205 564 1263 ἔρημικὴν
585 1208 653 1251 καὶ
677 1207 954 1265 διεζευγμένην
976 1208 1084 1266 ζωὴν
1102 1213 1186 1253 τῶν
1209 1213 1388 1255 πολλῶν.
1426 1208 1562 1269 ταύτῃ

10 1275 59 1314 15
72 1277 310 1334 καθαρθεὶς
337 1275 415 1327 ἕως
429 1274 471 1320 π’
497 1275 629 1321 αὐτοῦ
650 1281 726 1333 τῆς
749 1278 856 1334 ζωῆς
876 1277 1008 1333 ἔτους,
1047 1278 1130 1323 ἀπὸ
1149 1278 1195 1336 μ’
1216 1284 1293 1337 τῆς
1313 1281 1420 1337 ζωῆς
1442 1279 1562 1332 ἔτους

62 1347 294 1402 ποιμαίνων
328 1346 436 1390 κατὰ
463 1347 512 1391 τὸ
542 1351 711 1393 Σιναῖον
732 1346 829 1406 ὅρος
840 1381 855 1403 ,
893 1350 1150 1408 θεοφανείας
1168 1350 1282 1401 τινὸς
1302 1351 1345 1394 ἒν
1366 1355 1560 1412 σταθερᾷ

62 1417 303 1478 μεσημβρίᾳ
344 1419 614 1469 καταξιοῦται
653 1421 859 1477 φοβερᾶς,
898 1420 1100 1477 κρείττονι
1139 1422 1248 1479 φωτὶ
1275 1424 1354 1464 τοῦ
1381 1418 1558 1477 ἡλιακοῦ

62 1485 141 1538 τὰς
157 1485 278 1542 ὄψεις
296 1488 617 1544 καταυγασθείς.
656 1487 727 1547 ἐφ’
753 1482 787 1549 ᾧ
807 1491 1055 1546 θαμβηθεῖς
1074 1487 1244 1545 θάμνον
1264 1488 1455 1541 ἀτενίσας
1474 1487 1555 1552 δρᾷ

62 1554 198 1608 βάτου
222 1558 453 1615 πυροειδῶς
486 1556 717 1609 ἐξάπτοντα
748 1560 923 1609 καὶτοῖς
949 1557 1118 1610 κλάδοις
1138 1557 1196 1611 ὥς
1219 1558 1262 1603 ἓν
1286 1557 1427 1619 δρόσῳ
1450 1575 1554 1604 συν-

6 1624 294 1671 wodanum.
332 1627 439 1685 πρὸς
455 1624 518 1679 οἷς
538 1627 616 1684 τὴν
636 1627 766 1684 ἀκοὴν
787 1632 907 1686 φωνῇ
926 1626 1111 1688 καλούσῃ
1130 1627 1327 1684 μειζόνως
1342 1630 1554 1687 ἐκπλαγεὶς

150 1713 187 1752 4.
213 1712 420 1760 ἀρκοῦντος
438 1715 481 1752 Β.
573 1717 608 1754 5.
635 1713 843 1762 διήνοισται
866 1715 908 1750 Β.
1002 1717 1035 1754 7.
1059 1717 1187 1753 πᾶσαν
1205 1718 1272 1753 hoc
1298 1716 1375 1753 loco
1391 1717 1447 1753 B:
1469 1720 1552 1764 post

150 1762 375 1808 καλιμποὶνει
395 1763 444 1797 G.
557 1764 593 1799 9.
618 1764 695 1798 τῶν
719 1762 878 1811 ἓβραίων
894 1763 937 1799 Β.
961 1761 1030 1800 τὸν
1054 1765 1218 1813 Εβραῖον
1238 1765 1286 1801 G.
1396 1766 1453 1803 10.
1476 1777 1550 1801 πα-

152 1810 286 1854 ραθεὶς
306 1810 356 1846 G.
467 1810 522 1846 12.
546 1807 619 1856 ἐπὶ]
646 1808 740 1854 πρὸς
765 1811 812 1845 G.
836 1843 839 1846 ,
928 1812 985 1848 13.
1011 1808 1128 1860 ἀρχὴν
1147 1812 1222 1848 Bm.
1246 1808 1377 1858 ἀρχικὴ
1403 1811 1452 1846 G.

153 1859 213 1895 15.
237 1854 359 1893 αὐτοῦ
375 1857 442 1902 τῆς
462 1858 560 1904 ζωῆς
575 1857 619 1894 Β.
643 1859 710 1905 τῆς
734 1858 830 1903 ζωῆς
853 1853 975 1894 αὐτοῦ
994 1859 1043 1895 G.
1160 1861 1215 1896 16.
1239 1860 1387 1896 σίναιον
1409 1858 1453 1893 Β.

152 1904 267 1952 Vulgo
299 1906 486 1951 σταθηρᾷ.
606 1907 662 1942 18.
691 1904 923 1953 θαμβηθεὶς]
947 1905 1190 1953 θαυμασθεὶς
1206 1905 1255 1943 G.
1371 1906 1429 1944 19.
1457 1915 1546 1942 συν-

152 1951 348 1989 &simmam
371 1953 414 1988 Β.
437 1950 706 1989 συνθάλποντα
728 1953 778 1988 G.

55 2023 160 2069 longe
188 2022 381 2069 posteriore
413 2026 621 2069 tempestate
656 2022 825 2069 Cecropis
858 2022 1013 2059 nimirum
1040 2022 1177 2069 gemina
1204 2026 1329 2059 natura
1353 2020 1546 2058 constantis

56 2069 316 2106 Atheniensium
342 2070 439 2116 regis
467 2070 588 2116 primi,
603 2075 695 2117 ,post
725 2071 890 2116 Ogygum
916 2074 954 2105 et
969 2070 1079 2106 visum
1101 2070 1178 2113 ,eius
1199 2073 1354 2117 tempore
1380 2069 1545 2104 diluvium

55 2117 184 2153 Mosen
216 2116 395 2158 extitisse,
417 2117 513 2152 facta
540 2117 644 2152 etiam
671 2117 977 2152 eruditissimorum
1005 2120 1180 2153 auctorum
1196 2116 1368 2152 mentione
1391 2116 1545 2151 affirma-

54 2164 131 2208 vit3
154 2163 322 2200 adversus
355 2175 458 2210 quem
484 2165 645 2208 abunde,
670 2175 771 2208 reor,
793 2164 832 2199 in
856 2163 1093 2210 superioribus
1118 2163 1279 2200 veritatis
1304 2163 1447 2199 defensa
1462 2166 1545 2198 sunt

55 2214 251 2255 momenta,
283 2222 325 2246 ac
355 2210 546 2258 prolixiore
574 2212 619 2248 de
650 2211 771 2246 iisdem
808 2210 926 2246 habito
953 2210 1131 2255 examine,
1164 2210 1269 2246 semel
1293 2209 1388 2246 dicta
1417 2209 1543 2245 iterum

52 2257 218 2304 ingerere
248 2269 374 2293 vanum
408 2261 463 2294 est
493 2262 530 2294 et
564 2270 587 2294 a
622 2263 721 2294 recta
752 2257 885 2294 ratione
916 2257 1073 2293 alienum.
1137 2257 1257 2293 Moses
1288 2256 1409 2304 itaque
1445 2256 1543 2291 virili

53 2304 125 2340 iam
153 2310 269 2340 aetate
291 2309 477 2351 provectus
500 2306 681 2340 humanam
703 2316 833 2340 omnem
857 2303 1020 2352 repudiat
1044 2304 1247 2340 felicitatem
1274 2308 1312 2341 et
1341 2304 1387 2339 ad
1408 2302 1540 2338 contri-

52 2351 155 2387 bules
181 2351 432 2387 calamitatibus
464 2364 652 2398 oppressos
681 2364 720 2387 se
744 2350 891 2399 recipit3
922 2351 1200 2400 Aegyptiumque
1227 2349 1396 2398 quendam
1418 2349 1539 2385 durius

51 2399 253 2435 Hebraeum
276 2399 479 2434 verberibus
500 2402 707 2435 tractantem
734 2410 809 2434 cum
836 2398 1159 2442 animadvertisset,
1182 2410 1320 2434 caesum
1345 2407 1453 2432 arena
1476 2407 1539 2431 oc-

52 2445 198 2488 cubuit3
219 2456 424 2491 rursumque
452 2445 692 2481 conflictantes
718 2445 810 2480 inter
834 2458 874 2481 se
893 2446 979 2483 duos
1004 2446 1185 2482 Hebraeos
1203 2448 1448 2492 correpturus,
1471 2453 1539 2490 pu-

51 2504 226 2539 gnamque
244 2491 427 2527 sedaturus
438 2517 449 2535 ,
472 2492 580 2528 occisi
596 2503 708 2539 nuper
731 2493 898 2540 Aegyptii
924 2492 1062 2540 publice
1078 2505 1161 2530 reus
1179 2492 1296 2538 agitur
1311 2491 1356 2527 ab
1369 2491 1535 2526 Hebraeo

51 2545 91 2575 et
109 2539 155 2574 ad
173 2539 328 2585 Aegypti
343 2538 593 2574 moderatorem
610 2551 715 2574 causa
742 2539 911 2575 defertur.
956 2539 1014 2576 Ea
1032 2539 1077 2576 de
1107 2551 1212 2576 causa
1229 2537 1394 2575 subducit
1409 2549 1448 2572 se
1464 2537 1534 2571 Ae-

51 2590 163 2633 gypto
181 2593 218 2621 et.
231 2585 268 2620 in
287 2589 412 2621 terram
422 2585 566 2622 Madian
581 2585 777 2631 digreditur
785 2586 1042 2634 solitariamque
1058 2590 1095 2624 et
1109 2592 1304 2634 separatam
1316 2585 1360 2621 ab
1379 2581 1535 2618 humanis

50 2632 253 2668 tumultibus
270 2632 376 2668 vitam
393 2644 514 2677 agens,
538 2632 747 2668 sublimioris
766 2633 1006 2681 philosophiae
1022 2646 1087 2681 per
1102 2646 1176 2669 eam
1192 2631 1417 2678 attingendae
1434 2629 1534 2676 prin-

49 2678 179 2724 cipium
204 2679 359 2726 sumpsit.
407 2679 473 2714 Illa
508 2678 636 2714 dudum
667 2685 881 2726 expurgatus
905 2693 972 2729 per
994 2692 1103 2717 anuos
1129 2679 1367 2728 quadraginta
1389 2688 1413 2712 a
1444 2686 1532 2722 qua-

49 2725 247 2771 dragesimo
272 2726 318 2761 ad
344 2725 588 2772 octogesimum
613 2727 741 2762 aetatis
766 2739 892 2763 annum
917 2727 1102 2775 pascendis
1132 2726 1318 2775 pecoribus
1341 2724 1378 2759 in
1402 2721 1533 2757 Sinaeo

48 2777 167 2807 monte
175 2772 344 2816 intentus,
364 2773 442 2819 ipso
460 2772 616 2809 meridiei
634 2778 815 2818 momente,
839 2774 958 2811 divina
975 2775 1121 2821 quadam
1139 2781 1176 2809 et
1191 2771 1369 2809 tremenda
1383 2769 1532 2810 visione,

50 2818 204 2854 clariore
226 2831 333 2867 supra
357 2820 500 2855 solarem
523 2820 602 2855 lnce
622 2821 819 2866 perstrictis
835 2822 913 2857 eius
930 2821 1060 2865 oculis,
1084 2821 1245 2856 donatur.
1291 2814 1531 2858 Admirafi⁰¹¹0

50 2876 240 2911 suspensus
269 2866 316 2902 ad
338 2868 477 2914 spineta
502 2866 649 2902 divertit
674 2867 790 2903 oculos
817 2879 860 2903 ac
894 2868 1106 2904 flammarum
1133 2867 1244 2903 instar
1274 2865 1396 2900 rubum
1426 2872 1530 2897 exar-

50 2910 247 2950 descentem
263 2915 302 2951 et
315 2913 409 2962 igne,
426 2912 525 2951 velut
540 2925 641 2961 tore,
663 2915 874 2952 ramusculos
894 2915 1132 2954 confoventem
1150 2911 1407 2951 animadvertit.
1436 2909 1530 2946 Ter-
