1800 3236
205 171 322 219 602·
683 174 938 221 GEORGII
965 172 1257 221 SYNCELLI

210 287 341 333 αὐτὸν
352 287 396 332 ἓν
406 291 467 347 τῷ
490 287 587 347 ἱερῷ
611 285 895 343 καθεζόμενον
914 287 957 331 ἓν
977 286 1092 347 μέσῳ
1108 292 1193 332 τῶν
1213 284 1481 334 διδασκάλων
1500 291 1569 334 καὶ
1590 288 1720 334 ἀκού-

205 377 310 403 οντα
351 357 493 402 αὐτῶν
533 359 603 401 καὶ
647 359 921 415 ἐπερωτῶντα
954 355 1122 409 αὐτούς.
1170 360 1386 411 ἐξίσταντο
1425 361 1472 404 δὲ
1499 359 1650 412 πάντες
1680 363 1721 406 οἳ

204 427 429 480 ἀκούοντες
451 428 582 472 αὐτοῦ
603 429 671 472 ἐπὶ
693 432 745 487 τῇ
769 428 930 472 συνέσει
949 429 1020 472 καὶ
1037 436 1131 480 ταῖς
1150 429 1418 491 ἀποκρίσεσιν
1435 431 1580 476 αὐτοῦ.

661 559 933 603 ΚΟΣΜΟῩ
962 559 1100 601 ΕΤΗ
1128 556 1260 619 ,εφιγ’.

579 656 672 709 Τῆς
706 653 832 705 θείας
866 649 1118 712 σαρκώσεως
1154 651 1226 710 ἔτη
1263 650 1328 712 ιγ’.
1723 656 1747 692 5

207 739 272 787 To}
301 737 532 786 ὑπόλοιπα
558 743 652 786 τῶν
668 738 906 798 Ῥωμαίων
925 742 1159 798 Καίσαρος
1178 743 1415 800 Σεβαστοῦ
1434 740 1718 802 Ὀκταουίου,

704 814 791 856 τοῦ
821 811 899 857 καὶ
929 809 1220 869 Αὐγούστου.

162 914 194 950 C
306 908 399 953 Ἐπὶ
432 908 654 968 Καίσαρος
689 907 944 967 Αὐγούστου
974 908 1201 969 φιλόσοφοι
1225 909 1412 967 ἤκμαζον
1433 910 1628 968 ἐπίσημοι
1644 907 1717 956 οὗ-

198 998 290 1035 τοι,
340 979 576 1039 Βιργίλιος,
614 978 903 1035 Σαλούστιος,
942 983 1126 1037 Λίβιος,
1173 980 1436 1040 Ὁρτένσιος,
1479 983 1712 1041 Τερέντιος,

194 1049 392 1112 “οράτιος
402 1085 416 1104 ,
449 1047 751 1109 Ἀθηνόδωρος
773 1052 967 1110 Ταρσεὺς
986 1054 1055 1095 καὶ
1075 1054 1227 1097 Σιτίων
1244 1051 1552 1111 Ἀλεξανδρεύς.
1730 1066 1775 1102 10

304 1121 526 1178 Ἀθηναῖοι
547 1119 784 1175 στασιάζειν
807 1120 1032 1181 ἀρξάμενοι
1053 1123 1333 1174 κολασθέντες
1357 1122 1612 1169 ἐπαύσαντο.

305 1191 560 1249 Αὔγουστος
591 1191 805 1250 κρατήσας
836 1192 943 1249 μετὰ
964 1191 1095 1237 Γάϊον
1109 1192 1282 1237 Ἰούλιον
1300 1195 1503 1253 Καίσαρα
1526 1194 1717 1252 τῆςῬω-

203 1264 341 1319 μαίων
374 1263 507 1320 ἀρχῆς
534 1261 589 1306 τὰ
609 1260 748 1306 πάντα
770 1262 841 1320 ἔτη
872 1261 956 1319 νς’,
994 1262 1272 1323 μονοκράτωρ
1295 1265 1341 1308 δὲ
1364 1263 1434 1321 ἔτη
1458 1262 1551 1323 μγ’,
1593 1265 1649 1317 ὡς
1673 1269 1718 1310 δὲ

202 1334 335 1392 ἕτεροι
369 1330 458 1389 μη’,
495 1336 668 1394 τελευτᾷ
689 1333 762 1377 τὸν
786 1335 882 1389 βίον
899 1336 941 1378 ἐν
960 1332 1124 1393 Ῥώμῃ,
1162 1335 1273 1379 καθ’
1301 1333 1349 1379 ὃν
1362 1333 1516 1393 χρόνον
1538 1335 1719 1393 ἔκλειψις

201 1402 353 1460 ἧλιακὴ
385 1404 544 1461 γέγονε,
584 1402 706 1460 λιμός
725 1422 769 1448 τε
796 1405 968 1462 κατέσχε
987 1405 1065 1462 τὴν
1084 1404 1301 1462 Ῥωμαίων
1321 1407 1497 1466 ἰσχυρὰ,
1538 1405 1596 1459 ὥς
1612 1412 1716 1452 πολ·
1729 1419 1774 1454 15

202 1479 287 1520 λῶν
311 1475 522 1532 δηναρίων
546 1474 619 1518 τὸν
637 1473 787 1530 μόδιον
811 1480 887 1520 τοῦ
914 1477 1031 1520 σίτου
1055 1482 1288 1535 πραθῆναι.

163 1550 196 1585 D
304 1543 355 1589 Ὁ
393 1544 520 1596 αὐτὸς
553 1545 654 1596 τούς
685 1544 910 1605 οἲκήτορας
939 1545 1102 1604 Ῥώμης
1135 1548 1243 1592 κατὰ
1271 1544 1498 1606 πρόσωπον
1525 1546 1714 1607 ἀριθμή-

198 1633 280 1668 σας
300 1609 416 1674 εῧρεν
441 1618 661 1667 οἰκοῦντας
687 1616 820 1673 αὐτὴν
844 1617 1012 1676 ἀνδρῶν
1035 1617 1248 1677 μυριάδας
1269 1617 1320 1676 ιγ’
1344 1620 1413 1661 καὶ
1437 1617 1553 1680 Ιαλζῖ

307 1686 505 1746 Τιβέριον
527 1688 573 1731 δὲ
599 1686 672 1731 τὸν
694 1688 826 1732 αὐτοῦ
851 1686 1058 1747 πρόγονον
1082 1687 1466 1747 υἱοθετησάμενος,
1505 1695 1714 1750 περιφανῆ

292 1811 327 1847 2.
353 1805 495 1855 αὐτων]
525 1807 668 1852 eniteris
688 1811 735 1845 G.
866 1815 900 1850 6.
925 1812 989 1849 καὶ
1009 1813 1200 1856 Καισαρος
1223 1825 1267 1849 ιιι.
1394 1815 1429 1850 9
1454 1812 1646 1861 βιργήλιος
1670 1815 1712 1849 Β

294 1860 352 1894 10.
387 1859 544 1904 Σιτίων]
571 1860 732 1895 Σωτίων
749 1858 912 1906 Scaliger
935 1872 972 1907 p.
991 1862 1049 1898 76.
1068 1873 1110 1897 ex
1128 1861 1355 1917 Hieronymo.
1389 1862 1508 1898 Sition
1525 1862 1712 1898 etiamEu-

292 1904 472 1996 {3b122ff9
491 1907 573 1989 ῗιὸη8.
583 1954 625 1989 B
693 1904 751 1943 14.
776 1909 847 1944 τοῦ
865 1909 954 1955 βίου
981 1909 1029 1945 G.
1145 1910 1202 1947 15
1225 1904 1362 1955 ἡλιακὴ
1383 1909 1426 1946 Β.
1451 1905 1560 1957 ἡλίου
1580 1910 1627 1946 G.

190 2059 268 2104 ,bus
297 2059 458 2105 elapsis·
446 2072 485 2095 111
508 2061 638 2108 templo
667 2061 781 2097 medio
809 2061 991 2097 doctorum
1011 2073 1176 2097 consessu
1198 2061 1396 2106 sedentem,
1420 2061 1498 2096 illos
1518 2061 1711 2097 audientem

202 2110 239 2140 et
256 2106 530 2153 interrogantem
547 2113 767 2155 repererunt.
809 2111 941 2145 Omnes
961 2121 1067 2157 porro
1088 2110 1151 2157 qui
1170 2122 1247 2146 eum
1260 2109 1463 2153 audiebant,
1481 2110 1555 2145 eius
1570 2110 1712 2157 sapien-

201 2152 252 2188 tia
267 2155 516 2202 responsisque
532 2156 683 2203 cognitis
704 2157 903 2204 stupebant.

684 2240 838 2281 ANNI
869 2241 1072 2282 MUNDI
1102 2242 1228 2285 5513.

637 2308 802 2345 vamffl
825 2310 1115 2347 Incinmmoms
1142 2320 1203 2344 AN.
1229 2309 1285 2345 13.

306 2379 479 2433 Reliqua
509 2381 786 2421 Romanorum
817 2388 857 2422 et
888 2381 1065 2422 Caesaris
1097 2381 1261 2421 Octavii
1290 2381 1456 2434 Augusti
1485 2388 1608 2435 gesta.

296 2447 457 2494 Augusto
475 2448 631 2485 Caesare
657 2449 850 2496 imperante
867 2449 1059 2495 Virgilius,
1089 2449 1286 2492 Salustius,
1320 2450 1465 2493 Livius,
1491 2450 1711 2494 Hortensius,

201 2495 414 2539 Terentius,
447 2496 640 2540 Horatius,
665 2497 911 2533 Athenodorus
927 2497 1116 2533 'Iarsensis
1142 2501 1181 2532 et
1203 2497 1321 2532 Sition
1341 2476 1595 2533 Alexaiidrinus
1626 2499 1711 2545 phi-

201 2542 338 2590 losophi
356 2543 545 2578 clarebant.

295 2590 525 2626 Athenienses
541 2602 600 2626 res
620 2602 728 2626 novas
747 2591 860 2627 moliti
875 2594 912 2628 et
929 2591 1097 2638 castigati
1115 2592 1339 2638 quieverunt.

295 2639 476 2684 Augustus
497 2644 577 2685 post
596 2638 639 2673 C.
656 2639 781 2674 Iulium
802 2640 1015 2675 Caesarem·
1006 2640 1187 2685 imperium
1206 2639 1374 2685 adeptus,
1399 2639 1499 2674 annis
1514 2639 1549 2674 in
1567 2639 1710 2676 univer—

200 2696 274 2719 sum
295 2686 341 2722 56
371 2685 465 2720 solus
484 2686 586 2721 annis
607 2684 677 2729 43,
710 2686 768 2721 vel
794 2691 834 2722 ut
862 2686 939 2721 aliis
964 2687 1082 2733 placet
1101 2685 1148 2723 48
1167 2687 1341 2733 regnavit.
1392 2686 1493 2721 Diem
1518 2691 1710 2723 extremum

200 2733 333 2768 Romae
352 2732 448 2775 obit,
465 2744 542 2789 quo
562 2738 719 2779 tempore
736 2733 820 2768 solis
839 2734 981 2779 eclipsis
1000 2734 1171 2780 contigit,
1195 2735 1375 2780 famesque
1393 2734 1480 2768 adeo
1501 2734 1621 2769 valida
1635 2735 1708 2769 Ro-

200 2791 333 2815 manum
352 2780 534 2826 imperium
557 2781 733 2823 obtinuit,
757 2787 797 2816 ut
820 2793 902 2816 aere
922 2781 1067 2836 plurimo
1087 2781 1251 2816 frumenti
1277 2781 1413 2816 modius
1439 2781 1707 2817 distraheretur.

292 2827 425 2863 Romae
452 2827 588 2863 civibus
611 2827 744 2863 viritim
769 2828 952 2864 recensitis
983 2828 1156 2875 myriades
1181 2828 1355 2864 hominum
1382 2829 1426 2865 13
1447 2832 1486 2863 et
1504 2831 1596 2866 1037
1617 2830 1708 2864 idem

200 2874 405 2910 numeravit.

293 2922 477 2960 Tiberium
493 2922 693 2972 privignum
715 2922 918 2972 adoptatum
943 2922 1082 2971 imperii
1100 2935 1337 2961 successorem
1353 2922 1524 2959 illustrem
1538 2923 1708 2960 etRoma-
