1800 3236
252 177 356 226 686
721 182 977 229 GEORGII
1005 183 1295 231 SYNCELLI

251 293 376 357 λόγον
398 294 421 342 ὅ
445 295 552 357 ἀνὴρ
580 294 772 353 ὗπέμεινε
796 295 933 352 δεσμὰ
963 297 1034 340 καὶ
1064 295 1306 355 βασάνους,
1344 299 1423 352 τὰς
1454 302 1564 346 κατὰ
1585 307 1662 348 τοῦ
1682 301 1769 349 σώ-

134 393 151 433 3,
214 383 393 428 Βματος
420 366 498 420 τάς
527 385 571 413 τε
600 366 683 412 ὑπὸ
718 365 904 425 σιδήρων
936 369 1005 411 καὶ
1031 376 1181 424 μυχοΐς
1206 371 1371 430 εἱρκτῆς
1392 375 1596 432 τιμωρίας
1621 377 1690 418 καὶ
1712 374 1770 427 ὥς

253 441 320 486 ἐπὶ
348 441 562 490 πλείσταις
584 436 761 497 ἡμέραις
789 437 889 489 τοὺς
909 436 1047 490 πόδας
1062 437 1144 484 ὖπὸ
1166 441 1353 501 τέσσαρα
1382 445 1459 487 τοῦ
1483 448 1767 503 κολαστηρίου

253 510 361 565 ξύλα
395 512 663 569 παραταθεὶς
692 507 901 566 στίγματά
931 527 975 553 τε
1010 512 1078 553 καὶ
1103 511 1237 570 πυρὸς
1261 513 1434 566 ἀπειλὰς
1453 517 1522 558 καὶ
1553 515 1635 560 ὅσα
1659 517 1768 560 ἄλλα

251 583 358 642 πρὸς
379 587 464 626 τῶν
489 583 658 639 ἐχθρῶν
673 580 947 637 ἐπενεχθέντα
971 586 1183 639 καρτερῶς
1203 582 1382 641 ἤνεγκεν,
1412 587 1502 629 οἳόυ
1523 603 1568 630 τε
1588 587 1640 631 τὰ
1662 587 1796 631 κατ’5

252 653 382 698 αὐτὸν
413 652 529 710 ἔτυχε
560 652 732 707 τέλους,
772 654 983 708 μηδαμῶς
1012 652 1142 697 αὐτὸν
1172 653 1328 698 ἀνελεῖν
1358 659 1484 701 παντὶ
1514 658 1655 702 σθένει
1688 662 1766 702 τοῦ

251 728 452 769 δικαστοῦ
488 724 730 782 φιλονείκως
758 721 1007 778 ἐνστάντος,
1054 721 1204 776 ὁποίας
1231 744 1275 770 τε
1304 724 1413 782 μετὰ
1433 732 1569 772 ταῦτα
1592 734 1767 773 καταλι-

248 796 339 840 πὼν
375 794 543 855 φωνὰς,
584 796 653 838 καὶ
679 793 812 845 αὐτὰς
841 792 1011 853 πλήρεις
1032 803 1120 846 τοῖς
1140 796 1393 854 ἀναλήψεως
1425 800 1635 855 δεομένοις
1655 800 1766 859 ὠφε-

249 868 386 921 λειάς,
426 868 615 910 πλεῖσται
656 863 752 910 ὅσαι
783 870 860 909 τοῦ
896 864 1050 924 ἀνδρὸς
1082 868 1298 912 ἐπιστολαὶ
1338 869 1527 927 τάληθὲς
1559 869 1666 927 ὁμοῦ
1697 873 1766 914 καὶ

249 938 435 997 ἀκριβῶς
452 937 728 996 περιέχουσαι.
767 935 934 988 τούτοις
947 938 1152 993 Εὐσέβιος
1172 941 1240 982 καὶ
1263 941 1470 992 πλείστοις
1493 942 1575 1000 πρὸ
1600 940 1765 986 τούτων
1780 949 1798 985 1

249 1009 392 1061 ἄλλοις
415 1008 655 1067 Ὠριγένους
677 1012 753 1052 τοῦ
779 1010 1012 1064 δυσσεβοῦς
1043 1010 1260 1067 ἐγκωμίοις
1279 1010 1550 1070 χρησάμενος
1572 1011 1766 1072 ἀμάρτυ-

250 1099 324 1139 ρον
347 1079 485 1140 ἕαυτῷ
516 1079 787 1123 καταλέλοιπε
810 1079 858 1123 τὸ
877 1078 1113 1138 μαρτύριον
1134 1083 1203 1124 καὶ
1232 1082 1305 1126 τὸν
1334 1082 1496 1141 δρόμον
1515 1084 1736 1128 ἀτέλευτον
1753 1099 1764 1109 ·

89 1150 132 1186 Ρ·
155 1147 226 1189 365
252 1150 273 1197 ὃ
301 1152 382 1210 γὰρ
409 1149 639 1207 ’ὑπομείνας
662 1153 720 1202 εἰς
742 1150 887 1205 τέλος,
927 1153 1055 1209 φησὶν
1083 1149 1104 1195 ὃ
1128 1150 1292 1211 κύριος,
1335 1152 1603 1212 σωθήσεται,
1643 1155 1719 1211 οὐχ
1743 1153 1765 1199 ὅ

247 1223 384 1268 πολλὰ
397 1222 554 1266 παθών
571 1223 641 1265 καὶ
661 1219 1006 1279 λειποτακτήσας.
1032 1219 1172 1280 ἐπάγει
1194 1225 1241 1267 δὲ
1258 1226 1326 1268 καὶ
1346 1227 1438 1283 περὶ
1456 1232 1533 1270 τοῦ
1551 1228 1764 1284 μακαρίου

247 1294 479 1340 Διονυσίου
512 1290 740 1337 ἐπισκόπου
758 1292 1070 1351 Ἀλεξανδρείας
1090 1295 1135 1337 ἐκ
1157 1299 1234 1351 τῆς
1258 1295 1364 1354 πρὸς
1386 1299 1428 1339 Γ
1425 1297 1607 1352 ερμανόν
1628 1297 1762 1341 αὐτοῦ
1775 1304 1800 1339 1.

247 1367 470 1421 ἐπιστολῆς
486 1363 563 1421 τὴν
581 1368 732 1422 χρῆσιν
751 1366 931 1423 προθεὶς
950 1362 971 1408 ὃ
997 1364 1126 1416 αὐτὸς
1144 1366 1389 1425 Καισαρεὺς
1410 1367 1629 1424 Εὐσέβιος,
1646 1368 1763 1427 Ὠρι-

245 1437 348 1495 γίνει
378 1437 449 1500 pal
469 1433 606 1495 τούτῳ
629 1438 699 1479 καὶ
729 1442 819 1486 τοῖς
849 1433 1085 1495 ὃμόφροσιν
1119 1436 1251 1480 αὐτοῦ
1280 1436 1579 1494 χαριζόμενος,
1620 1436 1676 1490 ὥς
1709 1438 1762 1483 ἂν

244 1508 304 1565 μὴ
336 1503 467 1564 μόνος
483 1509 598 1565 φανῇ
623 1505 977 1563 λειποτακτήσας,
1011 1506 1118 1550 ἀλλὰ
1145 1510 1213 1551 καὶ
1237 1508 1392 1560 ἄλλους
1414 1508 1519 1566 ἔχων
1550 1511 1593 1554 ἐν
1622 1507 1762 1572 τούτῳ

246 1568 550 1636 συμμετόχους.
589 1577 669 1635 ἔχει
691 1579 736 1622 δὲ
755 1576 781 1635 ἢ
799 1582 952 1638 χρῆσις
962 1580 1192 1623 Διονυσίου
1218 1597 1308 1631 πως
1329 1573 1410 1624 ὧδε
1424 1593 1435 1604 ·

346 1662 452 1720 Ἕγῶ
472 1663 518 1706 δὲ
542 1663 610 1706 καὶ
630 1659 804 1705 ἐνώπιον
825 1665 903 1706 τοῦ
928 1666 1034 1706 θεοῦ
1054 1665 1196 1717 λαλῶ,
1236 1664 1306 1706 καὶ
1336 1662 1466 1714 αὐτὸς
1487 1660 1598 1708 οἶδεν
1620 1662 1685 1708 ὅτι
1711 1662 1760 1708 οὗ
1771 1664 1800 1702 2⁴

244 1731 484 1790 ψεύδομαι,
525 1733 723 1788 οὐδεμίαν
753 1731 824 1776 ἐπ’
857 1733 1027 1793 ἐμαυτῷ
1063 1730 1347 1788 βαλλόμενος,
1386 1733 1485 1779 οὐδὲ
1523 1735 1642 1779 ἀθεεὶ
1687 1753 1762 1779 πε-

245 1806 425 1863 ποίημαι
444 1804 522 1862 τὴν
544 1801 695 1864 φυγήν.
743 1803 852 1847 ἀλλὰ
874 1806 943 1847 καὶ
963 1801 1170 1863 πρότερον
1191 1809 1267 1848 τοῦ
1298 1804 1407 1848 κατὰ
1426 1805 1582 1851 Δέκιον
1609 1823 1761 1865 προτε-

339 1930 374 1966 5.
402 1928 504 1975 οἴου]
531 1927 595 1966 οἷοι
615 1929 664 1964 G.
776 1929 812 1965 9.
837 1929 1023 1975 πλεῖσται]
1050 1929 1167 1975 Vulgo
1186 1925 1350 1976 πλήρεις.
1398 1928 1605 1966 correctum
1623 1941 1666 1964 ex
1685 1929 1760 1964 Eu·

341 1977 454 2014 sebio.
568 1980 623 2015 16.
649 1975 764 2022 Vulgo
789 1975 963 2024 Ωριγένῃ.
1081 1979 1138 2013 18.
1170 1975 1301 2023 μόνος]
1326 1974 1450 2024 μόνον
1467 1977 1518 2013 G.
1634 1979 1693 2014 19.
1717 1975 1760 2015 δὲ

340 2024 406 2062 καὶ
428 2022 452 2073 ἡ
478 2025 526 2063 G.
619 2026 678 2062 20.
704 2024 746 2061 δὲ
764 2025 844 2070 καὶ]
869 2025 933 2062 καὶ
955 2037 1021 2061 om.
1043 2025 1092 2060 Gr.

246 2130 409 2173 vincula,
440 2132 669 2167 membrorum
698 2131 848 2167 omnium
883 2134 1081 2173 tormenta,
1117 2130 1244 2166 ferreis
1273 2129 1502 2178 compedibus
1533 2129 1759 2177 carcerisque

249 2178 422 2223 angustiis
444 2190 577 2224 poenas
599 2180 789 2215 exhaustas
802 2205 813 2223 ,
838 2182 878 2214 ut
906 2179 1064 2225 pluribus
1086 2178 1210 2213 diebus
1239 2179 1284 2214 ad
1305 2179 1428 2224 lignea
1446 2179 1586 2225 equulei
1604 2182 1758 2225 quatuor

246 2235 361 2259 ramos
384 2227 534 2270 pedibus
568 2227 786 2273 applicatus,
810 2227 959 2262 verbera
984 2226 1210 2272 flammasque
1238 2226 1455 2268 intentatas,
1481 2225 1595 2260 aliave
1620 2237 1641 2259 a
1669 2225 1755 2260 fidei

245 2271 460 2307 adversariis
489 2274 588 2309 illata
615 2274 788 2320 supplicia
812 2275 954 2309 fortiter
982 2274 1207 2316 sustinuerit,
1234 2285 1382 2319 quemve
1409 2273 1514 2308 finem
1541 2271 1603 2307 illa
1621 2273 1755 2308 fuerint

247 2318 395 2362 sortita,
427 2319 542 2356 iudice
560 2333 605 2357 ne
624 2323 738 2356 virum
755 2322 897 2357 tolleret
918 2334 938 2356 e
956 2321 1032 2356 <rita
1052 2321 1139 2356 totis
1157 2320 1293 2355 viribus
1309 2324 1457 2366 totaque
1477 2319 1653 2355 industria
1671 2332 1757 2355 con·
1775 2345 1777 2347 ·

246 2366 438 2410 tendente,
463 2369 708 2415 quasque.ille
734 2381 850 2404 coram
876 2381 918 2404 eo
947 2380 1071 2411 voces,
1107 2379 1264 2413 quasque
1293 2367 1442 2403 deiectis
1463 2367 1576 2403 animo
1593 2368 1691 2403 vires
1712 2379 1755 2403 ac

245 2415 354 2449 robur
373 2415 574 2457 contulerit,
601 2416 771 2462 plurimae
793 2428 924 2451 summa
943 2415 1097 2450 veritate
1117 2415 1374 2462 diligentiaque
1395 2426 1416 2449 a
1434 2415 1512 2450 viro
1531 2415 1755 2462 conscriptae

245 2461 472 2497 manifestant
489 2462 672 2509 epistolae.
720 2464 788 2498 His
818 2468 855 2498 et
879 2464 956 2498 aliis
980 2463 1140 2508 pluribus
1161 2462 1325 2498 encomiis
1343 2463 1378 2497 in
1399 2461 1540 2509 impium
1562 2462 1755 2508 Origeuem

202 2512 207 2516 '
244 2509 444 2556 praemissis
463 2520 558 2553 usus,
583 2511 659 2545 sine
676 2514 769 2546 teste
787 2511 862 2545 eius
882 2522 945 2556 pro
964 2510 1296 2554 fidfftestimoniurm
1323 2514 1360 2546 et
1378 2522 1446 2545 non
1467 2521 1640 2546 emensum
1659 2509 1753 2545 eius-

245 2556 325 2591 dem
346 2569 485 2593 cursum
502 2558 739 2605 praetermisit
753 2558 940 2593 Eusebius,
967 2558 1040 2599 Qui
1053 2558 1144 2593 enim
1163 2558 1446 2605 perseveraverit
1461 2557 1619 2603 usquein
1637 2557 1753 2600 finem,

242 2604 361 2650 inquit
383 2605 559 2650 dominus,
584 2605 803 2648 salvabitur,
827 2617 896 2641 non
924 2605 974 2641 ita
999 2604 1050 2648 is,
1079 2606 1139 2653 qui
1166 2607 1267 2652 plura
1301 2617 1426 2652 passus
1460 2604 1641 2640 defecerit.
1701 2606 1752 2639 Ac

245 2663 352 2698 supra
370 2652 510 2699 quidem
530 2653 691 2689 adductis
709 2653 803 2688 beati
830 2653 994 2699 Dionysii
1014 2653 1244 2689 Alexandrini
1264 2652 1422 2700 episcopi
1440 2663 1484 2687 ex
1499 2652 1576 2688 eius
1593 2651 1638 2686 ad
1657 2651 1753 2686 Ger-

243 2711 379 2734 manum
404 2701 555 2746 epistola
574 2699 722 2746 Origeni
744 2699 934 2747 similisque
955 2702 1151 2737 sententiae
1177 2701 1396 2736 consortibus
1415 2699 1565 2746 gratiam
1590 2700 1752 2734 facturus

243 2746 423 2782 Eusebius
439 2749 541 2785 idem
568 2748 810 2784 Caesariensis
835 2748 964 2792 dictum
993 2749 1174 2796 adiungit,
1206 2761 1251 2784 ne
1279 2748 1373 2784 solus
1394 2747 1455 2783 ille
1471 2747 1617 2782 militiae
1645 2746 1752 2781 Chri-

246 2794 382 2830 stianae
404 2795 585 2840 desertor,
617 2795 680 2832 sed
705 2799 742 2830 et
774 2795 861 2831 alios
887 2796 1040 2833 eiusdem
1067 2806 1190 2832 sensus
1215 2795 1408 2843 participes
1435 2795 1601 2830 habuisse
1628 2793 1750 2829 videa-

244 2844 316 2879 tur.
367 2842 409 2877 In
426 2844 518 2879 hunc
537 2849 651 2880 autem
670 2843 807 2879 modum
826 2844 995 2890 scriptum
1010 2844 1154 2892 reliquit
1170 2844 1372 2890 Dionysius.

339 2901 422 2947 Ego
445 2914 530 2938 vero
552 2907 644 2940 teste
657 2902 721 2940 deo
739 2902 876 2950 loquor,
901 2906 938 2938 et
957 2903 1032 2950 ipse
1054 2914 1109 2940 me
1129 2903 1225 2939 nulla
1245 2907 1346 2938 tenus
1365 2899 1508 2938 mentiri
1521 2898 1632 2936 novit.
1656 2897 1751 2934 Nul-
1769 2913 1773 2916 ⁴

246 2945 315 2985 lam
330 2949 496 2987 ‘mihimet
519 2949 676 3000 imputo,
708 2954 770 2988 aut
789 2951 865 2987 sine
889 2950 1009 2988 divino
1030 2955 1118 2994 nutu
1134 2951 1275 3000 suscepi
1290 2951 1421 2997 fugam.
1470 2949 1602 2985 Verum
1624 2957 1751 2994 perse-
