1800 3236
557 195 1086 244 CHRONOGRAPHIA.
1465 195 1569 243 327

66 309 301 368 ἄντεραστῇ
334 307 557 367 παρέσχον.
606 306 630 353 ὃ
670 308 718 353 δὲ
744 308 823 360 τὰς
856 306 1078 360 ἀλώπεκας
1105 304 1306 366 θηράσας
1333 311 1403 353 καὶ
1428 311 1572 369 κέρκον

66 380 173 438 πρὸς
200 381 345 438 κέρκον
375 377 510 436 δήσας
540 376 619 430 τάς
647 396 692 422 τε
723 377 910 438 ἀρούρας
938 381 1008 423 καὶ
1033 378 1135 430 τούς
1157 378 1406 434 ἀμπελῶνας
1432 381 1572 426 αὐτῶν

65 447 302 508 ἐνεπύρισεν
310 483 326 505 ,
363 448 486 507 ἡνίκα
517 446 750 508 ἀλλόφυλοι
780 445 900 493 ataui?
917 453 995 494 τοῦ
1013 448 1182 510 Ἰσραὴλ
1202 448 1450 502 ἀνελθόντες
1473 449 1571 495 ἕλα-

65 525 146 578 βον
181 521 350 577 δέσμιον
379 521 625 574 καλωδίοις,
662 518 709 570 ὃς
731 519 786 564 τὰ
810 517 998 564 καλώδια
1030 517 1283 579 περιρρήξας
1305 518 1403 564 ὄνου
1420 519 1570 581 γνάθῳ

35 594 59 631 5
61 591 224 648 χιλίους
250 590 391 635 αὗτῶν
411 590 543 635 ἀνεῖλε
563 592 631 642 καὶ
650 591 992 650 δίψειπερικαεὶς
1009 590 1109 649 εὐχῇ
1125 595 1178 649 τῇ
1193 589 1298 648 πρὸς
1309 590 1412 634 θεὸν
1431 591 1607 649 πηγὴνΙ)

63 661 220 712 ὕδατος
249 660 323 705 τὸν
353 665 431 718 τῆς
461 659 654 718 σιαγόνος
684 658 826 717 ὃλμόν.
862 660 970 720 ἄλλῃ
998 662 1044 705 δὲ
1075 662 1277 720 φιλωθεὶς
1299 661 1342 704 ἔν
1374 663 1413 704 Γ
1409 659 1485 720 ἄζῃ
1503 661 1570 706 ἴν-

63 733 194 775 δοθεν
214 729 353 775 Υἐδόκει
382 735 664 789 φρουρεῖσθαι
696 730 1041 788 περικλεισάντων
1071 732 1186 791 αὐτῷ
1215 731 1294 782 τὰς
1323 729 1467 790 θύρας
1492 737 1570 791 τῇς

63 800 224 852 πόλεως
241 806 327 845 τῶν
349 801 624 860 ἀλλοφύλων,
663 800 714 852 ἃς
733 804 825 860 περὶ
845 802 979 857 με’σας
999 799 1154 853 νύκτας
1184 801 1410 857 ἀναλαβών
1437 802 1568 857 ὤμοις

62 871 142 916 σὺν
169 876 343 928 μοχλοῖς
378 874 446 915 καὶ
479 876 692 927 σταθμοῖς
718 873 783 914 ἐπὶ
802 871 879 929 τὴν
911 872 1101 930 κορυφὴν
1121 876 1199 916 τοῦ
1219 871 1346 929 ὅρους
1366 871 1562 919 ἀπέθετο.

7 945 54 982 10
64 943 184 1001 τρίτῃ
218 943 264 986 δὲ
289 946 344 1001 τῇ
372 944 543 1004 Δαλιδᾷ
569 943 729 999 γυναικὶ
747 944 1032 997 συναπαχθεὶς
1052 943 1120 985 καὶ
1151 942 1228 1001 τὴν
1245 943 1310 985 ἐπὶ
1330 947 1407 998 τῆς
1432 941 1566 1000 κόμης

4 1043 11 1073 ss
64 1012 196 1056 αὐτοῦ
226 1013 351 1056 θείαν
381 1012 500 1068 ι’σχύν
538 1011 708 1064 ἐξειπών
740 1010 817 1055 ὕπ’
850 1012 985 1069 αὐτῆς
1014 1014 1191 1075 κείρεται
1219 1014 1287 1055 καὶ
1309 1011 1565 1071 ἀλλοφύλοις

62 1084 290 1141 προδοθεὶς
309 1086 540 1141 τυφλοῦται
568 1081 612 1126 ἓν
631 1080 790 1138 μύλωνι
808 1082 1087 1139 πεπεδημένος
1107 1085 1391 1140 καθειρχθεὶς,
1415 1077 1464 1126 οὗ
1483 1084 1562 1140 τὴν

61 1151 218 1199 ἅλωσιν
232 1150 350 1209 μετά>
363 1171 455 1196 τινα
470 1151 625 1211 χρόνον
645 1150 924 1211 ἑορτάζοντες,
947 1157 1032 1197 τῶν
1054 1158 1206 1211 τριχῶν
1221 1153 1335 1213 αὐτῷ
1349 1155 1558 1205 ἔξανθου-
1582 1159 1626 1196 V.
1652 1161 1720 1197 139

60 1228 147 1267 σῶν
168 1223 250 1280 ἤδη
266 1223 416 1282 μικρὸν
438 1221 676 1281 προήγαγον
700 1225 856 1277 παίζειν
886 1223 1015 1267 αὐτὸν
1035 1223 1315 1274 κελεύσαντεςζ
1361 1222 1383 1267 ὃ
1403 1225 1449 1267 δὲ
1472 1232 1563 1275 τοῖς
1580 1207 1623 1243 P·
1648 1206 1717 1244 1⁷4

6 1298 51 1334 15
63 1296 170 1337 κίοσι
193 1294 264 1337 διὰ
274 1299 350 1338 τοῦ
367 1298 717 1353 χειραγωγοῦντος
740 1293 869 1337 αὐτὸν
885 1294 1192 1352 ἐπιστηριχθεὶς
1209 1292 1432 1350 εὐξάμενος
1446 1295 1563 1351 παρὰ

61 1368 168 1409 θεοῦ
197 1364 275 1421 τὴν
303 1365 401 1408 κατ’
426 1364 566 1408 αὐτῶν
594 1365 815 1421 ἐκδίκησιν,
838 1362 939 1415 τούς
955 1382 1000 1407 τε
1020 1366 1064 1407 ἐν
1087 1369 1147 1424 τῷ
1168 1364 1266 1423 οἴκῳ
1290 1364 1475 1415 καὶτοὺς
1496 1366 1562 1408 ἐπὶ

60 1439 147 1478 τῶν
185 1439 341 1492 στεγῶν
378 1433 572 1485 ἀνιόντας
605 1435 716 1493 ἀμφὶ
747 1434 849 1484 τούς
874 1432 923 1494 ,γ’
956 1435 1188 1490 κατέχωσε,
1229 1432 1562 1490 ἐπισπασάμενος

60 1505 159 1556 τοὺς
178 1507 319 1556 κίονας
339 1507 407 1548 καὶ
424 1506 760 1562 συνδιαφθαρεὶς
778 1504 920 1555 αὐτοῖς
934 1517 944 1529 ·
982 1503 1029 1547 ὃν
1046 1503 1220 1561 ἔθαψαν
1241 1504 1280 1547 οἱ
1300 1504 1473 1563 ἀδελφοὶ
1489 1507 1560 1548 καὶ

61 1576 102 1618 οἳ
122 1582 254 1632 γονεῖς
273 1577 470 1633 κρίναντα
490 1574 564 1617 τὸν
577 1573 746 1632 Ἰσραὴλ
771 1572 842 1630 ἔτη
864 1572 915 1619 κ’.
1518 1582 1524 1587 “

1 1649 50 1685 20
166 1645 254 1689 Τὸν
288 1646 331 1698 ἐν
355 1644 565 1706 Ὀλυμπιά
600 1649 769 1703 πρῶτον
800 1643 878 1703 ὑφ’
911 1642 1339 1702 Ἡρακλέους-ἀγῶνα
1365 1641 1448 1687 ἀπὸ
1480 1647 1556 1686 τοῦ

151 1755 187 1794 4.
212 1757 415 1803 περιρῆξας
438 1757 482 1791 Α.
590 1756 626 1791 5.
651 1756 757 1799 δίψει
777 1756 818 1790 Α.
838 1755 941 1802 διψῇ
961 1755 1009 1790 G.
1123 1756 1158 1791 6.
1182 1749 1315 1799 ὁλμόν]
1339 1751 1478 1790 λάκκον
1497 1754 1558 1788 Iu-

151 1805 222 1840 dic.
245 1805 334 1847 XV,
358 1806 414 1840 19.
451 1801 554 1848 ἔσχεν
578 1803 659 1839 add.
679 1805 741 1838 ms
859 1802 1058 1848 ψιλωθεὶς]
1084 1802 1288 1848 φιλλωθεὶς
1306 1802 1349 1838 Α.
1368 1800 1443 1849 ’φήι
1463 1799 1559 1836 ἁλω-

151 1852 237 1893 θεὶς
260 1852 309 1887 G.
424 1849 466 1887 ἐν
489 1850 613 1896 Γάζῃ]
650 1850 759 1886 Iudic.
788 1850 886 1885 XVI.
1002 1851 1035 1887 8.
1063 1850 1140 1885 τῶν
1165 1849 1246 1885 add.
1268 1851 1318 1886 A..
1430 1850 1487 1885 10.
1511 1848 1558 1896 τῇ

151 1899 233 1934 add.
254 1901 296 1933 A.
429 1900 485 1934 11.
520 1895 644 1934 αὐτοῦ
666 1898 749 1933 add.
777 1898 820 1932 A.
942 1898 999 1934 12.
1030 1895 1173 1945 μύλωνι
1202 1898 1245 1933 A.
1278 1893 1386 1943 μύλῳ
1411 1895 1461 1932 G.

153 1946 209 1987 13.
232 1943 339 1993 αὐτῷ
363 1946 403 1981 Α.
429 1942 551 1982 αὐτοῦ
568 1946 618 1980 G.
1150 1947 1155 1951 ”

56 2042 165 2076 sinum
182 2039 355 2075 traducta.
403 2040 559 2074 Venatus
574 2039 635 2073 ille
653 2039 777 2084 vulpes
797 2050 865 2072 non
885 2049 1014 2084 paucas
1031 2037 1137 2083 cepit,
1161 2047 1346 2082 earumque
1363 2035 1485 2071 caudis
1510 2036 1558 2071 ad

55 2089 202 2123 invicem
222 2087 413 2132 colligatis,
440 2084 545 2132 agros
576 2086 724 2121 bostium
747 2090 784 2120 et
805 2085 926 2120 vineas
951 2086 1036 2131 igne
1060 2095 1225 2119 succenso
1249 2083 1419 2119 vastavit.
1466 2083 1559 2120 Pro-

55 2140 178 2182 pterea
203 2134 420 2180 alienigenae
443 2134 535 2168 bello
550 2133 586 2168 in
605 2132 714 2167 Israel
742 2138 834 2167 moto
858 2131 1065 2167 rudentibus
1089 2131 1242 2166 vinctum
1259 2130 1449 2177 ceperunt3
1473 2130 1553 2176 qui-

55 2184 120 2218 bus
137 2181 306 2227 disruptis
330 2187 367 2216 et
387 2180 534 2221 concisis
554 2180 643 2215 asini
664 2179 860 2214 mandibula
882 2179 1032 2213 hostium
1048 2178 1140 2213 mille
1156 2177 1309 2212 hortinas
1327 2177 1480 2220 delevit3
1501 2177 1554 2212 si-

55 2230 154 2275 tique
169 2229 315 2262 subinde
344 2233 508 2270 exustus,
533 2227 695 2274 precibus
724 2227 768 2261 ad
789 2226 889 2261 deum
910 2226 1000 2261 fusis
1014 2251 1025 2268 ‚
1047 2226 1187 2260 uberem
1204 2236 1326 2271 ¹aquae
1346 2220 1479 2267 spntem
1507 2235 1553 2259 ex

55 2275 274 2312 mandibulae
290 2275 459 2310 foramine
477 2274 610 2309 eduxit.
658 2275 782 2308 Gazae
799 2274 962 2308 detentus
981 2277 1020 2307 et
1036 2271 1248 2314 occlusisqab
1274 2271 1480 2317 alienigenis
1499 2271 1554 2307 ci—

57 2323 182 2358 vitatis
193 2323 306 2368 portis
318 2322 507 2368 vigilanter
519 2321 725 2362 custoditus,
738 2321 872 2355 mediae
885 2319 996 2355 noctis
1006 2318 1156 2361 silentio,
1165 2323 1286 2365 portas
1297 2319 1373 2354 loco
1384 2318 1553 2353 disiectas

58 2374 96 2404 et
119 2377 195 2404 cum
218 2369 378 2403 vectibus
405 2374 443 2403 et
465 2369 627 2414 postibus
651 2367 805 2402 humeris
823 2367 977 2402 sublatas
995 2366 1032 2400 in
1050 2371 1168 2401 monte
1185 2365 1357 2411 deposuit.
1404 2365 1554 2400 Dandae

58 2417 198 2452 tandem
215 2415 349 2451 nomine
369 2416 490 2449 uxoris
509 2415 637 2450 tertiae
665 2416 777 2449 forma
807 2419 950 2460 captus,
973 2413 1160 2459 evulgata,
1180 2424 1274 2458 quae
1300 2423 1419 2448 comae
1440 2412 1554 2447 inerat

58 2464 181 2499 divina
193 2463 322 2497 virtute
338 2488 348 2504 ‚
372 2473 394 2496 a
414 2462 614 2496 muliercula
630 2462 795 2496 tondetur
808 2466 848 2496 et
867 2458 1072 2506 alienigenis
1095 2460 1248 2494 traditus
1274 2459 1382 2494 oculis
1407 2459 1554 2493 mulcta-

57 2514 117 2545 tur
137 2515 175 2545 et
191 2510 236 2544 ad
252 2509 371 2543 molam
389 2510 567 2543 revinctus
586 2510 652 2543 sub
670 2507 828 2543 custodia
844 2507 1046 2550 detinetur;
1069 2507 1114 2542 de
1134 2507 1232 2542 cuius
1249 2506 1456 2552 captivitate
1473 2507 1555 2551 post

56 2559 173 2592 breve
181 2555 349 2603 temporis
366 2556 512 2602 spatium
530 2555 680 2591 solemne
696 2556 823 2590 festum
841 2554 953 2590 acturi
966 2580 978 2597 ,
1008 2554 1145 2601 capillis
1162 2553 1319 2588 nonnihil
1341 2554 1409 2588 iam
1433 2550 1553 2597 repul-

57 2604 270 2646 lulantibus,
292 2604 329 2637 in
348 2603 494 2637 medium
521 2602 619 2636 velut
642 2602 680 2636 in
709 2613 844 2637 scenam
868 2602 1094 2648 productum,
1118 2601 1289 2636 ludicrum
1318 2599 1552 2646 spectaculum
1594 2633 1598 2635 Δ

57 2651 224 2695 exhibere
241 2654 442 2694 coegerunt.
488 2649 551 2684 Ille
569 2649 727 2683 ductoris
751 2661 820 2695 ope
850 2648 1015 2684 columnis
1033 2660 1134 2683 manu
1156 2647 1382 2693 apprehensis
1401 2646 1553 2685 innixus,

58 2697 103 2732 de
116 2697 274 2732 hostibus
293 2696 424 2731 ultione
444 2708 465 2731 a
482 2695 548 2730 deo
568 2696 732 2742 precibus
749 2696 903 2743 expetita
914 2717 925 2738 ,
949 2700 1095 2731 cunctos
1110 2695 1186 2729 sive
1210 2695 1302 2728 intra
1319 2694 1439 2727 domus
1456 2692 1552 2726 clau-

57 2749 134 2780 stra
150 2744 232 2778 eive
250 2744 296 2779 ad
315 2744 479 2790 supremi¹
494 2742 615 2777 solarii
641 2741 787 2789 fastigia
812 2743 976 2778 sedentes
990 2767 1001 2785 ‚
1024 2742 1177 2778 virorum
1199 2752 1333 2786 nempe,
1349 2739 1419 2773 tria
1444 2737 1552 2772 millia

59 2790 236 2826 concussis
254 2791 420 2825 columnis
439 2790 556 2824 obruit
572 2789 825 2825 aedium—‘ruina
836 2816 847 2833 ,
872 2790 992 2825 eodem
1011 2801 1089 2824 cum
1113 2789 1165 2823 eis
1183 2788 1245 2822 leti
1269 2797 1398 2832 genere
1414 2785 1551 2819 involu-

57 2842 127 2873 tus.
177 2837 351 2872 Mortuum
377 2838 506 2872 fratres
532 2839 581 2872 etr
596 2841 762 2884 parentes
787 2837 1010 2873 tradiderunt
1036 2836 1258 2883 sepulturae,
1282 2837 1464 2880 postquam
1488 2843 1552 2866 an·-

57 2885 115 2920 nis
135 2886 184 2921 20
198 2883 309 2918 Israel
324 2884 525 2920 iudicasset.
872 2907 876 2911 -

153 2931 343 2967 certamen
363 2932 510 2979 primum
531 2931 752 2980 Olympicum
773 2932 843 2968 sub
859 2930 1066 2979 sampsonis
1085 2926 1210 2965 annum
1231 2926 1379 2976 primum
1398 2926 1444 2961 ab
1460 2926 1554 2961 Her-
