<?xml version="1.0" encoding="UTF-8"?>
<!DOCTYPE html PUBLIC "-//W3C//DTD XHTML 1.0 Transitional//EN"
    "http://www.w3.org/TR/xhtml1/DTD/xhtml1-transitional.dtd">
<html xmlns="http://www.w3.org/1999/xhtml" xml:lang="en" lang="en">
 <head>
  <title>
</title>
<meta http-equiv="Content-Type" content="text/html;charset=utf-8" />
  <meta name='ocr-system' content='tesseract 3.04.00' />
  <meta name='ocr-capabilities' content='ocr_page ocr_carea ocr_par ocr_line ocrx_word'/>
</head>
<body>
  <div class='ocr_page' id='page_1' title='image "./corpusscriptorum20niebuoft_0433.png"; bbox 0 0 1800 3236; ppageno 0'>
   <div class='ocr_carea' id='block_1_1' title="bbox 610 172 1629 249">
    <p class='ocr_par' dir='ltr' id='par_1_1' title="bbox 610 172 1629 249">
     <span class='ocr_line' id='line_1_1' title="bbox 610 172 1629 249; baseline 0.005 -6"><span class='ocrx_word' id='word_1_1' title='bbox 610 172 1147 245; x_wconf 76' lang='lat' dir='ltr'><strong>CHRoNoGRAPmA.</strong></span> <span class='ocrx_word' id='word_1_2' title='bbox 1525 196 1629 249; x_wconf 78' lang='lat'><strong>419</strong></span> 
     </span>
    </p>
   </div>
   <div class='ocr_carea' id='block_1_2' title="bbox 68 304 1782 1838">
    <p class='ocr_par' dir='ltr' id='par_1_2' title="bbox 74 304 1666 1067">
     <span class='ocr_line' id='line_1_2' title="bbox 135 304 1632 374; baseline 0 -21"><span class='ocrx_word' id='word_1_3' title='bbox 135 304 268 353; x_wconf 76' lang='grc' dir='ltr'><strong><em>τεῦων</em></strong></span> <span class='ocrx_word' id='word_1_4' title='bbox 286 307 395 353; x_wconf 80' lang='grc' dir='ltr'><strong><em>κατὰ</em></strong></span> <span class='ocrx_word' id='word_1_5' title='bbox 415 307 516 361; x_wconf 73' lang='grc' dir='ltr'><strong><em>τοὺς</em></strong></span> <span class='ocrx_word' id='word_1_6' title='bbox 529 305 713 368; x_wconf 78' lang='grc' dir='ltr'><strong><em>χρόνους</em></strong></span> <span class='ocrx_word' id='word_1_7' title='bbox 730 306 909 361; x_wconf 79' lang='grc' dir='ltr'><strong><em>τούτους</em></strong></span> <span class='ocrx_word' id='word_1_8' title='bbox 934 307 1094 368; x_wconf 74' lang='grc' dir='ltr'><strong><em>Οὐρίας</em></strong></span> <span class='ocrx_word' id='word_1_9' title='bbox 1110 308 1416 367; x_wconf 81' lang='grc' dir='ltr'><strong><em>υἱόςἍμμαίου</em></strong></span> <span class='ocrx_word' id='word_1_10' title='bbox 1426 344 1440 367; x_wconf 97' lang='grc'><strong><em>,</em></strong></span> <span class='ocrx_word' id='word_1_11' title='bbox 1478 311 1527 358; x_wconf 78' lang='grc' dir='ltr'><strong><em>ὃν</em></strong></span> <span class='ocrx_word' id='word_1_12' title='bbox 1546 331 1632 374; x_wconf 68' lang='lat' dir='ltr'><strong>qm..</strong></span> 
     </span>
     <span class='ocr_line' id='line_1_3' title="bbox 133 376 1632 444; baseline 0.004 -22"><span class='ocrx_word' id='word_1_13' title='bbox 133 376 262 436; x_wconf 75' lang='grc' dir='ltr'><strong><em>γόντα</em></strong></span> <span class='ocrx_word' id='word_1_14' title='bbox 291 381 350 431; x_wconf 76' lang='grc' dir='ltr'><strong>εἷς</strong></span> <span class='ocrx_word' id='word_1_15' title='bbox 369 379 588 437; x_wconf 78' lang='grc' dir='ltr'><strong><em>Αἴγυπτον</em></strong></span> <span class='ocrx_word' id='word_1_16' title='bbox 609 378 774 441; x_wconf 69' lang='grc' dir='ltr'><strong><em>ἀγαγὼν</em></strong></span> <span class='ocrx_word' id='word_1_17' title='bbox 798 377 821 423; x_wconf 81' lang='grc' dir='ltr'><strong>ὅ</strong></span> <span class='ocrx_word' id='word_1_18' title='bbox 840 379 1030 435; x_wconf 79' lang='grc' dir='ltr'><strong><em>Ἰωακεὶμ</em></strong></span> <span class='ocrx_word' id='word_1_19' title='bbox 1054 379 1211 434; x_wconf 82' lang='grc' dir='ltr'><strong><em>ἀνεῖλε,</em></strong></span> <span class='ocrx_word' id='word_1_20' title='bbox 1249 383 1319 424; x_wconf 81' lang='grc' dir='ltr'><strong><em>καὶ</em></strong></span> <span class='ocrx_word' id='word_1_21' title='bbox 1338 379 1533 440; x_wconf 87' lang='grc' dir='ltr'><strong><em>Ἱερεμίας</em></strong></span> <span class='ocrx_word' id='word_1_22' title='bbox 1549 385 1632 444; x_wconf 77' lang='grc' dir='ltr'><strong>ἂρ-</strong></span> 
     </span>
     <span class='ocr_line' id='line_1_4' title="bbox 133 447 1630 510; baseline 0.006 -18"><span class='ocrx_word' id='word_1_23' title='bbox 133 447 310 504; x_wconf 80' lang='grc' dir='ltr'><strong><em>ξάμενος</em></strong></span> <span class='ocrx_word' id='word_1_24' title='bbox 339 451 410 493; x_wconf 82' lang='grc' dir='ltr'><strong><em>καὶ</em></strong></span> <span class='ocrx_word' id='word_1_25' title='bbox 436 448 588 504; x_wconf 72' lang='grc' dir='ltr'><strong><em>αὐτὸς,</em></strong></span> <span class='ocrx_word' id='word_1_26' title='bbox 624 447 683 502; x_wconf 76' lang='grc' dir='ltr'><strong><em>ὥς</em></strong></span> <span class='ocrx_word' id='word_1_27' title='bbox 702 447 1042 509; x_wconf 80' lang='grc' dir='ltr'><em>προδεδήλωται,</em></span> <span class='ocrx_word' id='word_1_28' title='bbox 1080 455 1156 508; x_wconf 82' lang='grc' dir='ltr'><strong>τῆς</strong></span> <span class='ocrx_word' id='word_1_29' title='bbox 1173 453 1430 510; x_wconf 77' lang='grc' dir='ltr'><strong><em>προφητείας</em></strong></span> <span class='ocrx_word' id='word_1_30' title='bbox 1448 452 1532 498; x_wconf 77' lang='grc' dir='ltr'><strong>ἀπὸ</strong></span> <span class='ocrx_word' id='word_1_31' title='bbox 1552 459 1630 501; x_wconf 79' lang='grc' dir='ltr'><strong>τοῦ</strong></span> 
     </span>
     <span class='ocr_line' id='line_1_5' title="bbox 132 516 1666 576; baseline 0.003 -14"><span class='ocrx_word' id='word_1_32' title='bbox 132 516 186 576; x_wconf 80' lang='grc' dir='ltr'><strong>ιγ’</strong></span> <span class='ocrx_word' id='word_1_33' title='bbox 204 517 324 570; x_wconf 70' lang='grc' dir='ltr'><strong><em>ἔτους</em></strong></span> <span class='ocrx_word' id='word_1_34' title='bbox 338 519 512 564; x_wconf 79' lang='grc' dir='ltr'><strong><em>Ἰωσίου.</em></strong></span> <span class='ocrx_word' id='word_1_35' title='bbox 1633 539 1666 574; x_wconf 90' lang='lat'><strong>1)</strong></span> 
     </span>
     <span class='ocr_line' id='line_1_6' title="bbox 102 585 1631 649; baseline 0.004 -17"><span class='ocrx_word' id='word_1_36' title='bbox 102 596 128 632; x_wconf 87' lang='grc'><strong><em>5</em></strong></span> <span class='ocrx_word' id='word_1_37' title='bbox 239 588 329 632; x_wconf 84' lang='grc' dir='ltr'><strong><em>Τὸν</em></strong></span> <span class='ocrx_word' id='word_1_38' title='bbox 356 585 752 646; x_wconf 83' lang='grc' dir='ltr'><strong><em>Ναβουχοδονόσωρ</em></strong></span> <span class='ocrx_word' id='word_1_39' title='bbox 786 586 808 634; x_wconf 81' lang='grc' dir='ltr'>ὅ</span> <span class='ocrx_word' id='word_1_40' title='bbox 838 588 1124 648; x_wconf 69' lang='grc' dir='ltr'><strong><em>Μεγασθένης</em></strong></span> <span class='ocrx_word' id='word_1_41' title='bbox 1145 589 1189 634; x_wconf 74' lang='grc' dir='ltr'><strong><em>ἓν</em></strong></span> <span class='ocrx_word' id='word_1_42' title='bbox 1209 593 1263 649; x_wconf 84' lang='grc' dir='ltr'><strong>τῇ</strong></span> <span class='ocrx_word' id='word_1_43' title='bbox 1287 587 1328 634; x_wconf 83' lang='grc' dir='ltr'><strong>δ’</strong></span> <span class='ocrx_word' id='word_1_44' title='bbox 1345 594 1431 636; x_wconf 85' lang='grc' dir='ltr'><strong>τῶν</strong></span> <span class='ocrx_word' id='word_1_45' title='bbox 1445 589 1631 639; x_wconf 79' lang='grc' dir='ltr'><em>Ἰνδικῶν</em></span> 
     </span>
     <span class='ocr_line' id='line_1_7' title="bbox 127 656 1631 725; baseline 0.004 -24"><span class='ocrx_word' id='word_1_46' title='bbox 127 656 383 717; x_wconf 85' lang='grc' dir='ltr'><strong><em>Ἡρακλέους</em></strong></span> <span class='ocrx_word' id='word_1_47' title='bbox 411 658 693 725; x_wconf 76' lang='grc' dir='ltr'><strong><em>ἀλκιμώτερον</em></strong></span> <span class='ocrx_word' id='word_1_48' title='bbox 723 659 967 718; x_wconf 75' lang='grc' dir='ltr'><strong><em>ἀποφαίνει,</em></strong></span> <span class='ocrx_word' id='word_1_49' title='bbox 1007 658 1053 711; x_wconf 84' lang='grc' dir='ltr'><strong><em>ὃς</em></strong></span> <span class='ocrx_word' id='word_1_50' title='bbox 1082 660 1252 722; x_wconf 67' lang='grc' dir='ltr'><strong><em>ἀνδρείᾳ</em></strong></span> <span class='ocrx_word' id='word_1_51' title='bbox 1277 659 1438 720; x_wconf 80' lang='grc' dir='ltr'><em>μεγάλῃ</em></span> <span class='ocrx_word' id='word_1_52' title='bbox 1455 661 1631 721; x_wconf 77' lang='grc' dir='ltr'><strong><em>Λιβύης</em></strong></span> 
     </span>
     <span class='ocr_line' id='line_1_8' title="bbox 130 728 1631 794; baseline 0.003 -22"><span class='ocrx_word' id='word_1_53' title='bbox 130 728 182 772; x_wconf 78' lang='grc' dir='ltr'><strong>τὸ</strong></span> <span class='ocrx_word' id='word_1_54' title='bbox 215 733 409 773; x_wconf 85' lang='grc' dir='ltr'><strong><em>πλεῖστον</em></strong></span> <span class='ocrx_word' id='word_1_55' title='bbox 438 731 507 773; x_wconf 84' lang='grc' dir='ltr'><strong><em>καὶ</em></strong></span> <span class='ocrx_word' id='word_1_56' title='bbox 535 730 720 788; x_wconf 79' lang='grc' dir='ltr'><strong><em>Ἰβηρίας</em></strong></span> <span class='ocrx_word' id='word_1_57' title='bbox 747 730 1074 787; x_wconf 75' lang='grc' dir='ltr'><strong><em>κατεστρέψατο.</em></strong></span> <span class='ocrx_word' id='word_1_58' title='bbox 1111 738 1328 789; x_wconf 80' lang='grc' dir='ltr'><strong><em>συμφωνεῖ</em></strong></span> <span class='ocrx_word' id='word_1_59' title='bbox 1358 733 1405 776; x_wconf 79' lang='grc' dir='ltr'><strong>δὲ</strong></span> <span class='ocrx_word' id='word_1_60' title='bbox 1422 732 1539 794; x_wconf 77' lang='grc' dir='ltr'><strong><em>αὐτῷ</em></strong></span> <span class='ocrx_word' id='word_1_61' title='bbox 1560 736 1631 778; x_wconf 77' lang='grc' dir='ltr'><strong><em>καὶ</em></strong></span> 
     </span>
     <span class='ocr_line' id='line_1_9' title="bbox 135 797 1631 860; baseline 0.004 -18"><span class='ocrx_word' id='word_1_62' title='bbox 135 797 426 858; x_wconf 85' lang='grc' dir='ltr'><strong><em>Φιλόστρατος</em></strong></span> <span class='ocrx_word' id='word_1_63' title='bbox 454 800 499 843; x_wconf 77' lang='grc' dir='ltr'><strong><em>ἓν</em></strong></span> <span class='ocrx_word' id='word_1_64' title='bbox 528 807 621 851; x_wconf 77' lang='grc' dir='ltr'><strong><em>ταῖς</em></strong></span> <span class='ocrx_word' id='word_1_65' title='bbox 652 800 879 856; x_wconf 75' lang='grc' dir='ltr'><strong><em>ἱστορίαις,</em></strong></span> <span class='ocrx_word' id='word_1_66' title='bbox 916 799 1023 843; x_wconf 67' lang='grc' dir='ltr'><strong><em>ἔνθα</em></strong></span> <span class='ocrx_word' id='word_1_67' title='bbox 1056 801 1124 844; x_wconf 78' lang='grc' dir='ltr'><strong><em>καὶ</em></strong></span> <span class='ocrx_word' id='word_1_68' title='bbox 1153 802 1246 858; x_wconf 79' lang='grc' dir='ltr'><strong><em>περὶ</em></strong></span> <span class='ocrx_word' id='word_1_69' title='bbox 1274 805 1351 859; x_wconf 84' lang='grc' dir='ltr'><strong>τῆς</strong></span> <span class='ocrx_word' id='word_1_70' title='bbox 1372 799 1517 860; x_wconf 75' lang='grc' dir='ltr'><strong><em>Τύρου</em></strong></span> <span class='ocrx_word' id='word_1_71' title='bbox 1548 822 1631 848; x_wconf 67' lang='grc' dir='ltr'><strong>πο-</strong></span> 
     </span>
     <span class='ocr_line' id='line_1_10' title="bbox 130 867 1630 933; baseline 0.005 -22"><span class='ocrx_word' id='word_1_72' title='bbox 130 871 316 927; x_wconf 88' lang='grc' dir='ltr'><strong><em>λιορκιάς</em></strong></span> <span class='ocrx_word' id='word_1_73' title='bbox 338 871 407 913; x_wconf 83' lang='grc' dir='ltr'><strong><em>καὶ</em></strong></span> <span class='ocrx_word' id='word_1_74' title='bbox 423 875 509 914; x_wconf 85' lang='grc' dir='ltr'><strong>τῶν</strong></span> <span class='ocrx_word' id='word_1_75' title='bbox 534 871 740 914; x_wconf 87' lang='grc' dir='ltr'><strong><em>Φοινίκων</em></strong></span> <span class='ocrx_word' id='word_1_76' title='bbox 758 867 910 923; x_wconf 81' lang='grc' dir='ltr'><strong><em>πάλαι,</em></strong></span> <span class='ocrx_word' id='word_1_77' title='bbox 949 871 1101 922; x_wconf 72' lang='grc' dir='ltr'><strong><em>αἵτινες</em></strong></span> <span class='ocrx_word' id='word_1_78' title='bbox 1118 870 1296 929; x_wconf 78' lang='grc' dir='ltr'><strong><em>ἱστορίαι</em></strong></span> <span class='ocrx_word' id='word_1_79' title='bbox 1317 871 1516 931; x_wconf 77' lang='grc' dir='ltr'><strong><em>φέρονται</em></strong></span> <span class='ocrx_word' id='word_1_80' title='bbox 1535 876 1630 933; x_wconf 80' lang='grc' dir='ltr'><strong><em>περὶ</em></strong></span> 
     </span>
     <span class='ocr_line' id='line_1_11' title="bbox 74 938 1629 1003; baseline 0.006 -23"><span class='ocrx_word' id='word_1_81' title='bbox 74 944 120 980; x_wconf 87' lang='grc'><strong>10</strong></span> <span class='ocrx_word' id='word_1_82' title='bbox 130 943 207 983; x_wconf 84' lang='grc' dir='ltr'><strong>τοῦ</strong></span> <span class='ocrx_word' id='word_1_83' title='bbox 228 938 646 998; x_wconf 83' lang='grc' dir='ltr'><strong><em>Ναβουχοδονόσωρ,</em></strong></span> <span class='ocrx_word' id='word_1_84' title='bbox 685 938 750 983; x_wconf 80' lang='grc' dir='ltr'><strong>ὅτι</strong></span> <span class='ocrx_word' id='word_1_85' title='bbox 783 940 945 996; x_wconf 78' lang='grc' dir='ltr'><strong><em>Συρίαν</em></strong></span> <span class='ocrx_word' id='word_1_86' title='bbox 974 942 1043 984; x_wconf 82' lang='grc' dir='ltr'><strong><em>καὶ</em></strong></span> <span class='ocrx_word' id='word_1_87' title='bbox 1059 938 1282 999; x_wconf 73' lang='grc' dir='ltr'><strong><em>Αἴγυπτον</em></strong></span> <span class='ocrx_word' id='word_1_88' title='bbox 1302 943 1372 986; x_wconf 85' lang='grc' dir='ltr'><strong><em>καὶ</em></strong></span> <span class='ocrx_word' id='word_1_89' title='bbox 1389 947 1532 989; x_wconf 83' lang='grc' dir='ltr'><strong><em>πᾶσαν</em></strong></span> <span class='ocrx_word' id='word_1_90' title='bbox 1551 944 1629 1003; x_wconf 84' lang='grc' dir='ltr'><strong>τὴν</strong></span> 
     </span>
     <span class='ocr_line' id='line_1_12' title="bbox 131 1009 895 1067; baseline 0 -13"><span class='ocrx_word' id='word_1_91' title='bbox 131 1011 330 1066; x_wconf 82' lang='grc' dir='ltr'><strong><em>Φοινίκην</em></strong></span> <span class='ocrx_word' id='word_1_92' title='bbox 354 1009 667 1067; x_wconf 74' lang='grc' dir='ltr'><strong><em>κατεστρέψατο</em></strong></span> <span class='ocrx_word' id='word_1_93' title='bbox 687 1011 895 1064; x_wconf 78' lang='grc' dir='ltr'><strong><em>πολέμοις.</em></strong></span> 
     </span>
    </p>

    <p class='ocr_par' dir='ltr' id='par_1_3' title="bbox 126 1075 1782 1278">
     <span class='ocr_line' id='line_1_13' title="bbox 230 1075 1628 1140; baseline 0.004 -17"><span class='ocrx_word' id='word_1_94' title='bbox 230 1077 627 1138; x_wconf 86' lang='grc' dir='ltr'><strong><em>Ναβουχοδονόσωρ</em></strong></span> <span class='ocrx_word' id='word_1_95' title='bbox 647 1079 722 1123; x_wconf 82' lang='grc' dir='ltr'><strong>τὸν</strong></span> <span class='ocrx_word' id='word_1_96' title='bbox 736 1079 925 1135; x_wconf 79' lang='grc' dir='ltr'><strong><em>Ἰωακεὶμ</em></strong></span> <span class='ocrx_word' id='word_1_97' title='bbox 945 1075 1255 1138; x_wconf 78' lang='grc' dir='ltr'><strong><em>χειρωσάμενος</em></strong></span> <span class='ocrx_word' id='word_1_98' title='bbox 1273 1077 1331 1124; x_wconf 80' lang='grc' dir='ltr'><strong><em>ια’</em></strong></span> <span class='ocrx_word' id='word_1_99' title='bbox 1354 1078 1432 1126; x_wconf 62' lang='grc' dir='ltr'><strong><em>ἔτει</em></strong></span> <span class='ocrx_word' id='word_1_100' title='bbox 1451 1086 1529 1140; x_wconf 82' lang='grc' dir='ltr'><strong>τῆς</strong></span> <span class='ocrx_word' id='word_1_101' title='bbox 1542 1087 1628 1139; x_wconf 87' lang='grc' dir='ltr'><strong><em>βα·-</em></strong></span> 
     </span>
     <span class='ocr_line' id='line_1_14' title="bbox 126 1147 1782 1212; baseline 0.001 -18"><span class='ocrx_word' id='word_1_102' title='bbox 126 1147 282 1200; x_wconf 82' lang='grc' dir='ltr'><strong><em>σιλείας</em></strong></span> <span class='ocrx_word' id='word_1_103' title='bbox 298 1149 429 1193; x_wconf 78' lang='grc' dir='ltr'><strong><em>αὐτοῦ</em></strong></span> <span class='ocrx_word' id='word_1_104' title='bbox 448 1149 663 1209; x_wconf 81' lang='grc' dir='ltr'><strong><em>ἀρχομένῳ</em></strong></span> <span class='ocrx_word' id='word_1_105' title='bbox 687 1149 765 1194; x_wconf 77' lang='grc' dir='ltr'><strong><em>σὺν</em></strong></span> <span class='ocrx_word' id='word_1_106' title='bbox 784 1153 954 1201; x_wconf 81' lang='grc' dir='ltr'><strong><em>πολλοῖς</em></strong></span> <span class='ocrx_word' id='word_1_107' title='bbox 976 1154 1060 1194; x_wconf 84' lang='grc' dir='ltr'><strong>τῶν</strong></span> <span class='ocrx_word' id='word_1_108' title='bbox 1075 1149 1292 1195; x_wconf 78' lang='grc' dir='ltr'><strong><em>Ἰουδαίων</em></strong></span> <span class='ocrx_word' id='word_1_109' title='bbox 1309 1153 1379 1195; x_wconf 80' lang='grc' dir='ltr'><strong><em>καὶ</em></strong></span> <span class='ocrx_word' id='word_1_110' title='bbox 1399 1157 1484 1196; x_wconf 85' lang='grc' dir='ltr'><strong>τῶν</strong></span> <span class='ocrx_word' id='word_1_111' title='bbox 1502 1153 1625 1212; x_wconf 76' lang='grc' dir='ltr'><strong><em>ἱερῶν</em></strong></span> <span class='ocrx_word' id='word_1_112' title='bbox 1648 1160 1688 1195; x_wconf 86' lang='grc' dir='ltr'><strong>Ρ.</strong></span> <span class='ocrx_word' id='word_1_113' title='bbox 1711 1159 1782 1196; x_wconf 73' lang='lat'><strong>222</strong></span> 
     </span>
     <span class='ocr_line' id='line_1_15' title="bbox 127 1217 1628 1278; baseline 0.003 -15"><span class='ocrx_word' id='word_1_114' title='bbox 127 1224 287 1264; x_wconf 84' lang='grc' dir='ltr'><strong><em>σκευῶν</em></strong></span> <span class='ocrx_word' id='word_1_115' title='bbox 319 1217 587 1276; x_wconf 79' lang='grc' dir='ltr'><strong><em>αἰχμάλωτον</em></strong></span> <span class='ocrx_word' id='word_1_116' title='bbox 622 1222 681 1271; x_wconf 77' lang='grc' dir='ltr'><strong>εἷς</strong></span> <span class='ocrx_word' id='word_1_117' title='bbox 712 1222 954 1276; x_wconf 86' lang='grc' dir='ltr'><strong><em>Βαβυλῶνα</em></strong></span> <span class='ocrx_word' id='word_1_118' title='bbox 981 1218 1191 1278; x_wconf 77' lang='grc' dir='ltr'><strong><em>ἀπήγαγε,</em></strong></span> <span class='ocrx_word' id='word_1_119' title='bbox 1230 1218 1366 1278; x_wconf 84' lang='grc' dir='ltr'><strong><em>δήσας</em></strong></span> <span class='ocrx_word' id='word_1_120' title='bbox 1392 1222 1521 1268; x_wconf 73' lang='grc' dir='ltr'><strong><em>αὐτὸν</em></strong></span> <span class='ocrx_word' id='word_1_121' title='bbox 1552 1224 1628 1267; x_wconf 76' lang='grc' dir='ltr'><strong>πέ-</strong></span> 
     </span>
    </p>

    <p class='ocr_par' dir='ltr' id='par_1_4' title="bbox 72 1288 1627 1629">
     <span class='ocr_line' id='line_1_16' title="bbox 72 1288 1627 1352; baseline 0.005 -22"><span class='ocrx_word' id='word_1_122' title='bbox 72 1294 117 1330; x_wconf 85' lang='grc'><strong>15</strong></span> <span class='ocrx_word' id='word_1_123' title='bbox 129 1291 224 1341; x_wconf 88' lang='grc' dir='ltr'><strong><em>δαις</em></strong></span> <span class='ocrx_word' id='word_1_124' title='bbox 244 1294 443 1347; x_wconf 84' lang='grc' dir='ltr'><strong><em>χαλκαῖς,</em></strong></span> <span class='ocrx_word' id='word_1_125' title='bbox 482 1288 540 1341; x_wconf 85' lang='grc' dir='ltr'><strong><em>ὥς</em></strong></span> <span class='ocrx_word' id='word_1_126' title='bbox 573 1290 616 1334; x_wconf 76' lang='grc' dir='ltr'><strong><em>ἐν</em></strong></span> <span class='ocrx_word' id='word_1_127' title='bbox 645 1294 705 1349; x_wconf 76' lang='grc' dir='ltr'><strong>τῷ</strong></span> <span class='ocrx_word' id='word_1_128' title='bbox 741 1290 920 1350; x_wconf 85' lang='grc' dir='ltr'><strong><em>δευτέρῳ</em></strong></span> <span class='ocrx_word' id='word_1_129' title='bbox 952 1295 1037 1335; x_wconf 83' lang='grc' dir='ltr'><strong>τῶν</strong></span> <span class='ocrx_word' id='word_1_130' title='bbox 1066 1292 1453 1348; x_wconf 85' lang='grc' dir='ltr'><strong><em>Παραλειπομένων</em></strong></span> <span class='ocrx_word' id='word_1_131' title='bbox 1478 1292 1627 1352; x_wconf 77' lang='grc' dir='ltr'><strong><em>γέγρα-</em></strong></span> 
     </span>
     <span class='ocr_line' id='line_1_17' title="bbox 127 1359 1627 1417; baseline 0.003 -14"><span class='ocrx_word' id='word_1_132' title='bbox 127 1377 241 1404; x_wconf 86' lang='grc' dir='ltr'><strong><em>πται.</em></strong></span> <span class='ocrx_word' id='word_1_133' title='bbox 278 1360 352 1404; x_wconf 78' lang='grc' dir='ltr'><strong>τὸν</strong></span> <span class='ocrx_word' id='word_1_134' title='bbox 373 1359 616 1417; x_wconf 77' lang='grc' dir='ltr'><strong><em>δὲἸωαχεὶμ</em></strong></span> <span class='ocrx_word' id='word_1_135' title='bbox 639 1360 729 1404; x_wconf 77' lang='grc' dir='ltr'><strong><em>υἱὸν</em></strong></span> <span class='ocrx_word' id='word_1_136' title='bbox 751 1360 897 1415; x_wconf 72' lang='grc' dir='ltr'><strong><em>αὐτοῦ,</em></strong></span> <span class='ocrx_word' id='word_1_137' title='bbox 923 1361 998 1406; x_wconf 84' lang='grc' dir='ltr'><strong>τὸν</strong></span> <span class='ocrx_word' id='word_1_138' title='bbox 1009 1362 1078 1405; x_wconf 79' lang='grc' dir='ltr'><strong><em>καὶ</em></strong></span> <span class='ocrx_word' id='word_1_139' title='bbox 1097 1360 1306 1416; x_wconf 83' lang='grc' dir='ltr'><strong><em>Ἰεχονίαν,</em></strong></span> <span class='ocrx_word' id='word_1_140' title='bbox 1327 1364 1460 1406; x_wconf 81' lang='grc' dir='ltr'><strong><em>παῖδα</em></strong></span> <span class='ocrx_word' id='word_1_141' title='bbox 1479 1363 1627 1407; x_wconf 80' lang='grc' dir='ltr'><strong><em>ὀκταέ-</em></strong></span> 
     </span>
     <span class='ocr_line' id='line_1_18' title="bbox 125 1428 1626 1490; baseline 0.002 -16"><span class='ocrx_word' id='word_1_142' title='bbox 125 1447 179 1487; x_wconf 86' lang='grc' dir='ltr'><strong>τη</strong></span> <span class='ocrx_word' id='word_1_143' title='bbox 200 1428 469 1487; x_wconf 80' lang='grc' dir='ltr'><strong><em>καταστήσας</em></strong></span> <span class='ocrx_word' id='word_1_144' title='bbox 486 1431 662 1486; x_wconf 77' lang='grc' dir='ltr'><strong><em>βασιλέα</em></strong></span> <span class='ocrx_word' id='word_1_145' title='bbox 682 1428 902 1489; x_wconf 80' lang='grc' dir='ltr'><strong><em>ὖπόφορον</em></strong></span> <span class='ocrx_word' id='word_1_146' title='bbox 917 1430 1025 1487; x_wconf 83' lang='grc' dir='ltr'><strong><em>μετὰ</em></strong></span> <span class='ocrx_word' id='word_1_147' title='bbox 1040 1438 1149 1489; x_wconf 78' lang='grc' dir='ltr'><strong><em>τρεῖς</em></strong></span> <span class='ocrx_word' id='word_1_148' title='bbox 1163 1435 1302 1487; x_wconf 80' lang='grc' dir='ltr'><strong><em>μῆνας</em></strong></span> <span class='ocrx_word' id='word_1_149' title='bbox 1318 1433 1387 1474; x_wconf 79' lang='grc' dir='ltr'><strong><em>καὶ</em></strong></span> <span class='ocrx_word' id='word_1_150' title='bbox 1404 1433 1503 1476; x_wconf 81' lang='grc' dir='ltr'><strong><em>δέκα</em></strong></span> <span class='ocrx_word' id='word_1_151' title='bbox 1522 1431 1626 1490; x_wconf 78' lang='grc' dir='ltr'><strong><em>ἦμέ-</em></strong></span> 
     </span>
     <span class='ocr_line' id='line_1_19' title="bbox 127 1499 1627 1561; baseline 0.003 -18"><span class='ocrx_word' id='word_1_152' title='bbox 127 1517 228 1558; x_wconf 89' lang='grc' dir='ltr'><strong><em>ρας,</em></strong></span> <span class='ocrx_word' id='word_1_153' title='bbox 266 1499 392 1544; x_wconf 83' lang='grc' dir='ltr'><strong><em>πάλιν</em></strong></span> <span class='ocrx_word' id='word_1_154' title='bbox 420 1501 608 1545; x_wconf 73' lang='grc' dir='ltr'><strong><em>ἐπελθὼν</em></strong></span> <span class='ocrx_word' id='word_1_155' title='bbox 628 1505 679 1559; x_wconf 87' lang='grc' dir='ltr'><strong>τῇ</strong></span> <span class='ocrx_word' id='word_1_156' title='bbox 704 1500 889 1561; x_wconf 72' lang='grc' dir='ltr'><strong><em>Ἰουδαία</em></strong></span> <span class='ocrx_word' id='word_1_157' title='bbox 913 1500 1022 1544; x_wconf 81' lang='grc' dir='ltr'><strong><em>κατὰ</em></strong></span> <span class='ocrx_word' id='word_1_158' title='bbox 1045 1500 1092 1545; x_wconf 80' lang='grc' dir='ltr'><strong>τὸ</strong></span> <span class='ocrx_word' id='word_1_159' title='bbox 1114 1500 1219 1544; x_wconf 78' lang='grc' dir='ltr'><strong><em>αὐτὸ</em></strong></span> <span class='ocrx_word' id='word_1_160' title='bbox 1244 1500 1335 1551; x_wconf 67' lang='grc' dir='ltr'><strong><em>ἔτος</em></strong></span> <span class='ocrx_word' id='word_1_161' title='bbox 1356 1499 1627 1561; x_wconf 76' lang='grc' dir='ltr'><strong><em>ἐπολιόρκησε</em></strong></span> 
     </span>
     <span class='ocr_line' id='line_1_20' title="bbox 126 1568 1626 1629; baseline 0.003 -16"><span class='ocrx_word' id='word_1_162' title='bbox 126 1569 204 1626; x_wconf 75' lang='grc' dir='ltr'><strong>τὴν</strong></span> <span class='ocrx_word' id='word_1_163' title='bbox 230 1568 524 1628; x_wconf 75' lang='grc' dir='ltr'><strong><em>Ἰερουσαλήμ·</em></strong></span> <span class='ocrx_word' id='word_1_164' title='bbox 562 1570 666 1629; x_wconf 82' lang='grc' dir='ltr'><strong><em>πρὸς</em></strong></span> <span class='ocrx_word' id='word_1_165' title='bbox 689 1569 735 1614; x_wconf 80' lang='grc' dir='ltr'><strong><em>ὃν</em></strong></span> <span class='ocrx_word' id='word_1_166' title='bbox 755 1571 932 1626; x_wconf 70' lang='grc' dir='ltr'><strong><em>ἐξῆλθεν</em></strong></span> <span class='ocrx_word' id='word_1_167' title='bbox 946 1570 1135 1626; x_wconf 83' lang='grc' dir='ltr'><strong><em>Ἱωαχεὶμ</em></strong></span> <span class='ocrx_word' id='word_1_168' title='bbox 1163 1572 1233 1613; x_wconf 85' lang='grc' dir='ltr'><strong><em>καὶ</em></strong></span> <span class='ocrx_word' id='word_1_169' title='bbox 1261 1571 1301 1614; x_wconf 79' lang='grc' dir='ltr'><strong>οἱ</strong></span> <span class='ocrx_word' id='word_1_170' title='bbox 1324 1573 1470 1623; x_wconf 79' lang='grc' dir='ltr'><strong><em>παῖδες</em></strong></span> <span class='ocrx_word' id='word_1_171' title='bbox 1491 1572 1626 1617; x_wconf 76' lang='grc' dir='ltr'><strong><em>αὐτοῦ</em></strong></span> 
     </span>
    </p>

    <p class='ocr_par' dir='ltr' id='par_1_5' title="bbox 68 1638 1627 1838">
     <span class='ocr_line' id='line_1_21' title="bbox 68 1638 1626 1699; baseline 0.004 -18"><span class='ocrx_word' id='word_1_172' title='bbox 68 1645 117 1680; x_wconf 76' lang='grc'><strong>20</strong></span> <span class='ocrx_word' id='word_1_173' title='bbox 129 1642 199 1683; x_wconf 83' lang='grc' dir='ltr'><strong><em>καὶ</em></strong></span> <span class='ocrx_word' id='word_1_174' title='bbox 227 1638 254 1696; x_wconf 79' lang='grc' dir='ltr'>ἡ</span> <span class='ocrx_word' id='word_1_175' title='bbox 279 1639 420 1698; x_wconf 78' lang='grc' dir='ltr'><strong><em>μήτηρ</em></strong></span> <span class='ocrx_word' id='word_1_176' title='bbox 445 1640 576 1684; x_wconf 79' lang='grc' dir='ltr'><strong><em>αὐτοῦ</em></strong></span> <span class='ocrx_word' id='word_1_177' title='bbox 608 1640 686 1684; x_wconf 76' lang='grc' dir='ltr'><strong><em>σὺν</em></strong></span> <span class='ocrx_word' id='word_1_178' title='bbox 718 1640 832 1699; x_wconf 74' lang='grc' dir='ltr'><strong><em>αὐτῷ</em></strong></span> <span class='ocrx_word' id='word_1_179' title='bbox 866 1642 935 1684; x_wconf 82' lang='grc' dir='ltr'><strong><em>καὶ</em></strong></span> <span class='ocrx_word' id='word_1_180' title='bbox 966 1641 1006 1684; x_wconf 81' lang='grc' dir='ltr'><strong>οἱ</strong></span> <span class='ocrx_word' id='word_1_181' title='bbox 1034 1639 1232 1698; x_wconf 73' lang='grc' dir='ltr'><strong><em>ἄρχοντες</em></strong></span> <span class='ocrx_word' id='word_1_182' title='bbox 1266 1642 1335 1683; x_wconf 79' lang='grc' dir='ltr'><strong><em>καὶ</em></strong></span> <span class='ocrx_word' id='word_1_183' title='bbox 1365 1641 1406 1684; x_wconf 79' lang='grc' dir='ltr'><strong>οἳ</strong></span> <span class='ocrx_word' id='word_1_184' title='bbox 1438 1642 1626 1699; x_wconf 77' lang='grc' dir='ltr'><strong><em>εὐνοῦχοι</em></strong></span> 
     </span>
     <span class='ocr_line' id='line_1_22' title="bbox 127 1706 1626 1770; baseline 0.001 -16"><span class='ocrx_word' id='word_1_185' title='bbox 127 1709 275 1754; x_wconf 78' lang='grc' dir='ltr'><strong><em>αὐτοῦ.</em></strong></span> <span class='ocrx_word' id='word_1_186' title='bbox 322 1712 391 1754; x_wconf 82' lang='grc' dir='ltr'><strong><em>καὶ</em></strong></span> <span class='ocrx_word' id='word_1_187' title='bbox 418 1709 567 1765; x_wconf 68' lang='grc' dir='ltr'><strong><em>ἔλαβεν</em></strong></span> <span class='ocrx_word' id='word_1_188' title='bbox 600 1709 755 1761; x_wconf 76' lang='grc' dir='ltr'><strong><em>αὐτοῦς</em></strong></span> <span class='ocrx_word' id='word_1_189' title='bbox 778 1710 976 1764; x_wconf 72' lang='grc' dir='ltr'><strong><em>βασιλεῦς</em></strong></span> <span class='ocrx_word' id='word_1_190' title='bbox 1002 1706 1262 1765; x_wconf 79' lang='grc' dir='ltr'><strong><em>Βαβυλῶνος</em></strong></span> <span class='ocrx_word' id='word_1_191' title='bbox 1292 1711 1335 1754; x_wconf 77' lang='grc' dir='ltr'><strong><em>ἓν</em></strong></span> <span class='ocrx_word' id='word_1_192' title='bbox 1367 1709 1446 1754; x_wconf 75' lang='grc' dir='ltr'><strong><em>ἕτει</em></strong></span> <span class='ocrx_word' id='word_1_193' title='bbox 1477 1710 1519 1769; x_wconf 88' lang='grc' dir='ltr'><strong>η’</strong></span> <span class='ocrx_word' id='word_1_194' title='bbox 1549 1717 1626 1770; x_wconf 86' lang='grc' dir='ltr'><strong>τῆς</strong></span> 
     </span>
     <span class='ocr_line' id='line_1_23' title="bbox 122 1778 1627 1838; baseline 0.003 -15"><span class='ocrx_word' id='word_1_195' title='bbox 122 1781 340 1837; x_wconf 82' lang='grc' dir='ltr'><strong><em>βασιλείας</em></strong></span> <span class='ocrx_word' id='word_1_196' title='bbox 361 1779 493 1824; x_wconf 77' lang='grc' dir='ltr'><strong><em>αὐτοῦ</em></strong></span> <span class='ocrx_word' id='word_1_197' title='bbox 501 1814 517 1835; x_wconf 91' lang='grc'><strong><em>,</em></strong></span> <span class='ocrx_word' id='word_1_198' title='bbox 556 1782 624 1824; x_wconf 78' lang='grc' dir='ltr'><strong><em>καὶ</em></strong></span> <span class='ocrx_word' id='word_1_199' title='bbox 642 1782 838 1837; x_wconf 73' lang='grc' dir='ltr'><strong><em>εἰσῆλθεν</em></strong></span> <span class='ocrx_word' id='word_1_200' title='bbox 858 1783 914 1831; x_wconf 80' lang='grc' dir='ltr'><strong>εἰς</strong></span> <span class='ocrx_word' id='word_1_201' title='bbox 933 1780 1011 1837; x_wconf 83' lang='grc' dir='ltr'><strong>τὴν</strong></span> <span class='ocrx_word' id='word_1_202' title='bbox 1032 1779 1152 1824; x_wconf 87' lang='grc' dir='ltr'><strong><em>πόλιν</em></strong></span> <span class='ocrx_word' id='word_1_203' title='bbox 1170 1781 1239 1824; x_wconf 83' lang='grc' dir='ltr'><strong><em>καὶ</em></strong></span> <span class='ocrx_word' id='word_1_204' title='bbox 1258 1778 1439 1838; x_wconf 72' lang='grc' dir='ltr'><strong><em>ἐξήνεγκε</em></strong></span> <span class='ocrx_word' id='word_1_205' title='bbox 1462 1779 1627 1835; x_wconf 80' lang='grc' dir='ltr'><strong><em>πάντας</em></strong></span> 
     </span>
    </p>
   </div>
   <div class='ocr_carea' id='block_1_3' title="bbox 216 1886 1662 2127">
    <p class='ocr_par' dir='ltr' id='par_1_6' title="bbox 216 1886 1662 2127">
     <span class='ocr_line' id='line_1_24' title="bbox 220 1886 1662 1940; baseline 0.001 -12"><span class='ocrx_word' id='word_1_206' title='bbox 220 1893 256 1928; x_wconf 93' lang='grc'><strong>1.</strong></span> <span class='ocrx_word' id='word_1_207' title='bbox 288 1888 433 1937; x_wconf 79' lang='grc' dir='ltr'><strong><em>ἇμαίου</em></strong></span> <span class='ocrx_word' id='word_1_208' title='bbox 456 1892 499 1927; x_wconf 88' lang='grc' dir='ltr'><strong>Β.</strong></span> <span class='ocrx_word' id='word_1_209' title='bbox 619 1892 655 1928; x_wconf 84' lang='grc'><strong>3.</strong></span> <span class='ocrx_word' id='word_1_210' title='bbox 686 1889 993 1940; x_wconf 76' lang='grc' dir='ltr'><strong><em>προδεδήλωται]</em></strong></span> <span class='ocrx_word' id='word_1_211' title='bbox 1019 1892 1060 1929; x_wconf 85' lang='grc' dir='ltr'><strong>Ρ.</strong></span> <span class='ocrx_word' id='word_1_212' title='bbox 1080 1892 1152 1929; x_wconf 77' lang='grc'><strong>217</strong></span> <span class='ocrx_word' id='word_1_213' title='bbox 1172 1891 1206 1926; x_wconf 90' lang='lat' dir='ltr'><strong>b.</strong></span> <span class='ocrx_word' id='word_1_214' title='bbox 1323 1890 1360 1927; x_wconf 83' lang='lat'><strong>4.</strong></span> <span class='ocrx_word' id='word_1_215' title='bbox 1397 1887 1449 1938; x_wconf 80' lang='grc' dir='ltr'><strong>ιγ’</strong></span> <span class='ocrx_word' id='word_1_216' title='bbox 1468 1892 1514 1928; x_wconf 93' lang='grc' dir='ltr'><strong>Β.</strong></span> <span class='ocrx_word' id='word_1_217' title='bbox 1538 1894 1623 1939; x_wconf 87' lang='grc' dir='ltr'><strong><em>τρί-</em></strong></span> <span class='ocrx_word' id='word_1_218' title='bbox 1660 1886 1662 1890; x_wconf 47' lang='grc'>’</span> 
     </span>
     <span class='ocr_line' id='line_1_25' title="bbox 216 1936 1623 1989; baseline 0.001 -13"><span class='ocrx_word' id='word_1_219' title='bbox 216 1952 287 1976; x_wconf 81' lang='grc' dir='ltr'><strong>του</strong></span> <span class='ocrx_word' id='word_1_220' title='bbox 312 1940 361 1973; x_wconf 84' lang='lat' dir='ltr'><strong>G.</strong></span> <span class='ocrx_word' id='word_1_221' title='bbox 470 1941 505 1976; x_wconf 88' lang='grc'><strong>6.</strong></span> <span class='ocrx_word' id='word_1_222' title='bbox 530 1936 782 1985; x_wconf 77' lang='grc' dir='ltr'><strong><em>ἅλκημότερον</em></strong></span> <span class='ocrx_word' id='word_1_223' title='bbox 804 1939 848 1974; x_wconf 89' lang='grc' dir='ltr'><strong>Β.</strong></span> <span class='ocrx_word' id='word_1_224' title='bbox 954 1941 989 1976; x_wconf 87' lang='grc'><strong>7.</strong></span> <span class='ocrx_word' id='word_1_225' title='bbox 1013 1938 1055 1977; x_wconf 81' lang='grc' dir='ltr'><strong>τὸ</strong></span> <span class='ocrx_word' id='word_1_226' title='bbox 1072 1942 1246 1976; x_wconf 77' lang='grc' dir='ltr'><strong><em>πλεῖστον</em></strong></span> <span class='ocrx_word' id='word_1_227' title='bbox 1262 1938 1304 1973; x_wconf 93' lang='grc' dir='ltr'><strong>Β.</strong></span> <span class='ocrx_word' id='word_1_228' title='bbox 1328 1939 1383 1986; x_wconf 81' lang='grc' dir='ltr'><strong>τῷ</strong></span> <span class='ocrx_word' id='word_1_229' title='bbox 1396 1941 1556 1989; x_wconf 78' lang='grc' dir='ltr'><strong><em>πλείστῳ</em></strong></span> <span class='ocrx_word' id='word_1_230' title='bbox 1573 1942 1623 1978; x_wconf 89' lang='lat' dir='ltr'><strong>G.</strong></span> 
     </span>
     <span class='ocr_line' id='line_1_26' title="bbox 299 1984 1517 2033; baseline 0.002 -11"><span class='ocrx_word' id='word_1_231' title='bbox 299 1988 356 2023; x_wconf 79' lang='lat'><strong>12.</strong></span> <span class='ocrx_word' id='word_1_232' title='bbox 379 1984 642 2033; x_wconf 80' lang='grc' dir='ltr'><strong><em>χειρησᾰμενος</em></strong></span> <span class='ocrx_word' id='word_1_233' title='bbox 661 1987 703 2022; x_wconf 90' lang='grc' dir='ltr'><strong>Β.</strong></span> <span class='ocrx_word' id='word_1_234' title='bbox 830 1985 919 2031; x_wconf 80' lang='grc' dir='ltr'><strong><em>ἔτει]</em></strong></span> <span class='ocrx_word' id='word_1_235' title='bbox 945 1984 1009 2033; x_wconf 78' lang='grc' dir='ltr'><strong>ἔτη</strong></span> <span class='ocrx_word' id='word_1_236' title='bbox 1032 1986 1075 2021; x_wconf 77' lang='grc' dir='ltr'><strong>Α.</strong></span> <span class='ocrx_word' id='word_1_237' title='bbox 1199 1986 1257 2022; x_wconf 91' lang='grc'><strong>15.</strong></span> <span class='ocrx_word' id='word_1_238' title='bbox 1281 1985 1358 2021; x_wconf 76' lang='grc' dir='ltr'><strong><em>τοῖν</em></strong></span> <span class='ocrx_word' id='word_1_239' title='bbox 1380 1998 1446 2022; x_wconf 88' lang='lat' dir='ltr'><strong>om.</strong></span> <span class='ocrx_word' id='word_1_240' title='bbox 1473 1987 1517 2024; x_wconf 92' lang='grc' dir='ltr'><strong>Β.</strong></span> 
     </span>
     <span class='ocr_line' id='line_1_27' title="bbox 217 2031 1623 2117; baseline 0.001 -47"><span class='ocrx_word' id='word_1_241' title='bbox 217 2035 279 2116; x_wconf 57' lang='grc' dir='ltr'><strong>ΞΟ.</strong></span> <span class='ocrx_word' id='word_1_242' title='bbox 302 2033 380 2116; x_wconf 44' lang='lat' dir='ltr'><strong>aff}</strong></span> <span class='ocrx_word' id='word_1_243' title='bbox 394 2031 660 2117; x_wconf 66' lang='grc' dir='ltr'><strong><em>οὶ4εὕνοιῒχοι]</em></strong></span> <span class='ocrx_word' id='word_1_244' title='bbox 693 2033 758 2071; x_wconf 80' lang='grc' dir='ltr'><strong><em>καὶ</em></strong></span> <span class='ocrx_word' id='word_1_245' title='bbox 786 2032 826 2070; x_wconf 74' lang='grc' dir='ltr'><strong>οἱ</strong></span> <span class='ocrx_word' id='word_1_246' title='bbox 849 2033 971 2070; x_wconf 82' lang='lat' dir='ltr'><strong>addidi</strong></span> <span class='ocrx_word' id='word_1_247' title='bbox 987 2045 1032 2070; x_wconf 83' lang='lat' dir='ltr'><strong>ex</strong></span> <span class='ocrx_word' id='word_1_248' title='bbox 1051 2034 1094 2069; x_wconf 89' lang='grc' dir='ltr'><strong>Β.</strong></span> <span class='ocrx_word' id='word_1_249' title='bbox 1119 2031 1159 2071; x_wconf 75' lang='grc' dir='ltr'><strong>οἳ</strong></span> <span class='ocrx_word' id='word_1_250' title='bbox 1186 2033 1295 2069; x_wconf 82' lang='lat' dir='ltr'><strong>habet</strong></span> <span class='ocrx_word' id='word_1_251' title='bbox 1323 2033 1428 2069; x_wconf 86' lang='lat' dir='ltr'><strong>etiam</strong></span> <span class='ocrx_word' id='word_1_252' title='bbox 1454 2035 1497 2071; x_wconf 78' lang='lat' dir='ltr'><strong>A.</strong></span> <span class='ocrx_word' id='word_1_253' title='bbox 1532 2034 1623 2071; x_wconf 80' lang='lat' dir='ltr'><strong>Vide</strong></span> 
     </span>
     <span class='ocr_line' id='line_1_28' title="bbox 253 2083 557 2127; baseline 0.003 -11"><span class='ocrx_word' id='word_1_254' title='bbox 253 2092 308 2127; x_wconf 75' lang='lat' dir='ltr'><strong>eg·</strong></span> <span class='ocrx_word' id='word_1_255' title='bbox 381 2108 390 2118; x_wconf 80' lang='grc' dir='ltr'>ι</span> <span class='ocrx_word' id='word_1_256' title='bbox 415 2083 439 2118; x_wconf 72' lang='grc'>2</span> <span class='ocrx_word' id='word_1_257' title='bbox 465 2106 475 2125; x_wconf 72' lang='lat'><em>2</em></span> <span class='ocrx_word' id='word_1_258' title='bbox 501 2083 557 2119; x_wconf 71' lang='lat'><strong>12·</strong></span> 
     </span>
    </p>
   </div>
   <div class='ocr_carea' id='block_1_4' title="bbox 121 2172 1621 2975">
    <p class='ocr_par' dir='ltr' id='par_1_7' title="bbox 122 2172 1621 2313">
     <span class='ocr_line' id='line_1_29' title="bbox 123 2172 1621 2221; baseline -0.001 -11"><span class='ocrx_word' id='word_1_259' title='bbox 123 2177 195 2211; x_wconf 87' lang='lat' dir='ltr'><strong>tem</strong></span> <span class='ocrx_word' id='word_1_260' title='bbox 213 2174 251 2210; x_wconf 91' lang='lat' dir='ltr'><strong>in</strong></span> <span class='ocrx_word' id='word_1_261' title='bbox 273 2175 469 2221; x_wconf 83' lang='lat' dir='ltr'><strong>Aegyptum</strong></span> <span class='ocrx_word' id='word_1_262' title='bbox 491 2187 533 2210; x_wconf 86' lang='lat' dir='ltr'><strong>ac</strong></span> <span class='ocrx_word' id='word_1_263' title='bbox 560 2173 641 2210; x_wconf 87' lang='lat' dir='ltr'><strong>inde</strong></span> <span class='ocrx_word' id='word_1_264' title='bbox 663 2177 862 2210; x_wconf 88' lang='lat' dir='ltr'><strong>revocatum</strong></span> <span class='ocrx_word' id='word_1_265' title='bbox 885 2172 1066 2209; x_wconf 77' lang='lat' dir='ltr'><strong>interfecit</strong></span> <span class='ocrx_word' id='word_1_266' title='bbox 1090 2172 1246 2219; x_wconf 84' lang='lat' dir='ltr'><strong>Ioacim)</strong></span> <span class='ocrx_word' id='word_1_267' title='bbox 1273 2177 1310 2210; x_wconf 88' lang='lat' dir='ltr'><strong>et</strong></span> <span class='ocrx_word' id='word_1_268' title='bbox 1332 2173 1530 2209; x_wconf 79' lang='lat' dir='ltr'><strong>Hieremias</strong></span> <span class='ocrx_word' id='word_1_269' title='bbox 1555 2185 1621 2220; x_wconf 89' lang='lat' dir='ltr'><strong>pa·</strong></span> 
     </span>
     <span class='ocr_line' id='line_1_30' title="bbox 124 2220 1621 2268; baseline -0.001 -11"><span class='ocrx_word' id='word_1_270' title='bbox 124 2223 213 2257; x_wconf 84' lang='lat' dir='ltr'><strong>riter</strong></span> <span class='ocrx_word' id='word_1_271' title='bbox 236 2222 414 2257; x_wconf 85' lang='lat' dir='ltr'><strong>vaticiniis</strong></span> <span class='ocrx_word' id='word_1_272' title='bbox 427 2247 437 2264; x_wconf 92' lang='lat'>‚</span> <span class='ocrx_word' id='word_1_273' title='bbox 469 2226 509 2257; x_wconf 91' lang='lat' dir='ltr'><strong>ut</strong></span> <span class='ocrx_word' id='word_1_274' title='bbox 526 2222 744 2257; x_wconf 86' lang='lat' dir='ltr'><strong>manifestum</strong></span> <span class='ocrx_word' id='word_1_275' title='bbox 760 2227 816 2257; x_wconf 84' lang='lat' dir='ltr'><strong>est</strong></span> <span class='ocrx_word' id='word_1_276' title='bbox 832 2221 1015 2268; x_wconf 82' lang='lat' dir='ltr'><strong>superius,</strong></span> <span class='ocrx_word' id='word_1_277' title='bbox 1040 2232 1062 2256; x_wconf 83' lang='lat' dir='ltr'><strong>a</strong></span> <span class='ocrx_word' id='word_1_278' title='bbox 1079 2221 1186 2257; x_wconf 87' lang='lat' dir='ltr'><strong>tertio</strong></span> <span class='ocrx_word' id='word_1_279' title='bbox 1204 2220 1319 2258; x_wconf 66' lang='lat' dir='ltr'><strong>Ioniae</strong></span> <span class='ocrx_word' id='word_1_280' title='bbox 1341 2232 1432 2256; x_wconf 83' lang='lat' dir='ltr'><strong>anno</strong></span> <span class='ocrx_word' id='word_1_281' title='bbox 1449 2221 1532 2257; x_wconf 87' lang='lat' dir='ltr'><strong>dato</strong></span> <span class='ocrx_word' id='word_1_282' title='bbox 1551 2221 1621 2256; x_wconf 84' lang='lat' dir='ltr'><strong>ini-</strong></span> 
     </span>
     <span class='ocr_line' id='line_1_31' title="bbox 122 2269 481 2313; baseline 0 -9"><span class='ocrx_word' id='word_1_283' title='bbox 122 2269 196 2313; x_wconf 83' lang='lat' dir='ltr'><strong>tio,</strong></span> <span class='ocrx_word' id='word_1_284' title='bbox 245 2270 481 2304; x_wconf 84' lang='lat' dir='ltr'><strong>raedixerant.</strong></span> 
     </span>
    </p>

    <p class='ocr_par' dir='ltr' id='par_1_8' title="bbox 122 2314 1620 2587">
     <span class='ocr_line' id='line_1_32' title="bbox 259 2314 1620 2362; baseline 0 -12"><span class='ocrx_word' id='word_1_285' title='bbox 259 2317 546 2352; x_wconf 81' lang='lat' dir='ltr'><strong>abuchodonosor</strong></span> <span class='ocrx_word' id='word_1_286' title='bbox 560 2315 725 2358; x_wconf 87' lang='lat' dir='ltr'><strong>Hercule,</strong></span> <span class='ocrx_word' id='word_1_287' title='bbox 743 2314 920 2362; x_wconf 80' lang='lat' dir='ltr'><strong>(quamvis</strong></span> <span class='ocrx_word' id='word_1_288' title='bbox 936 2314 1071 2361; x_wconf 79' lang='lat' dir='ltr'><strong>Libyae</strong></span> <span class='ocrx_word' id='word_1_289' title='bbox 1085 2318 1122 2350; x_wconf 82' lang='lat' dir='ltr'><strong>et</strong></span> <span class='ocrx_word' id='word_1_290' title='bbox 1137 2314 1274 2350; x_wconf 84' lang='lat' dir='ltr'><strong>Iberiae</strong></span> <span class='ocrx_word' id='word_1_291' title='bbox 1290 2314 1469 2362; x_wconf 75' lang='lat' dir='ltr'><strong>plurimam</strong></span> <span class='ocrx_word' id='word_1_292' title='bbox 1485 2318 1620 2362; x_wconf 84' lang='lat' dir='ltr'><strong>partem</strong></span> 
     </span>
     <span class='ocr_line' id='line_1_33' title="bbox 124 2362 1618 2409; baseline 0.001 -12"><span class='ocrx_word' id='word_1_293' title='bbox 124 2363 366 2408; x_wconf 78' lang='lat' dir='ltr'><strong>vastaverit),</strong></span> <span class='ocrx_word' id='word_1_294' title='bbox 396 2363 597 2398; x_wconf 87' lang='lat' dir='ltr'><strong>validiorem</strong></span> <span class='ocrx_word' id='word_1_295' title='bbox 627 2363 840 2398; x_wconf 84' lang='lat' dir='ltr'><strong>demonstrat</strong></span> <span class='ocrx_word' id='word_1_296' title='bbox 861 2362 1107 2408; x_wconf 76' lang='lat' dir='ltr'><strong>Megasthenes</strong></span> <span class='ocrx_word' id='word_1_297' title='bbox 1124 2374 1239 2397; x_wconf 85' lang='lat' dir='ltr'><strong>rerum</strong></span> <span class='ocrx_word' id='word_1_298' title='bbox 1257 2362 1456 2398; x_wconf 86' lang='lat' dir='ltr'><strong>Indicarum</strong></span> <span class='ocrx_word' id='word_1_299' title='bbox 1481 2368 1618 2409; x_wconf 80' lang='lat' dir='ltr'><strong>quarte.</strong></span> 
     </span>
     <span class='ocr_line' id='line_1_34' title="bbox 124 2409 1618 2456; baseline -0.001 -11"><span class='ocrx_word' id='word_1_300' title='bbox 124 2409 301 2445; x_wconf 87' lang='lat' dir='ltr'><strong>Concordi</strong></span> <span class='ocrx_word' id='word_1_301' title='bbox 318 2422 405 2445; x_wconf 85' lang='lat' dir='ltr'><strong>voce</strong></span> <span class='ocrx_word' id='word_1_302' title='bbox 421 2410 574 2456; x_wconf 87' lang='lat' dir='ltr'><strong>loquitur</strong></span> <span class='ocrx_word' id='word_1_303' title='bbox 591 2410 822 2445; x_wconf 81' lang='lat' dir='ltr'><strong>Philostratus</strong></span> <span class='ocrx_word' id='word_1_304' title='bbox 838 2409 874 2444; x_wconf 87' lang='lat' dir='ltr'><strong>in</strong></span> <span class='ocrx_word' id='word_1_305' title='bbox 894 2409 1062 2452; x_wconf 83' lang='lat' dir='ltr'><strong>historiis,</strong></span> <span class='ocrx_word' id='word_1_306' title='bbox 1085 2409 1145 2444; x_wconf 86' lang='lat' dir='ltr'><strong>ubi</strong></span> <span class='ocrx_word' id='word_1_307' title='bbox 1166 2410 1211 2444; x_wconf 88' lang='lat' dir='ltr'><strong>de</strong></span> <span class='ocrx_word' id='word_1_308' title='bbox 1230 2409 1418 2455; x_wconf 84' lang='lat' dir='ltr'>Tyriorum</span> <span class='ocrx_word' id='word_1_309' title='bbox 1437 2409 1618 2444; x_wconf 76' lang='lat' dir='ltr'><strong>obsidione</strong></span> 
     </span>
     <span class='ocr_line' id='line_1_35' title="bbox 124 2455 1618 2503; baseline -0.002 -11"><span class='ocrx_word' id='word_1_310' title='bbox 124 2461 163 2492; x_wconf 82' lang='lat' dir='ltr'><strong>et</strong></span> <span class='ocrx_word' id='word_1_311' title='bbox 179 2457 225 2491; x_wconf 85' lang='lat' dir='ltr'><strong>de</strong></span> <span class='ocrx_word' id='word_1_312' title='bbox 239 2456 459 2502; x_wconf 87' lang='lat' dir='ltr'><strong>antiquorum</strong></span> <span class='ocrx_word' id='word_1_313' title='bbox 476 2456 687 2492; x_wconf 87' lang='lat' dir='ltr'><strong>Phoenicum</strong></span> <span class='ocrx_word' id='word_1_314' title='bbox 713 2457 848 2491; x_wconf 85' lang='lat' dir='ltr'><strong>excidio</strong></span> <span class='ocrx_word' id='word_1_315' title='bbox 877 2459 1031 2499; x_wconf 56' lang='lat' dir='ltr'><strong>tractam</strong></span> <span class='ocrx_word' id='word_1_316' title='bbox 1055 2456 1137 2491; x_wconf 86' lang='lat' dir='ltr'><strong>illae</strong></span> <span class='ocrx_word' id='word_1_317' title='bbox 1167 2456 1339 2503; x_wconf 84' lang='lat' dir='ltr'><strong>siquidem</strong></span> <span class='ocrx_word' id='word_1_318' title='bbox 1363 2456 1408 2491; x_wconf 90' lang='lat' dir='ltr'><strong>de</strong></span> <span class='ocrx_word' id='word_1_319' title='bbox 1423 2455 1618 2491; x_wconf 85' lang='lat' dir='ltr'><strong>Nabucho-</strong></span> 
     </span>
     <span class='ocr_line' id='line_1_36' title="bbox 123 2501 1616 2550; baseline -0.002 -12"><span class='ocrx_word' id='word_1_320' title='bbox 123 2504 275 2539; x_wconf 89' lang='lat' dir='ltr'><strong>donosor</strong></span> <span class='ocrx_word' id='word_1_321' title='bbox 293 2508 330 2538; x_wconf 90' lang='lat' dir='ltr'><strong>et</strong></span> <span class='ocrx_word' id='word_1_322' title='bbox 345 2503 389 2538; x_wconf 86' lang='lat' dir='ltr'><strong>de</strong></span> <span class='ocrx_word' id='word_1_323' title='bbox 402 2504 495 2538; x_wconf 83' lang='lat' dir='ltr'><strong>illius</strong></span> <span class='ocrx_word' id='word_1_324' title='bbox 519 2505 556 2538; x_wconf 89' lang='lat' dir='ltr'><strong>in</strong></span> <span class='ocrx_word' id='word_1_325' title='bbox 575 2504 734 2550; x_wconf 83' lang='lat' dir='ltr'>Syriam,</span> <span class='ocrx_word' id='word_1_326' title='bbox 757 2504 954 2550; x_wconf 81' lang='lat' dir='ltr'><strong>Aegyptum</strong></span> <span class='ocrx_word' id='word_1_327' title='bbox 973 2509 1010 2538; x_wconf 84' lang='lat' dir='ltr'><strong>et</strong></span> <span class='ocrx_word' id='word_1_328' title='bbox 1024 2503 1235 2539; x_wconf 84' lang='lat' dir='ltr'><strong>Phoenicem</strong></span> <span class='ocrx_word' id='word_1_329' title='bbox 1261 2503 1361 2540; x_wconf 77' lang='lat' dir='ltr'><strong>bellis</strong></span> <span class='ocrx_word' id='word_1_330' title='bbox 1387 2515 1430 2539; x_wconf 85' lang='lat' dir='ltr'><strong>ac</strong></span> <span class='ocrx_word' id='word_1_331' title='bbox 1456 2501 1616 2538; x_wconf 84' lang='lat' dir='ltr'><strong>victoriis</strong></span> 
     </span>
     <span class='ocr_line' id='line_1_37' title="bbox 122 2551 601 2587; baseline -0.004 0"><span class='ocrx_word' id='word_1_332' title='bbox 122 2551 343 2587; x_wconf 77' lang='lat' dir='ltr'><strong>narrationes</strong></span> <span class='ocrx_word' id='word_1_333' title='bbox 365 2551 601 2586; x_wconf 83' lang='lat' dir='ltr'><strong>instituerunt.</strong></span> 
     </span>
    </p>

    <p class='ocr_par' dir='ltr' id='par_1_9' title="bbox 121 2591 1618 2975">
     <span class='ocr_line' id='line_1_38' title="bbox 216 2591 1618 2643; baseline -0.004 -10"><span class='ocrx_word' id='word_1_334' title='bbox 216 2597 539 2633; x_wconf 83' lang='lat' dir='ltr'><strong>Nabuchodonosor</strong></span> <span class='ocrx_word' id='word_1_335' title='bbox 565 2596 693 2632; x_wconf 88' lang='lat' dir='ltr'><strong>Ioacim</strong></span> <span class='ocrx_word' id='word_1_336' title='bbox 720 2596 823 2643; x_wconf 85' lang='lat' dir='ltr'><strong>regni</strong></span> <span class='ocrx_word' id='word_1_337' title='bbox 849 2595 905 2632; x_wconf 84' lang='lat' dir='ltr'><strong>sui</strong></span> <span class='ocrx_word' id='word_1_338' title='bbox 931 2598 974 2634; x_wconf 92' lang='lat'><strong>11</strong></span> <span class='ocrx_word' id='word_1_339' title='bbox 995 2595 1137 2632; x_wconf 87' lang='lat' dir='ltr'><strong>ineunte</strong></span> <span class='ocrx_word' id='word_1_340' title='bbox 1163 2597 1255 2632; x_wconf 93' lang='lat' dir='ltr'><strong>bello</strong></span> <span class='ocrx_word' id='word_1_341' title='bbox 1275 2595 1388 2642; x_wconf 87' lang='lat' dir='ltr'><strong>cepit,</strong></span> <span class='ocrx_word' id='word_1_342' title='bbox 1413 2598 1539 2630; x_wconf 85' lang='lat' dir='ltr'><strong>etcum</strong></span> <span class='ocrx_word' id='word_1_343' title='bbox 1556 2591 1618 2627; x_wconf 86' lang='lat' dir='ltr'><strong>Iu-</strong></span> 
     </span>
     <span class='ocr_line' id='line_1_39' title="bbox 124 2641 1616 2691; baseline -0.005 -12"><span class='ocrx_word' id='word_1_344' title='bbox 124 2643 289 2680; x_wconf 87' lang='lat' dir='ltr'><strong>daeorum</strong></span> <span class='ocrx_word' id='word_1_345' title='bbox 309 2645 466 2691; x_wconf 83' lang='lat' dir='ltr'><strong>plurimis</strong></span> <span class='ocrx_word' id='word_1_346' title='bbox 489 2655 532 2679; x_wconf 88' lang='lat' dir='ltr'><strong>ac</strong></span> <span class='ocrx_word' id='word_1_347' title='bbox 553 2643 664 2679; x_wconf 82' lang='lat' dir='ltr'><strong>sacris</strong></span> <span class='ocrx_word' id='word_1_348' title='bbox 689 2644 781 2678; x_wconf 81' lang='lat' dir='ltr'><strong>vasis</strong></span> <span class='ocrx_word' id='word_1_349' title='bbox 809 2648 846 2679; x_wconf 81' lang='lat' dir='ltr'><strong>et</strong></span> <span class='ocrx_word' id='word_1_350' title='bbox 862 2644 975 2680; x_wconf 85' lang='lat' dir='ltr'><strong>aereis</strong></span> <span class='ocrx_word' id='word_1_351' title='bbox 995 2644 1217 2690; x_wconf 88' lang='lat' dir='ltr'><strong>compedibus</strong></span> <span class='ocrx_word' id='word_1_352' title='bbox 1234 2643 1388 2678; x_wconf 86' lang='lat' dir='ltr'><strong>vinctum</strong></span> <span class='ocrx_word' id='word_1_353' title='bbox 1405 2641 1616 2686; x_wconf 85' lang='lat' dir='ltr'><strong>Babylonem</strong></span> 
     </span>
     <span class='ocr_line' id='line_1_40' title="bbox 123 2687 1615 2738; baseline -0.005 -12"><span class='ocrx_word' id='word_1_354' title='bbox 123 2693 399 2738; x_wconf 81' lang='lat' dir='ltr'><strong>transportavit,</strong></span> <span class='ocrx_word' id='word_1_355' title='bbox 440 2696 482 2726; x_wconf 91' lang='lat' dir='ltr'><strong>ut</strong></span> <span class='ocrx_word' id='word_1_356' title='bbox 511 2691 548 2725; x_wconf 90' lang='lat' dir='ltr'><strong>in</strong></span> <span class='ocrx_word' id='word_1_357' title='bbox 574 2690 860 2737; x_wconf 86' lang='lat' dir='ltr'><strong>Paralipomenon</strong></span> <span class='ocrx_word' id='word_1_358' title='bbox 889 2693 914 2728; x_wconf 81' lang='lat'>2</span> <span class='ocrx_word' id='word_1_359' title='bbox 942 2691 1111 2738; x_wconf 85' lang='lat' dir='ltr'><strong>scriptum</strong></span> <span class='ocrx_word' id='word_1_360' title='bbox 1141 2691 1296 2736; x_wconf 82' lang='lat' dir='ltr'><strong>legimus.</strong></span> <span class='ocrx_word' id='word_1_361' title='bbox 1350 2687 1500 2723; x_wconf 82' lang='lat' dir='ltr'><strong>Ioachim</strong></span> <span class='ocrx_word' id='word_1_362' title='bbox 1530 2696 1615 2720; x_wconf 86' lang='lat' dir='ltr'><strong>vero</strong></span> 
     </span>
     <span class='ocr_line' id='line_1_41' title="bbox 124 2732 1615 2786; baseline -0.004 -14"><span class='ocrx_word' id='word_1_363' title='bbox 124 2738 231 2773; x_wconf 84' lang='lat' dir='ltr'><strong>filium</strong></span> <span class='ocrx_word' id='word_1_364' title='bbox 249 2739 345 2782; x_wconf 88' lang='lat' dir='ltr'><strong>eius,</strong></span> <span class='ocrx_word' id='word_1_365' title='bbox 368 2738 437 2774; x_wconf 77' lang='lat' dir='ltr'><strong>alio</strong></span> <span class='ocrx_word' id='word_1_366' title='bbox 465 2737 600 2773; x_wconf 89' lang='lat' dir='ltr'><strong>nomine</strong></span> <span class='ocrx_word' id='word_1_367' title='bbox 616 2738 812 2773; x_wconf 85' lang='lat' dir='ltr'><strong>Iechoniam</strong></span> <span class='ocrx_word' id='word_1_368' title='bbox 834 2744 1091 2786; x_wconf 83' lang='lat' dir='ltr'><strong>nuncupatum,</strong></span> <span class='ocrx_word' id='word_1_369' title='bbox 1115 2749 1256 2785; x_wconf 84' lang='lat' dir='ltr'><strong>puerum</strong></span> <span class='ocrx_word' id='word_1_370' title='bbox 1282 2740 1460 2771; x_wconf 85' lang='lat' dir='ltr'><strong>octennem</strong></span> <span class='ocrx_word' id='word_1_371' title='bbox 1483 2732 1615 2767; x_wconf 79' lang='lat' dir='ltr'><strong>tributo</strong></span> 
     </span>
     <span class='ocr_line' id='line_1_42' title="bbox 123 2779 1613 2834; baseline -0.005 -14"><span class='ocrx_word' id='word_1_372' title='bbox 123 2786 309 2831; x_wconf 83' lang='lat' dir='ltr'><strong>pendendo</strong></span> <span class='ocrx_word' id='word_1_373' title='bbox 329 2787 540 2828; x_wconf 83' lang='lat' dir='ltr'><strong>subiectum,</strong></span> <span class='ocrx_word' id='word_1_374' title='bbox 563 2796 681 2831; x_wconf 84' lang='lat' dir='ltr'><strong>regem</strong></span> <span class='ocrx_word' id='word_1_375' title='bbox 702 2785 886 2821; x_wconf 80' lang='lat' dir='ltr'><strong>coustituit</strong></span> <span class='ocrx_word' id='word_1_376' title='bbox 904 2797 947 2821; x_wconf 90' lang='lat' dir='ltr'><strong>ac</strong></span> <span class='ocrx_word' id='word_1_377' title='bbox 973 2789 1056 2833; x_wconf 85' lang='lat' dir='ltr'><strong>post</strong></span> <span class='ocrx_word' id='word_1_378' title='bbox 1074 2790 1148 2820; x_wconf 83' lang='lat' dir='ltr'><strong>tres</strong></span> <span class='ocrx_word' id='word_1_379' title='bbox 1167 2794 1304 2819; x_wconf 84' lang='lat' dir='ltr'><strong>menses</strong></span> <span class='ocrx_word' id='word_1_380' title='bbox 1334 2786 1372 2815; x_wconf 88' lang='lat' dir='ltr'><strong>et</strong></span> <span class='ocrx_word' id='word_1_381' title='bbox 1395 2779 1471 2834; x_wconf 70' lang='lat' dir='ltr'><strong>dies</strong></span> <span class='ocrx_word' id='word_1_382' title='bbox 1490 2779 1613 2833; x_wconf 67' lang='lat' dir='ltr'><strong>decem</strong></span> 
     </span>
     <span class='ocr_line' id='line_1_43' title="bbox 121 2826 1614 2879; baseline -0.005 -13"><span class='ocrx_word' id='word_1_383' title='bbox 121 2833 392 2868; x_wconf 81' lang='lat' dir='ltr'><strong>recrudescente</strong></span> <span class='ocrx_word' id='word_1_384' title='bbox 408 2833 444 2867; x_wconf 91' lang='lat' dir='ltr'><strong>in</strong></span> <span class='ocrx_word' id='word_1_385' title='bbox 461 2832 622 2868; x_wconf 85' lang='lat' dir='ltr'><strong>Iudaeam</strong></span> <span class='ocrx_word' id='word_1_386' title='bbox 632 2832 737 2877; x_wconf 83' lang='lat' dir='ltr'><strong>bello,</strong></span> <span class='ocrx_word' id='word_1_387' title='bbox 761 2832 979 2869; x_wconf 86' lang='lat' dir='ltr'><strong>Hierusalem</strong></span> <span class='ocrx_word' id='word_1_388' title='bbox 996 2831 1176 2868; x_wconf 82' lang='lat' dir='ltr'><strong>obsidione</strong></span> <span class='ocrx_word' id='word_1_389' title='bbox 1196 2829 1313 2874; x_wconf 83' lang='lat' dir='ltr'><strong>coegit</strong></span> <span class='ocrx_word' id='word_1_390' title='bbox 1329 2828 1372 2862; x_wconf 85' lang='lat' dir='ltr'><strong>ad</strong></span> <span class='ocrx_word' id='word_1_391' title='bbox 1391 2826 1614 2879; x_wconf 61' lang='lat' dir='ltr'><strong>dedltlonem:</strong></span> 
     </span>
     <span class='ocr_line' id='line_1_44' title="bbox 121 2871 1614 2926; baseline -0.005 -13"><span class='ocrx_word' id='word_1_392' title='bbox 121 2879 179 2913; x_wconf 83' lang='lat' dir='ltr'><strong>Ad</strong></span> <span class='ocrx_word' id='word_1_393' title='bbox 194 2891 272 2914; x_wconf 85' lang='lat' dir='ltr'><strong>eum</strong></span> <span class='ocrx_word' id='word_1_394' title='bbox 291 2880 402 2915; x_wconf 81' lang='lat' dir='ltr'><strong>exivit</strong></span> <span class='ocrx_word' id='word_1_395' title='bbox 416 2879 570 2915; x_wconf 87' lang='lat' dir='ltr'><strong>Ioachim</strong></span> <span class='ocrx_word' id='word_1_396' title='bbox 582 2883 621 2914; x_wconf 84' lang='lat' dir='ltr'><strong>et</strong></span> <span class='ocrx_word' id='word_1_397' title='bbox 636 2879 700 2914; x_wconf 83' lang='lat' dir='ltr'><strong>filii</strong></span> <span class='ocrx_word' id='word_1_398' title='bbox 718 2879 797 2915; x_wconf 87' lang='lat' dir='ltr'><strong>eius</strong></span> <span class='ocrx_word' id='word_1_399' title='bbox 813 2885 851 2915; x_wconf 87' lang='lat' dir='ltr'><strong>et</strong></span> <span class='ocrx_word' id='word_1_400' title='bbox 864 2884 975 2915; x_wconf 84' lang='lat' dir='ltr'><strong>mater</strong></span> <span class='ocrx_word' id='word_1_401' title='bbox 991 2879 1066 2914; x_wconf 84' lang='lat' dir='ltr'><strong>eius</strong></span> <span class='ocrx_word' id='word_1_402' title='bbox 1083 2890 1159 2914; x_wconf 89' lang='lat' dir='ltr'><strong>cum</strong></span> <span class='ocrx_word' id='word_1_403' title='bbox 1176 2888 1217 2911; x_wconf 89' lang='lat' dir='ltr'><strong>eo</strong></span> <span class='ocrx_word' id='word_1_404' title='bbox 1231 2882 1269 2910; x_wconf 84' lang='lat' dir='ltr'><strong>et</strong></span> <span class='ocrx_word' id='word_1_405' title='bbox 1287 2885 1446 2920; x_wconf 84' lang='lat' dir='ltr'><strong>proceres</strong></span> <span class='ocrx_word' id='word_1_406' title='bbox 1462 2871 1614 2926; x_wconf 75' lang='lat' dir='ltr'><strong>eunuchi</strong></span> 
     </span>
     <span class='ocr_line' id='line_1_45' title="bbox 121 2920 1614 2975; baseline -0.005 -15"><span class='ocrx_word' id='word_1_407' title='bbox 121 2925 210 2961; x_wconf 70' lang='lat' dir='ltr'><strong>eius.</strong></span> <span class='ocrx_word' id='word_1_408' title='bbox 256 2926 310 2963; x_wconf 79' lang='lat' dir='ltr'><strong>Et</strong></span> <span class='ocrx_word' id='word_1_409' title='bbox 325 2927 465 2975; x_wconf 78' lang='lat' dir='ltr'><strong>accepit</strong></span> <span class='ocrx_word' id='word_1_410' title='bbox 483 2938 545 2963; x_wconf 72' lang='lat' dir='ltr'><strong>eos</strong></span> <span class='ocrx_word' id='word_1_411' title='bbox 570 2937 635 2965; x_wconf 81' lang='lat' dir='ltr'><strong>rex</strong></span> <span class='ocrx_word' id='word_1_412' title='bbox 651 2926 842 2975; x_wconf 76' lang='lat' dir='ltr'><strong>Babylonis</strong></span> <span class='ocrx_word' id='word_1_413' title='bbox 855 2932 980 2964; x_wconf 81' lang='lat' dir='ltr'><strong>octavo</strong></span> <span class='ocrx_word' id='word_1_414' title='bbox 998 2925 1100 2973; x_wconf 84' lang='lat' dir='ltr'><strong>regni</strong></span> <span class='ocrx_word' id='word_1_415' title='bbox 1121 2924 1176 2960; x_wconf 77' lang='lat' dir='ltr'><strong>sui</strong></span> <span class='ocrx_word' id='word_1_416' title='bbox 1200 2933 1290 2957; x_wconf 88' lang='lat' dir='ltr'><strong>anno</strong></span> <span class='ocrx_word' id='word_1_417' title='bbox 1309 2926 1347 2956; x_wconf 88' lang='lat' dir='ltr'><strong>et</strong></span> <span class='ocrx_word' id='word_1_418' title='bbox 1364 2920 1544 2966; x_wconf 70' lang='lat' dir='ltr'><strong>ingressus</strong></span> <span class='ocrx_word' id='word_1_419' title='bbox 1561 2928 1614 2953; x_wconf 69' lang='lat' dir='ltr'><strong>ci-</strong></span> 
     </span>
    </p>
   </div>
  </div>
 </body>
</html>
