1800 3236
288 172 386 220 178
742 177 994 223 GEORGII
1026 178 1314 226 SYNCELLI

247 293 451 347 Βοικῆσαι
474 287 606 332 αὐτὸν
621 288 664 332 ἓν
693 283 877 348 Χαρρὰν
899 288 1030 348 ὤφθη
1050 289 1165 350 αὐτῷ
1194 289 1215 334 ὃ
1247 290 1352 341 θεὸς
1380 290 1424 335 ἓν
1444 294 1497 350 τῇ
1517 293 1782 346 Μεσοποτα-

475 363 496 373 -1
527 358 541 374 2
565 358 589 375 ‘l

278 362 381 421 μία,
418 377 522 404 τουτ
563 375 674 403 εστιν
692 359 736 404 ἐν
755 364 808 418 τῇ
829 362 1062 404 Χαλδαίων
1081 365 1146 419 γῇ.
1186 359 1337 405 οὐκοῦν
1357 359 1503 420 ὀρθῶς
1522 360 1782 419 νοηθήσεται

282 431 341 488 μὴ
365 430 471 487 μετὰ
498 427 690 473 θάνατον
727 433 804 473 τοῦ
835 431 960 488 &apa
983 432 1318 488 κεχρηματίσθαι
1347 435 1407 492 τῷ
1420 431 1643 491 Ἀβραὰμ,
1677 433 1776 477 ἀλλ’

284 504 327 546 ἐν
347 505 399 559 τῇ
419 501 587 558 πατρίδι
621 499 752 543 αὖτοῢ
776 499 833 543 ἔτι
854 499 942 543 ὄντι
964 502 1032 543 καὶ
1053 505 1112 561 τῷ
1135 505 1226 561 θεῷ
1241 501 1531 562 ἀνακειμένῳ,
1571 501 1781 562 ἀποστρε-

283 571 452 631 φομένῳ
481 587 526 614 τε
557 568 612 613 τὰ
642 574 718 613 τοῦ
747 570 907 628 πατρὸς
933 570 1109 625 εἴδωλα,
1150 570 1206 622 ὡς
1233 575 1445 628 πολλαχοῦ
1464 572 1711 631 ἱστορεῖται,
1749 571 1800 617 ἃέ

286 644 355 687 καὶ
380 641 600 698 ἐνέπρησεν
622 640 664 684 ἓν
685 642 813 695 νυκτὶ,
850 639 907 691 ὥς
932 657 1051 699 φασι,
1089 643 1157 684 καὶ
1178 641 1499 700 συγκατεκαύθη
1518 642 1668 694 ,αὐτοῖς
1682 643 1782 702 Ἀρ-

285 712 363 771 ροὶν
392 709 413 755 ὃ
435 709 617 768 ἀδελφὸς
636 710 765 754 αὐτοῦ
779 745 792 765 ,
832 711 980 767 σβέσαι
998 711 1138 755 θέλων
1157 712 1206 756 τὸ
1236 717 1319 771 πῦρ
1345 711 1518 757 ἐνώπιον
1538 717 1613 756 τοῦ
1637 713 1778 772 Θαρά,

283 782 340 833 ὥς
371 797 522 840 φασιν,
563 781 824 837 αἰνιττομένη
856 785 983 825 τοῦτο
1018 780 1133 839 καὶὴ
1166 780 1334 841 γραφὴ,
1373 782 1436 826 ὅτι
1459 783 1669 828 ἀπέθανεν
1681 783 1780 842 Ἀρ-

283 852 361 911 ρὰν
397 849 568 895 ἐνώπιον
597 854 674 894 τοῦ
703 851 864 909 πατρὸς
889 852 1019 896 αὐτοῦ
1049 852 1174 911 Θαρά
1198 855 1240 896 ἐν
1260 857 1313 912 τῇ
1342 858 1394 912 γῇ
1422 847 1695 912 ᾗέγεννήθη,
1735 855 1779 898 ἐν

247 927 337 981 (3τῇ
362 920 483 982 χώρα
515 924 599 964 τῶν
625 923 882 975 Χαλδαίων,
918 924 961 965 ἐν
995 922 1110 982 Σούρ
1141 927 1193 982 τῇ
1229 922 1357 967 πόλει.
1394 922 1500 967 ὥστε
1534 925 1578 967 ἔκ
1609 922 1800 968 πάντων]

283 991 445 1037 τούτων
471 991 713 1034 δείκνυσθαι
743 994 924 1043 ἐξελθεῖν
952 993 1028 1047 μὲν
1058 994 1125 1037 καὶ
1146 994 1220 1037 τὸν
1256 993 1382 1052 Θαρὰ
1401 993 1588 1045 καὶτοὺς
1609 994 1782 1046 λοιποὺς

285 1063 363 1107 σὺν
399 1065 458 1121 τῷ
483 1061 677 1118 Ἀβραὰμ
710 1057 1081 1119 ἐπαγγελλομένους
1111 1068 1459 1122 συμπορευθῆναι
1491 1066 1548 1115 εἲς
1578 1069 1655 1122 γῆν
1678 1068 1779 1108 Χα-

286 1132 416 1185 ναὰν,
457 1130 513 1182 ὥς
545 1129 717 1189 φησινὴ
748 1132 915 1190 γραφὴ,
944 1140 1038 1184 ταῖς
1072 1135 1338 1191 παραινέσεσι
1359 1133 1552 1191 δηλονότι
1569 1133 1780 1188 νοούντων

225 1215 242 1225 ‘·
283 1202 403 1260 ἡμῶν
432 1205 508 1245 τοῦ
529 1199 787 1260 πατριάρχου
811 1201 1030 1261 Ἀβραάμ·
1067 1204 1109 1247 ἕν
1129 1204 1313 1263 Χαρρὰν
1331 1205 1376 1248 δὲ
1404 1202 1611 1256 ἐλθόντας
1630 1209 1683 1264 τῇ
1702 1205 1780 1262 με’-

280 1291 352 1332 χρι
372 1276 446 1316 τοῦ
465 1275 540 1316 νῦν
565 1271 803 1332 κατειδώλῳ
824 1277 1068 1330 κατοικῆσαι
1091 1275 1178 1318 ε’κεΐ
1200 1274 1261 1317 δι’
1289 1276 1605 1333 αἰσχροκερδίαν
1628 1277 1698 1319 καὶ
1720 1277 1800 1322 εἶ’-1

285 1343 574 1398 δωλομανίαν,
613 1343 682 1385 καὶ
714 1341 824 1386 οὕτω
857 1343 930 1387 τὸν
943 1343 1137 1403 Ἀβραὰμ
1159 1342 1322 1403 ὁρῶντα
1348 1345 1502 1396 αὐτοὺς
1520 1343 1780 1403 τεθνηκότας

284 1412 392 1458 κατὰ
412 1411 554 1468 ψυχὴν
576 1414 644 1455 καὶ
655 1412 714 1469 μὴ
725 1413 1007 1468 βουλομένους
1020 1419 1407 1473 συγκληρονομῆσαι
1427 1415 1542 1475 αὐτῷ
1562 1416 1639 1467 τὰς
1657 1417 1781 1467 θείας

285 1483 548 1540 ἐπαγγελίας,
587 1483 869 1535 ἀπιστοῦντας
895 1488 985 1544 θεῷ
1013 1490 1331 1542 μετοικισθῆναι
1350 1483 1433 1530 ὑπὸ
1454 1490 1528 1530 τοῦ
1547 1490 1654 1530 θεοῦ
1672 1486 1780 1542 μετὰ

283 1551 476 1598 θάνατον
515 1556 591 1596 τοῦ
631 1553 816 1612 πατρὸς,
853 1553 927 1598 τὸν
965 1555 1147 1611 ψυχικὸν
1183 1555 1366 1613 δηλαδὴ,
1406 1558 1464 1608 εἷς
1492 1556 1570 1612 τὴν
1600 1560 1677 1614 γῆν
1702 1560 1779 1613 τῆς

245 1623 540 1681 Βέπαγγελίας.
578 1620 688 1667 οὕτω
720 1623 800 1682 γὰρ
833 1625 901 1667 καὶ
929 1622 950 1668 ὅ
982 1623 1124 1684 κύριος
1148 1623 1270 1682 ἡμῶν
1298 1627 1469 1686 νεκροὺς
1491 1624 1576 1671 οἶδε
1601 1627 1702 1678 τοὺς
1716 1627 1800 1684 μὴξ

285 1691 557 1743 πιστεύοντας
602 1694 743 1754 αὐτῷ,
780 1692 858 1739 κᾶν
902 1696 1000 1749 ζῶσι
1037 1695 1114 1753 τὴν
1147 1693 1403 1756 πρόσκαιρον
1437 1696 1570 1754 ζωὴν,
1609 1695 1668 1749 ὥς
1695 1695 1778 1741 πού

375 1793 411 1829 2.
436 1792 482 1838 τῇ
501 1793 717 1838 Χαλδαίων]
741 1794 789 1842 τῇ
806 1805 871 1829 om.
888 1794 933 1831 B.
1026 1796 1061 1832 3.
1086 1796 1402 1842 κεχρηματεῖσθαι
1418 1796 1492 1832 ΑΒ.
1595 1797 1630 1833 8.
1655 1791 1715 1832 ὅτι
1733 1797 1777 1832 Β.

374 1838 440 1876 ὅτι
454 1838 518 1875 καὶ
541 1841 589 1874 G.
685 1842 741 1877 10.
766 1842 858 1886 σοῦρ
879 1843 953 1876 AB.
1056 1839 1151 1879 ὥστε
1168 1844 1232 1880 καὶ
1249 1843 1288 1880 ἐκ
1306 1845 1354 1882 G.
1458 1845 1513 1880 12.
1539 1844 1685 1890 χαναᾶν
1702 1844 1776 1879 ΑΒ.

378 1885 535 1933 Χαῤῥόιν
557 1887 606 1923 G.
704 1889 759 1926 17.
785 1886 889 1924 αὐτῶ
908 1890 952 1923 Β.
978 1885 1118 1933 αὐτούς
1137 1892 1184 1925 G.
1280 1894 1336 1929 18.
1358 1892 1655 1937 μετοικησθῆναι
1672 1892 1712 1926 Β.

380 1937 435 1972 19.
460 1935 527 1979 τῆς
549 1934 627 1968 add.
650 1934 693 1969 B.
787 1937 846 1973 20.
865 1925 974 1973 ὀἶδεν
991 1939 1098 1973 ABm.
1123 1936 1231 1981 οἶδας
1249 1938 1295 1974 G.
1389 1941 1447 1977 21.
1472 1936 1576 1987 αὐτῷ
1595 1934 1668 1976 κᾶν
1686 1939 1778 1982 ζῶσι

378 1983 422 2019 B.
445 1980 588 2026 αὐτόν,
613 1982 678 2018 καὶ
694 1982 808 2026 ζῶσιν
832 1984 879 2018 G.

280 2062 320 2098 in
336 2062 491 2106 Gharau,
515 2062 679 2109 apparuit
704 2063 737 2097 ei
754 2064 839 2099 deus
854 2064 890 2098 in
908 2064 1173 2112 Mesopotamia,
1196 2065 1234 2100 id
1254 2068 1321 2109 est,
1344 2065 1380 2100 in
1397 2065 1651 2103 Chaldaeorum
1666 2070 1775 2104 terra.

283 2110 473 2157 Colligitur
497 2111 618 2156 itaque
644 2111 838 2146 rectissime
865 2112 1017 2148 divinum
1044 2114 1240 2156 oraculum,
1262 2114 1396 2148 sublato
1416 2114 1484 2149 iam
1506 2127 1526 2150 e
1541 2115 1633 2151 vivis
1654 2116 1777 2152 Thura

282 2169 351 2192 non
377 2158 487 2192 fuisse
516 2159 677 2192 Abrahae
694 2159 969 2202 manifestatum,
993 2172 1111 2195 verum
1142 2172 1217 2196 cum
1235 2161 1350 2195 adhuc
1369 2162 1509 2207 paterni
1530 2163 1594 2197 soli
1610 2163 1702 2198 foret
1718 2164 1776 2198 in·-

283 2205 380 2247 cola,
405 2205 462 2239 dei
490 2205 704 2250 mancipatus
731 2206 920 2252 obsequio,
953 2210 1058 2253 atque
1085 2219 1106 2242 a
1136 2208 1290 2253 paternis
1316 2208 1438 2251 idolis,
1469 2215 1573 2255 prout
1602 2210 1774 2246 historiae

283 2263 403 2287 sacrae
428 2252 557 2298 passim
575 2256 730 2295 narrant,
753 2253 838 2288 totis
858 2254 1041 2289 affectibus
1060 2266 1226 2297 aversus3
1244 2266 1341 2301 quae
1360 2256 1510 2302 quidem,
1535 2257 1643 2299 aiunt,
1669 2262 1775 2292 noctu

282 2299 439 2333 subiecto
458 2300 539 2344 igne
557 2300 755 2342 combussit,
779 2312 963 2347 eorumque
974 2302 1145 2344 incendio,
1167 2303 1280 2336 frater
1296 2303 1389 2337 Aran
1409 2303 1561 2338 flammas
1580 2304 1776 2339 exstinctu-

283 2356 343 2379 rus
364 2346 425 2380 sub
444 2347 599 2392 paternis
619 2347 795 2382 obtutibus
812 2348 1014 2394 absumptus
1034 2352 1107 2391 est,
1132 2349 1371 2384 subindicante
1392 2351 1458 2384 hoc
1478 2350 1673 2396 scriptura,
1697 2362 1774 2386 cum

279 2391 354 2439 ‚affl
378 2393 472 2426 Aran
486 2393 523 2427 in
551 2397 647 2428 terra
670 2393 706 2428 in
729 2406 797 2440 qua
822 2400 923 2435 natus
944 2399 1010 2438 est,
1030 2395 1067 2430 in
1084 2396 1226 2430 civitate
1254 2397 1326 2430 Sur
1342 2396 1592 2432 Chaldaeorum
1606 2398 1774 2445 regioni5‚

278 2437 320 2472 in
348 2439 460 2484 patris
488 2440 609 2475 Thara
638 2447 829 2487 conspectu
859 2447 1000 2477 mortem
1029 2444 1190 2489 oppetiit.
1238 2443 1296 2477 Ex
1321 2443 1443 2490 quibus
1467 2445 1624 2480 omnibus
1649 2446 1776 2491 liquet,

283 2485 407 2519 Thara
422 2487 646 2533 reliquosque
663 2488 707 2522 ad
724 2495 811 2534 quos
826 2489 981 2534 pollicita
999 2489 1118 2524 divina
1133 2491 1358 2536 spectabant,
1381 2491 1418 2525 in
1437 2492 1614 2537 regionem
1632 2491 1774 2527 Charan

282 2530 380 2566 iuxta
409 2533 604 2579 scripturae
622 2534 717 2569 dicta
743 2547 967 2581 progressos,
991 2538 1135 2571 maxime
1164 2537 1212 2579 si,
1237 2542 1400 2583 quantum
1420 2539 1579 2572 suasibus
1597 2541 1634 2573 et
1649 2539 1776 2574 horta-

280 2578 376 2613 tibus
395 2580 439 2613 ad
459 2581 706 2625 profectionem
723 2594 782 2616 eos
800 2583 977 2628 impulerit
996 2584 1194 2630 patriarcha
1209 2585 1393 2626 Abraham,
1417 2585 1604 2630 diligenter
1624 2597 1775 2632 perpen-

282 2625 415 2660 damus.
464 2627 480 2660 Ι
485 2640 506 2661 n
533 2626 672 2663 Charan
691 2640 773 2664 vero
791 2630 967 2674 regionem
992 2631 1112 2677 utique
1129 2631 1165 2665 in
1182 2630 1435 2675 simulacrorum
1455 2633 1580 2666 cultum
1598 2632 1775 2667 insanien-

281 2676 352 2707 tem
379 2674 576 2719 profectos,
601 2687 644 2709 ex
671 2686 801 2710 vesana
826 2677 940 2722 turpis
961 2678 1048 2712 lucri
1073 2678 1261 2724 colligendi
1283 2679 1534 2724 simulacraque
1554 2679 1689 2714 colendi
1710 2691 1773 2714 cu-

280 2719 452 2764 piditate‚
477 2721 674 2765 habitasse,
698 2723 840 2769 illisque
870 2723 906 2757 in
937 2725 1028 2759 hunc
1059 2725 1194 2760 modum
1227 2725 1413 2759 secundum
1440 2726 1585 2760 animam
1615 2727 1770 2769 mortuis,

282 2765 470 2813 divinaque
494 2768 651 2814 pollicita
670 2781 786 2804 secum
803 2769 901 2805 adire
919 2771 1196 2807 detrectantibus
1219 2774 1324 2818 atque
1346 2772 1422 2817 eius
1450 2773 1649 2819 praeceptis
1671 2774 1774 2808 obse-

282 2813 343 2858 qui
368 2815 613 2858 renuentibus,
647 2818 878 2852 Abrahamum
908 2829 929 2852 a
956 2819 1045 2860 deo,
1075 2823 1178 2864 patre
1202 2818 1271 2853 iam
1297 2818 1430 2853 animae
1452 2818 1527 2854 vita
1551 2820 1711 2866 privato,
1734 2820 1772 2854 in

282 2860 521 2903 promissionis
549 2867 677 2898 terram
704 2870 892 2899 evocatum.
947 2865 1114 2900 Dominus
1139 2865 1228 2900 enim
1258 2865 1335 2911 ipse
1357 2865 1572 2910 incredulos,
1595 2868 1662 2902 hac
1688 2867 1774 2902 licet

282 2905 356 2941 vita
374 2908 542 2951 fruentes,
563 2914 715 2946 mortuos
732 2923 861 2947 vocare
876 2912 1038 2948 nonnullo
1057 2912 1133 2949 loco
1151 2913 1268 2948 novit:
1292 2912 1433 2956 ‚,sine,”
1444 2914 1570 2961 inquit,
1590 2918 1771 2958 „mortuos
