1800 3236
549 108 1081 206 anONoGRAPHIA.
1476 157 1574 206 621

176 271 392 323 Ματθίας
424 267 484 322 εἷς
510 273 596 314 τῶν
619 267 656 314 ο’
673 272 888 327 μαθητῶν
900 274 979 314 τοῦ
1008 269 1154 328 κυρίου
1175 276 1401 330 πληροῦται
1421 273 1484 318 δι’
1508 275 1618 319 «εὖ-Ο

67 346 150 399 χῆς
177 344 248 386 καὶ
276 341 505 393 ἐπιθέσεως
530 345 682 400 χειρῶν
702 344 789 385 τῶν
806 342 1028 402 μακαρίων
1059 339 1312 387 ἀποστόλων
1331 342 1422 387 ἀντὶ
1437 343 1577 391 Ἰούδα

71 416 149 456 τοῦ
169 409 396 470 προδότου.

171 479 303 526 Ἑπτὰ
331 482 406 526 τὸν
424 480 628 539 ἀριθμὸν,
650 482 769 525 δοκεῖ
782 499 871 538 μοι,
897 481 1006 541 πρός
1025 479 1256 541 ὑπηρεσίαν
1274 486 1361 527 τῶν
1384 482 1579 542 ἀδελφῶν

40 550 152 596 5ὖπό
182 556 267 597 τῶν
293 550 541 597 ἀποστόλων
572 550 912 608 κατεστάθησαν.
962 546 1021 596 ὧν
1041 557 1209 610 πρῶτος
1228 548 1281 610 ἦν
1308 554 1527 613 Στέφανος
1554 552 1578 599 ὅ

68 627 238 681 πρῶτος
264 622 371 679 μετὰ
399 622 475 667 τὸν
496 626 670 681 σωτῆρα
698 622 817 681 παρὰ
846 627 933 667 τῶν
966 621 1245 681 κυριοκτόνων
1273 626 1579 681 λιθοβοληθεὶς

68 695 138 737 καὶ
166 693 241 737 τὸν
263 691 512 753 φερώνυμον
539 692 666 745 ἀξίως
690 690 1017 751 ὖπενεγκάμενος
1036 693 1244 751 στέφανον
1263 692 1370 753 ὑπὲρ
1391 694 1538 740 αὐτοῦ.

98 763 315 808 Ἰουδαίων
341 761 378 821 γ’
398 762 638 822 ἀλλόφυλος
654 761 851 821 Ἶ-Ιρώδης
869 763 960 814 υἱὸς
973 761 1169 821 Ἡρώδου
1189 762 1261 821 ἔτη
1284 762 1362 810 κδ’.

175 838 251 894 Τῷ
285 833 401 894 αὐτῷ
432 832 511 878 ἔτει
537 837 729 884 Πιλᾶτος
756 833 864 889 μετὰ
896 833 974 890 τὴν
1008 831 1156 878 στάσιν
1171 824 1390 879 Ἰουδαίων
1411 835 1481 879 διὰ
1497 835 1576 887 τὰς

9 911 55 947 10
64 905 288 962 Καίσαρος
326 901 488 955 εῗκόνας
519 904 594 948 τὸν
615 901 835 961 λεγόμενον
852 906 1092 961 Κορβωνᾶν
1102 937 1117 958 ,
1155 903 1248 961 ἤτοι
1270 905 1380 964 ἱερὸν
1397 907 1611 963 θησαυ-,Β

64 976 165 1034 ρόν,
205 976 264 1026 εἷς
299 972 469 1019 ὑδάτων
505 972 753 1032 καταγωγὴν
783 971 1043 1031 ἐδαπάνησε,
1076 976 1147 1018 καὶ
1177 970 1306 1028 αὖθις
1336 975 1571 1031 στασιάζειν

60 1044 301 1104 ἠνάγκαζεν.

160 1113 210 1160 Ὅ
231 1117 257 1159 δ
263 1115 277 1131 ²
298 1114 428 1167 αὐτὸς
444 1116 639 1165 Πιλᾶτος
662 1114 844 1174 Τιβερίῳ
858 1113 913 1158 τὰ
930 1113 1039 1159 κατὰ
1061 1114 1135 1159 τὸν
1156 1119 1330 1174 σωτῆρα
1351 1114 1572 1174 ἀναγαγών

61 1187 131 1230 καὶ
153 1190 230 1230 τοῦ
259 1189 532 1245 Χριστιανῶν
565 1183 776 1242 δόγματος
805 1186 989 1242 ἐκίνησεν
1014 1187 1071 1237 εἷς
1091 1185 1228 1245 ἔρωτα
1248 1187 1450 1241 πίστεως,
1491 1191 1571 1230 Τι-

4 1262 48 1298 15
60 1254 202 1314 βέριός
227 1274 272 1300 τε
301 1256 407 1315 πρὸς
439 1255 516 1313 τὴν
541 1253 771 1312 σύγκλητον
794 1254 1137 1314 ἐκοινολογήσατο
1160 1258 1254 1316 περὶ
1282 1262 1357 1314 τῆς
1380 1259 1438 1308 εἷς
1456 1260 1570 1316 Χρι-

61 1327 163 1371 στὸν
191 1328 381 1378 πίστεως.
418 1330 495 1383 τῆς
527 1326 573 1368 δὲ
600 1325 661 1382 μὴ
692 1326 968 1384 πειθομένης,
1008 1326 1116 1370 ἀλλὰ
1141 1327 1307 1385 μωρίαν
1336 1324 1570 1384 ἡγουμένης

58 1397 110 1441 τὸ
137 1396 333 1455 κήρυγμα
373 1401 450 1440 τοῦ
485 1400 697 1454 σταυροῦ,
738 1394 760 1439 ὃ
802 1395 932 1447 αὐτὸς
960 1394 1153 1440 θάνατον
1184 1398 1426 1456 ἐψηφίσατο
1460 1397 1568 1441 κατὰ

58 1471 144 1512 τῶν
167 1470 355 1512 διωκτῶν
376 1471 462 1511 τῶν
481 1469 777 1525 Χριστιανῶν,
817 1464 875 1517 ὥς
895 1467 1204 1525 Τερτυλλιανός
1221 1467 1389 1526 ἱστορεῖ.

163 1538 349 1595 Σηιανὸς
381 1537 562 1595 ἔπαρχος
598 1538 795 1594 Τιβερίου
817 1538 1039 1594 Καίσαρος
1067 1539 1159 1595 περὶ
1179 1539 1336 1589 τελείας
1359 1537 1567 1588 ἀπωλείας

0 1612 136 1652 2οτοῧ
169 1608 323 1660 ἔθνους
349 1612 435 1653 τῶν
461 1607 678 1651 Ἰουδαίων
706 1606 841 1650 πολλὰ
876 1605 1148 1661 συνεβούλευε
1178 1612 1238 1668 τῷ
1257 1609 1467 1666 Καίσαρι,
1507 1605 1593 1659 ὥς.

59 1681 203 1724 Φίλων
228 1679 434 1730 Ἰουδαῖος
464 1679 509 1729 ἐξ
537 1676 852 1737 Ἀλεξανδρείας
882 1675 1036 1735 διάγων
1062 1678 1225 1737 ἱστορεῖ
1246 1679 1290 1723 ἓν
1311 1683 1364 1737 τῇ
1384 1678 1558 1740 δευτέρᾳ
1582 1685 1624 1722 P.
1646 1685 1718 1724 329

53 1754 132 1807 τῆς
154 1752 247 1808 περὶ
269 1750 400 1794 αὐτοῦ
421 1749 656 1808 πρεσβείας.

141 1837 187 1882 ’5.
213 1833 266 1875 ὧν
286 1838 366 1875 add.
389 1838 434 1873 B.
552 1838 587 1873 8.
611 1834 644 1883 γ’
669 1848 734 1872 om.
752 1835 801 1871 G.
909 1837 966 1873 10.
998 1834 1116 1883 ἱερᾶν]
1140 1838 1252 1874 θεῖου
1272 1837 1321 1872 G.
1426 1835 1485 1873 18.
1509 1832 1561 1878 ὦς

101 1920 112 1929 ,
154 1885 425 1931 Τερτυλλιανός
451 1885 612 1930 Scaliger
644 1896 678 1931 p.
707 1885 765 1920 78.
801 1879 903 1925 ὅστις
928 1883 1126 1927 τυλλιανὸς
1153 1886 1271 1931 vulgo.
1315 1881 1409 1920 Vide
1443 1882 1559 1918 Euse-

147 1934 240 1969 bium
250 1947 285 1981 p.
297 1936 380 1971 371.
477 1936 532 1970 19.
559 1929 714 1976 σηϊανὸς
729 1929 804 1967 ΒΡ.
829 1931 958 1974 σιανὸς
977 1935 1018 1968 Α.
1043 1931 1205 1974 Σεϊανὸς
1223 1933 1272 1968 G.
1357 1929 1427 1968 20.
1453 1941 1560 1967 συνε-

144 1979 406 2028 βούλευενΑΒ.
427 1978 717 2028 συνεβούλευσεν
734 1979 783 2013 G.
876 1980 935 2016 21.
962 1976 982 2015 ὁ
1000 1976 1186 2022 Ἰουδαῖος
1195 1980 1244 2015 G.
1334 1979 1383 2026 τῇ
1400 1979 1556 2026 δευτέρᾳ

146 2031 215 2076 τῆς
230 2029 314 2076 περὶ
334 2026 457 2065 αὐτοῦ
473 2029 516 2063 B.
540 2029 587 2074 τῇ
602 2026 636 2076 β’
654 2027 722 2073 τῆς
741 2025 826 2074 περὶ
847 2025 978 2064 αὐτῶν
995 2030 1039 2066 Α.
1061 2029 1114 2077 τῷ
1132 2027 1165 2072 β’
1183 2029 1252 2075 τῆς
1270 2026 1355 2073 περὶ
1374 2023 1493 2064 αὐτόν
1507 2027 1557 2061 G.

143 2098 316 2135 Matthias
333 2111 377 2134 ex
395 2100 442 2135 70
459 2098 641 2144 discipulis
660 2109 748 2132 unus
764 2109 828 2144 per
845 2098 1036 2133 orationem
1056 2102 1091 2134 et
1108 2099 1150 2134 Β.
1174 2097 1410 2146 apostolorum
1435 2109 1556 2133 manus

50 2145 306 2193 impositionem
326 2146 517 2193 proditoris
537 2145 645 2180 ludae
663 2145 758 2180 vices
775 2150 870 2180 sorte
892 2146 1105 2190 assequitur.

143 2193 291 2229 Diaeoni
315 2205 457 2229 numero
478 2197 610 2240 septem
635 2193 803 2235 fratrum,
827 2203 928 2235 reor,
951 2192 1141 2228 ministerio
1166 2192 1211 2228 ab
1239 2191 1405 2239 apostolis
1431 2202 1553 2226 conse·-

47 2240 138 2275 crati
154 2246 257 2283 sunt3
282 2241 485 2287 Stephanus
503 2252 620 2275 eorum
643 2240 773 2286 primus
806 2238 948 2283 extitit,
975 2240 1035 2286 qui
1055 2244 1135 2286 post
1159 2239 1344 2276 salvatoris
1369 2244 1511 2274 mortem
1532 2250 1554 2272 a

49 2287 180 2322 domiui
207 2287 394 2334 parricidis
424 2288 601 2335 lapidibus
631 2287 776 2322 obrutus
804 2298 990 2332 congruam
1016 2287 1146 2323 nomini
1164 2298 1327 2323 coronam
1341 2286 1416 2322 eius
1437 2297 1553 2322 amore

47 2334 269 2380 adipiscitur.

94 2382 302 2417 Iudaeorum
320 2394 385 2418 rex
403 2382 603 2428 alienigena
618 2381 781 2417 Herodes
801 2381 946 2416 alterius
962 2381 1118 2418 Herodis
1138 2382 1232 2417 filius
1247 2379 1349 2417 annis
1366 2377 1427 2416 24.

142 2429 278 2464 Eodem
295 2440 387 2464 anno
409 2430 546 2472 sedata,
572 2442 664 2476 quae
680 2430 868 2474 imaginum
887 2440 997 2464 causa
1016 2431 1171 2465 &citata
1190 2430 1319 2472 fuerat,
1341 2427 1549 2463 Iudaeorum

45 2475 241 2519 seditione,
267 2487 404 2511 sacrum
421 2476 614 2518 aerarium,
649 2477 844 2511 Corbonam
871 2475 1023 2518 dictum,
1057 2477 1232 2512 struendis
1251 2486 1364 2523 aquae
1385 2472 1550 2510 ductibus

45 2522 184 2559 Pilatus
202 2523 382 2565 exhausit3
407 2535 450 2558 ex
469 2535 538 2569 quo
559 2523 698 2559 Iudaeis
721 2534 888 2559 novorum
905 2523 1110 2561 tumultuum
1130 2530 1253 2560 auctor
1270 2523 1348 2558 fuit.

139 2571 235 2605 Idem
258 2571 337 2616 ipse
360 2570 517 2613 Pilatus,
543 2581 632 2616 quae
665 2570 709 2605 de
730 2570 875 2605 christo
898 2574 936 2606 et
965 2570 1184 2618 dogmatibus
1204 2566 1413 2606 Christianis
1432 2568 1545 2607 erant,

45 2615 91 2652 ad
114 2617 296 2652 Tiberium
325 2617 470 2659 relatis,
494 2617 642 2664 aliquem
671 2617 710 2651 in
736 2629 778 2651 eo
802 2617 887 2653 fidei
913 2629 1050 2653 sensum
1079 2618 1258 2654 excitavit.
1304 2612 1469 2651 Tiberius
1499 2612 1546 2667 de

43 2663 208 2699 habenda
230 2664 268 2699 in
288 2664 464 2700 Christum
481 2665 553 2700 fide
579 2676 657 2699 cum
678 2669 801 2700 senatu
829 2665 1002 2708 eontulit,
1027 2677 1130 2712 quam
1149 2677 1191 2701 eo
1208 2662 1435 2710 repudiante,
1460 2670 1544 2704 qum

42 2709 145 2745 immo
163 2711 275 2746 crucis
294 2712 514 2758 praeconium
534 2711 718 2746 stultitiam
735 2711 968 2755 decernente,
992 2713 1070 2759 ipse
1087 2711 1361 2748 Christianorum
1377 2717 1542 2760 persecu-

42 2760 138 2792 tores
155 2762 266 2794 morte
282 2759 488 2805 plectendos
504 2759 578 2794 lata
593 2758 764 2795 sententia
776 2784 788 2802 ,
811 2763 853 2794 ut
869 2759 1112 2795 Tertullianus
1129 2760 1241 2795 refert
1251 2782 1262 2799 ‚
1285 2757 1544 2807 pronunoiavit·

136 2804 286 2840 Seianus
306 2806 446 2842 Tiberii
463 2806 630 2840 Caesaris
651 2806 855 2852 praefectus
874 2806 919 2842 de
934 2806 1075 2853 integro
1094 2806 1298 2841 Iudaeorum
1317 2811 1456 2847 generis
1474 2810 1542 2834 ex-

41 2850 204 2885 terminio
224 2852 335 2887 eidem
353 2853 501 2888 Caesari
529 2852 632 2899 plura
652 2853 854 2899 suggessit,
877 2865 951 2890 rem
968 2858 1075 2891 totam
1101 2855 1287 2888 enarrante
1303 2847 1439 2885 Iudaeo.
1460 2847 1542 2883 cive

0 2935 9 2950 ‚
41 2897 277 2936 Alexandrino
296 2899 384 2937 libro
408 2901 454 2937 de
473 2900 650 2947 legatione
669 2912 732 2938 aua
748 2901 914 2938 secundo.
971 2920 979 2949 4
