1754 3236
189 204 254 251 18
676 198 925 248 GEORGII
953 193 1240 244 sYNCELLI

151 319 266 365 Βτὸν
281 315 501 376 Ἕβραΐκόν
517 318 630 360 νοῦν.
675 311 787 357 οὕτω
807 311 853 356 δὲ
871 311 940 354 καὶ
960 307 982 353 ὃ
1001 307 1144 366 σωτὴρ
1158 304 1253 357 υἱός
1270 307 1349 350 τοῦ
1371 302 1492 356 ὄντος
1510 299 1686 364 ἀνθρώ-

188 407 293 443 που,
332 386 439 431 κατὰ
460 386 533 431 τὸν
556 383 731 444 φυσικὸν
751 380 874 440 λόγον
886 381 1154 439 Ἀφρικανοῦ.

292 455 452 516 ΙῙρώτη
481 457 672 513 περίοδος
698 457 783 497 τῶν
813 449 914 511 ‹pzss'
944 452 1049 494 ἐτῶν
1078 444 1217 508 τούτῳ
1245 450 1306 507 τῷ
1335 443 1415 490 ἔτει
1438 441 1685 504 ἐπληρώθη.

188 525 240 587 ἦν
261 529 307 573 δὲ
326 531 400 572 τοῦ
424 528 500 583 μὲν
524 526 625 583 Σὴθ
645 521 961 583 τριακοσιοστός
984 517 1191 579 δεύτερος,
1227 521 1305 562 τοῦ
1329 517 1375 561 δὲ
1397 516 1525 578 Ἐνῲς
1547 517 1690 573 ἐνενη-

189 598 338 650 κοστὸς
357 596 516 655 ὄγδοος.
1691 590 1717 627 5

250 661 252 664 ’
297 672 371 727 Τῷ
395 665 436 724 χ’
473 665 550 711 ἔτει
581 659 845 723 μετανοήσας
867 659 1042 718 ὃἈδὰμ
1066 658 1170 718 ἕγνω
1202 658 1262 704 δι’
1294 653 1606 713 ἀποκαλύψεως
1632 654 1690 699 τὰ

188 740 280 798 περὶ
303 742 385 783 τῶν
415 733 645 796 ἓγρηγόρων
677 735 745 779 καὶ
767 737 843 778 τοῦ
868 734 1164 787 κατακλυσμοῦ
1185 731 1256 774 καὶ
1275 730 1328 773 τὰ
1348 730 1441 788 περὶ
1463 727 1690 784 μετανοίας

185 812 257 854 καὶ
272 813 346 866 τῆς
367 809 487 859 θείας
509 803 755 866 σαρκώσεως
774 804 843 847 καὶ
865 807 950 848 τῶν
975 804 1068 861 περὶ
1099 800 1206 845 καθ’
1229 798 1411 858 ἑκάστην
1442 797 1557 858 ὥραν
1584 795 1689 855 ἦμε-

189 878 304 939 ρινὴν
340 880 408 922 καὶ
440 876 678 936 νυκτερινὴν
714 873 1090 931 ἄναπεμπομένων-
1109 872 1242 929 εὐχῶν
1275 876 1337 933 τῷ
1367 873 1459 930 θεῷ
1499 871 1543 921 ἓξ
1580 867 1689 913 ὅλων

189 954 274 994 τῶν
305 946 540 1004 κτισμάτων
575 946 644 991 διὰ
682 945 842 1004 Οὖριὴλ
872 948 948 989 τοῦ
985 944 1053 987 ἐπὶ
1075 947 1154 1001 τῆς
1180 943 1407 1000 μετανοίας
1431 939 1690 1000 ἀρχαγγέλου
1703 945 1749 982 10

190 1018 325 1071 οὕτως
345 1020 363 1038 *
378 1018 396 1041 *
411 1018 432 1041 *
887 1022 892 1026 ”

55 1111 99 1147 Ρ,
126 1111 171 1147 11
301 1093 375 1149 Τῷ
405 1087 680 1147 ἑξακοσιοστῷ
703 1086 874 1144 εἷκοστῷ
896 1082 1071 1143 πέμπτῳ
1099 1081 1179 1127 ἔτει
1207 1084 1376 1126 Καῖνᾶν
1403 1078 1608 1139 ἐγεννήθη
1630 1083 1692 1140 τῷ

184 1157 324 1211 Ἐνώς.
374 1154 495 1211 οὗτος
517 1157 732 1217 γενόμενος
761 1156 864 1200 ἐτῶν
893 1153 1042 1199 ἑκατὸν
1074 1151 1371 1211 ἑβδομήκοντα
1400 1152 1588 1211 ἐγέννησε
1617 1151 1693 1195 τὸν

189 1228 427 1287 Μαλελεήλ.

297 1305 370 1362 Τῷ
390 1296 475 1356 ψΨ
502 1298 579 1343 ἔτει
600 1297 681 1342 ἀπὸ
697 1296 833 1353 Ἀδὰμ
846 1298 1012 1340 Καϊνᾶν
1037 1292 1186 1351 ἔλαβεν
1206 1295 1263 1346 εἷς
1286 1300 1464 1353 γυναῖκα
1483 1292 1561 1350 τὴν
1581 1294 1691 1338 Μα-
1705 1302 1750 1338 15

191 1369 283 1416 λε’θ.

77 1441 122 1477 V.
145 1442 169 1479 9
299 1444 373 1501 Τῷ
382 1437 476 1497 ψΒέ
492 1439 673 1498 Ξγὲννησε
684 1440 848 1483 Καϊνᾶν
866 1436 940 1482 τὸν
952 1434 1182 1493 Μαλελεὴλ
1203 1434 1262 1480 ὢν
1281 1436 1386 1479 ἐτῶν
1404 1432 1554 1478 ἑκατὸν
1567 1431 1694 1490 ἕβδο-

186 1507 388 1568 μήκοντα.
460 1509 689 1567 Μαλελεὴλ
717 1507 933 1567 γενόμενος
965 1509 1070 1552 ἐτῶν
1095 1505 1244 1551 ἑκατὸν
1266 1504 1468 1564 ἑξήκοντα
1495 1505 1615 1549 πέντε
1650 1506 1695 1548 ἔ-

186 1581 350 1639 γέννησε
379 1580 453 1626 τὸν
476 1578 633 1641 Ἰάρεὸ,
669 1584 730 1642 τῷ
774 1580 1079 1641 ἐννακοσιοστῷ
1121 1577 1334 1640 ἑξηκοστῷ
1376 1575 1456 1621 ἔτει
1497 1579 1575 1621 τοῦ
1619 1573 1695 1620 κό-

189 1668 217 1697 σ
250 1670 312 1696 ου.
1726 1669 1751 1703 0

215 1670 246 1709 μ
295 1725 371 1783 Τῷ
391 1717 479 1775 233!
511 1718 589 1766 ἴτει
612 1719 749 1778 Ἀδὰμ
779 1717 1014 1780 ἐκοιμήθη,
1062 1719 1326 1776 καταλείψας
1365 1716 1546 1779 ἄρρενας
1574 1667 1726 1769 vimi?

285 1846 319 1882 1.
343 1841 386 1880 δὲ
405 1842 470 1880 καὶ
489 1840 509 1880 ὁ
532 1845 573 1881 Α.
595 1841 652 1880 ’δὲ
677 1839 698 1882 ὅ
727 1845 776 1881 Gr.
875 1845 931 1882 11.
963 1844 1051 1879 Post
1077 1839 1200 1886 οὕτως
1221 1842 1381 1880 indicavi
1399 1842 1569 1878 lacunam.
1621 1841 1693 1877 Le-

285 1897 416 1937 guntur
441 1891 581 1938 quidem
605 1891 641 1927 in
671 1893 826 1938 margine
852 1892 882 1927 A
914 1897 1150 1927 creaturarum
1175 1902 1300 1938 preces
1334 1890 1380 1925 ad
1410 1889 1567 1936 singulas
1586 1890 1694 1926 horas

285 1938 521 1985 pertinentes,
555 1939 617 1974 sed
644 1939 695 1975 ita
726 1943 808 1975 sunt
825 1940 965 1976 habitae
988 1943 1028 1977 ut
1048 1939 1201 1974 describi
1225 1938 1330 1985 plane
1354 1949 1425 1973 non
1450 1937 1645 1984 potuerint.

290 1987 345 2022 13.
378 1985 472 2028 ἐνῶς
502 1987 544 2022 Α.
639 1988 696 2024 15.
718 1986 809 2034 ψ1)’]
832 1987 919 2035 «ψ’,ἐ
934 1990 978 2024 Α.
1051 1989 1108 2024 17.
1135 1985 1303 2034 ἐγέννησε
1317 1987 1360 2024 A.
1385 1983 1580 2032 ἐγέννησεν
1597 1981 1618 2022 ὁ
1644 1986 1694 2023 G.

193 2091 292 2127 Enos
324 2091 507 2127 secundum
533 2091 732 2128 Hebraicae
756 2093 880 2129 literae
905 2097 1075 2137 mentem,
1108 2093 1208 2141 quasi
1234 2093 1355 2137 homo,
1387 2091 1440 2127 ita
1468 2094 1506 2128 et
1533 2091 1694 2129 salvator

193 2137 272 2174 veri
290 2138 436 2173 hominis
456 2138 546 2174 filius
569 2144 623 2174 est
643 2141 739 2175 iuxta
758 2142 950 2177 naturalem
968 2141 1159 2185 rationem,
1185 2140 1235 2176 ait
1255 2140 1456 2176 Africanus.

289 2187 463 2220 Annorum
484 2186 747 2233 quingentorum
765 2193 801 2224 et
825 2189 974 2236 triginta
1001 2189 1146 2224 duorum
1175 2188 1324 2224 circulus
1352 2186 1483 2234 primus
1508 2186 1575 2223 hoc
1601 2199 1693 2223 anno

195 2232 407 2279 completur:
438 2237 516 2288 erat
542 2238 654 2269 autem
682 2236 808 2271 aetatis
827 2238 916 2273 Seth
942 2236 1114 2272 secundus
1135 2247 1245 2283 supra
1270 2234 1571 2279 trecentesimum,
1595 2235 1694 2271 Enos

194 2291 280 2316 veto
301 2291 541 2325 nonagesnmus
558 2287 712 2319 octavus.

287 2328 386 2362 Anno
404 2328 652 2364 sexcentesimo
675 2329 826 2365 Adamus
843 2330 982 2377 peccati
999 2331 1053 2367 sui
1071 2330 1257 2378 poenitens
1277 2330 1401 2365 futura.
1424 2329 1520 2365 circa
1540 2341 1695 2377 egl-ego-

193 2384 274 2416 τοῦ,
298 2373 488 2417 diluvium,
513 2375 781 2420 poenitentiam,
804 2378 956 2414 divinam
984 2378 1276 2420 incarnationem,
1301 2389 1343 2413 ac
1360 2389 1484 2423 preces
1515 2378 1696 2415 ab.omni-

194 2420 261 2455 bus
286 2421 458 2455 creaturis
476 2422 677 2468 archangeli
694 2423 795 2460 Uriel
810 2426 1067 2472 poenitentibus
1088 2425 1280 2472 praepositi
1297 2423 1490 2459 ministerio
1502 2450 1513 2466 ‚
1538 2437 1602 2471 per
1623 2425 1696 2460 sin-

195 2466 297 2548 3⁰¹²ss
314 2467 386 2502 diei
401 2468 581 2516 noctisque
601 2470 704 2505 horas
730 2472 796 2507 deo
824 2478 1066 2519 praesentatas
1086 2485 1129 2510 ex
1157 2472 1374 2509 revelatione
1404 2471 1472 2508 sibi
1490 2473 1587 2509 facta
1610 2484 1694 2520 per-

196 2525 275 2561 cepi
294 2539 304 2548 .

289 2560 388 2596 Anno
406 2561 655 2605 sexcentesimo
672 2564 836 2600 vicesimo
856 2567 977 2612 quinto
995 2568 1094 2603 Enos
1114 2572 1218 2603 natus
1239 2570 1295 2604 est
1312 2566 1460 2603 cainan.
1509 2566 1581 2602 Hic
1609 2578 1694 2602 cen—

193 2608 320 2643 tum'et
339 2608 563 2655 septuaginta
580 2620 743 2646 annorum
762 2613 888 2648 aetatis
912 2615 1035 2661 genuit
1050 2614 1224 2651 Maleleel.

193 2655 614 2737 uxor'gxsnlffiaizghAdamo
645 2664 762 2695 creato
789 2661 1099 2708 septingentesimo
1125 2662 1349 2710 nonagesimo
1381 2661 1518 2697 Cainan
1552 2660 1694 2710 accepit

219 2794 229 2804 ·
289 2749 387 2784 Anno
415 2749 718 2796 septingentesimo
741 2755 963 2800 nonagesimo
996 2757 1120 2804 quinto
1148 2757 1285 2793 Cainan
1316 2760 1452 2792 centum
1481 2758 1518 2792 et
1548 2759 1694 2803 septua-

193 2797 296 2841 ginta
320 2807 427 2831 annos
451 2801 552 2832 natus
580 2798 700 2843 genuit
727 2800 899 2838 Maleleel.
947 2805 1110 2840 Maleleel
1140 2816 1243 2851 porro
1275 2817 1365 2840 anno
1383 2805 1479 2840 vitae
1506 2816 1590 2839 suae
1607 2816 1697 2839 cen-

192 2841 317 2925 {333⁰
336 2844 551 2889 oexflgesissw
579 2844 723 2892 quinto,
755 2849 874 2884 mundi
898 2862 983 2887 vero
1010 2852 1273 2899 nongentesimo
1306 2851 1524 2900 sexagesimo
1537 2877 1548 2895 ,
1571 2851 1696 2898 genuit

285 2938 384 2973 Anno
405 2938 665 2984 nongentesimo
677 2940 854 2978 tricesimo
863 2944 1025 2990 Adamus,
1043 2946 1179 2983 relictis
1193 2946 1276 2982 filiis
1293 2945 1442 2993 triginta
1459 2946 1587 2991 tribus,
1604 2945 1697 2983 filia-
