1800 3236
539 173 784 220 CHRONO
790 174 1072 221 GRAPHIA.
1463 173 1565 222 407

64 285 110 332 ἓν
144 290 200 345 γῇ
230 282 371 330 Ἰούδα
402 285 472 330 καὶ
497 284 542 330 ἓν
566 284 736 345 Ἰσραὴλ
755 283 1012 345 ἐνεπύρισεν,
1046 287 1117 330 ἵνα
1140 283 1277 347 στήσῃ
1299 290 1399 341 τοὺς
1416 288 1567 348 λόγους

62 356 164 408 τοὺς
194 354 504 415 γεγραμμένους
533 360 609 400 τοῦ
636 354 770 413 νόμου
800 357 868 401 ἐπὶ
898 352 975 401 τοῦ
1008 359 1177 414 βιβλίου
1203 357 1227 402 ὃ
1260 352 1353 416 εὗρε
1381 363 1566 414 Χελκίας

64 425 87 471 ὃ
116 427 249 485 ἱερεὺς
281 426 326 470 ἐν
351 430 412 485 τῷ
433 426 534 486 οἷ’κῳ
553 428 714 485 κυρίου.
753 425 898 483 ὅμοιος
915 428 1079 472 Ἰωσίου
1104 428 1181 472 οὐκ
1201 426 1379 486 ἐγενήθη
1406 429 1565 490 ἴμπρο-

61 501 169 542 σθεν
197 496 329 541 αὐτοῦ
338 530 352 551 ,
390 495 440 548 ὃς
465 495 692 554 ἐπέστρεψε
722 497 830 556 πρὸς
850 494 994 554 κύριον
1012 499 1056 542 ἐν
1076 496 1153 558 ὅλῃ
1171 500 1325 561 καρδίᾳ
1343 500 1476 544 αὐτοῦ
1494 504 1565 544 καὶ

31 568 108 612 5ἓν
126 566 205 627 ὅλῃ
238 571 359 627 ψυχῇ
389 565 522 611 αὐτοῦ
555 568 627 611 καὶ
651 568 695 612 ἓν
717 566 794 628 ὅλῃ
820 566 938 625 ἰσχύϊ
952 567 1085 613 αὐτοῦ
1107 568 1216 613 κατὰ
1236 567 1376 613 πάντα
1396 570 1472 615 τὸν
1490 569 1607 616 vti—D

58 655 143 694 μον
178 641 377 696 Μωὶἰσῇ,
410 638 481 682 καὶ
507 638 617 695 μετὰ
649 643 803 683 τοῦτον
831 638 907 683 οὐκ
939 638 1091 697 ἀνέστη
1121 638 1268 696 ὅμοιος
1288 639 1416 700 αὐτῷ.
1454 641 1565 699 πλὴν

60 707 137 752 οὐκ
159 706 408 766 ἀπεστράφη
429 705 572 765 κύριος
599 708 690 753 ἀπὸ
705 708 833 767 ὀργῆς
850 714 996 766 θυμοῦ
1016 710 1149 754 αὐτοῦ
1168 714 1246 754 τοῦ
1265 709 1473 768 μεγάλου,
1511 706 1576 756 οὗ.

58 777 252 836 ὠργίσθη
283 782 414 838 θυμῷ
447 777 590 837 κύριος
611 780 655 823 ἓν
673 784 733 840 τῷ
751 778 892 841 Ἰούδᾳ
911 781 978 824 ἐπὶ
1002 778 1142 825 πάντα
1163 780 1217 824 τὰ
1239 783 1563 839 παροργίσματα

57 847 87 892 ἃ
120 846 359 907 παρώργισε
397 851 656 905 Μανασσῆς.
705 851 775 893 καὶ
806 847 892 894 εἶπε
923 847 1089 907 κύριος,
1125 852 1200 894 καί
1224 868 1268 908 γε
1296 851 1371 895 τὸν
1397 850 1563 897 Ἰούδαν

0 922 47 959 10
60 916 291 976 ἇποστήσω
328 918 413 963 ἀπὸ
449 917 679 978 προσώπου
710 937 795 975 μου
803 953 818 975 ,
856 919 1006 972 καθὼς
1031 920 1249 977 ἀπέστησα
1273 921 1348 965 τὸν
1371 921 1558 980 Ἰσραὴλ,

54 990 125 1033 καὶ
142 986 380 1046 ἇπωσᾶμην
398 989 475 1045 τὴν
493 986 629 1044 πόλιν,
651 988 704 1046 ἢν
721 988 983 1047 ἐξελεξάμην,
1000 988 1291 1049 Ἰερουσαλὴμ,
1312 993 1381 1035 καὶ
1399 992 1473 1036 τὸν
1495 991 1559 1036 οἷ-

54 1076 150 1114 κον,
188 1057 237 1117 ὃν
271 1057 381 1103 εἶπα.
417 1057 526 1103 ἴστω
554 1059 606 1104 τὸ
637 1058 771 1116 ὄνομά
800 1078 885 1117 μου
906 1062 998 1105 ε’κεῖ.
1037 1063 1106 1104 καὶ
1126 1061 1254 1118 ἀνέβη
1280 1053 1436 1118 Νεχαῶ
1459 1065 1556 1106 Φα-

53 1129 144 1187 ραώ
162 1129 361 1185 βασιλεὺς
379 1127 603 1188 Αἰγύπτου
621 1130 687 1175 ἐπὶ
706 1130 780 1174 τὸν
799 1130 977 1186 βασιλέα
992 1130 1223 1189 Ἀσσυρίων
1244 1133 1310 1175 ἐπὶ
1331 1132 1404 1176 τὸν
1421 1150 1556 1177 ποτα-

49 1198 132 1255 μὸν
160 1198 420 1258 Εὐφράτην,
457 1201 526 1244 καὶ
557 1198 769 1259 ἐπορεύθη
798 1201 998 1257 βασιλεὺς
1030 1201 1194 1254 Ἰωσίας
1224 1204 1283 1254 εἷς
1303 1199 1556 1261 συνάντησιν

0 1274 41 1311 15
54 1268 184 1329 αὐτῷ.
232 1272 301 1314 καὶ
327 1270 538 1315 ἀπέστειλε
565 1271 720 1328 Negat.)
747 1271 854 1329 πρὸς
881 1271 1046 1315 Ἰωσίαν
1087 1271 1286 1330 ἀγγέλους
1316 1274 1447 1330 λε’γων
1460 1307 1475 1328 ,
1514 1275 1560 1318 τί

49 1341 141 1395 ἐμοὶ
167 1341 236 1383 καὶ
265 1342 332 1384 σοὶ
361 1345 535 1396 βασιλεῦ
556 1340 722 1399 Ἰούδας
759 1344 828 1386 καὶ
852 1341 927 1387 οὐκ
948 1342 1015 1385 ἐπὶ
1034 1342 1083 1386 σὲ
1103 1341 1192 1400 ἥκω
1216 1340 1400 1400 σήμερον
1421 1342 1547 1388 πόλε-
1573 1354 1614 1390 Ρ.
1636 1357 1709 1393 216

45 1428 128 1466 μον
158 1414 406 1467 πολεμῆσαι.
444 1413 513 1455 καὶ
546 1409 568 1456 ὅ
598 1411 700 1463 θεὸς
726 1411 811 1456 εἶπε
838 1414 1131 1457 κατασπεῦσαί
1151 1426 1230 1468 με·
1266 1411 1443 1471 πρόσεχε
1466 1414 1550 1458 ἀπὸ

45 1485 123 1524 τοῦ
154 1485 260 1524 θεοῦ
289 1485 364 1525 τοῦ
392 1482 485 1538 μετ’
507 1482 610 1538 ε’μοῦ
631 1482 691 1538 μὴ
715 1483 982 1541 καταφθείρῃ
1002 1482 1061 1526 σε’.
1099 1485 1168 1526 καὶ
1190 1482 1266 1526 οὔκ
1286 1481 1550 1541 ἀπέστρεψεν

41 1551 206 1602 Ἰωσίας
234 1550 283 1594 τὸ
316 1550 542 1610 πρόσωπον
576 1551 707 1596 αὐτοῦ
735 1552 811 1595 ἀπ’
836 1552 968 1596 αὐτοῦ
982 1585 996 1605 ,
1034 1551 1136 1596 ἀλλ’
1158 1551 1186 1609 ἢ
1208 1556 1401 1608 πολεμεῖν
1420 1553 1550 1598 αὐτόν

0 1618 332 1680 ἶῦέκραταιώθη.
385 1623 454 1665 καὶ
499 1622 574 1666 οὐκ
610 1621 763 1679 ἤκουσε
792 1622 864 1667 τὸν
894 1620 1019 1679 λόγον
1047 1623 1203 1679 Nega&
1233 1621 1303 1666 διὰ
1336 1621 1551 1680 στόματος

140 1758 175 1795 1.
193 1752 353 1802 Ἰσραὴλ]
381 1753 612 1803 Ῑερουσαλὴμ
633 1756 679 1791 G.
798 1753 1026 1802 ἕνεκύρησεν
1043 1756 1088 1793 Β.
1205 1756 1244 1793 2.
1274 1753 1335 1794 ἐπὶ
1359 1757 1403 1792 Β.
1436 1753 1476 1794 ἐκ
1498 1757 1547 1793 G.

235 1805 420 1851 Χελκίας]
458 1801 478 1839 ὁ
504 1805 671 1844 Χαλκίας
698 1803 746 1838 G.
876 1804 911 1839 3.
946 1801 1078 1850 ὅμοιος
1101 1803 1178 1840 Bm.
1212 1801 1355 1850 ὁμοίως
1381 1805 1430 1839 G.
1464 1804 1546 1841 vid.

139 1851 231 1896 Reg.
258 1851 320 1886 lV.
345 1853 414 1893 23,
437 1853 497 1888 25.
614 1849 776 1897 ἐγενήθη
804 1851 847 1886 Β.
878 1849 1063 1898 ἐγεννήθη
1093 1852 1140 1886 G.
1267 1853 1303 1887 5.
1334 1851 1399 1887 καὶ
1413 1848 1454 1887 ἓν
1476 1847 1545 1899 ὅλῃ

137 1899 245 1944 ψυχῇ
261 1897 384 1935 αὐτοῦ
400 1899 482 1934 add.
503 1898 546 1932 B.
659 1901 694 1935 6.
718 1900 863 1942 μωίῑσεῖ
877 1899 920 1933 Β.
954 1899 1057 1941 Quae
1077 1898 1189 1934 forma
1209 1898 1340 1944 ubique
1356 1897 1546 1934 restituen-

138 1945 186 1980 da
205 1945 360 1981 videtur.
485 1947 520 1983 7.
546 1942 593 1981 οὗ
613 1943 854 1992 κατεστράφη
882 1948 929 1981 G.
1053 1943 1168 1993 ὀργῆς
1191 1945 1328 1991 θυμοῦ
1342 1946 1386 1981 Β.
1409 1947 1546 1992 θυμοῦ

135 2003 202 2027 om.
219 1993 268 2029 G.
386 1994 422 2029 8.
451 1993 569 2039 θυμῷ
588 1992 708 2028 addidi
729 2004 774 2028 ex
798 1994 838 2028 B.
863 1994 996 2038 θυμοῦ
1015 1993 1059 2028 Α.
1179 1995 1215 2031 9.
1237 1991 1481 2039 παρώργησεν
1500 1994 1542 2028 Β.

207 2042 242 2075 9.
268 2040 409 2076 ἰοῦδαν
432 2041 475 2075 Β.
502 2040 623 2077 Ιυύδα
641 2042 689 2075 G.
813 2041 868 2077 12.
904 2039 1011 2087 ἔστω]
1039 2039 1142 2076 ἔσται
1161 2041 1209 2075 G.
1326 2042 1448 2086 νεχαῶ
1467 2054 1542 2086 φα-

134 2088 216 2131 ραοῖ
235 2093 437 2123 constanter
454 2088 528 2124 ΑΒ.
635 2089 690 2124 18.
714 2090 954 2136 καταφθείρῃ
975 2089 1020 2124 B.
1043 2088 1254 2136 διαφθείρῃ
1275 2089 1324 2124 G.
1360 2088 1451 2125 Vide
1470 2089 1541 2124 Pa-

134 2134 239 2181 ralip.
255 2134 302 2170 II.
326 2136 393 2178 35,
416 2136 477 2171 21.
571 2136 631 2172 20.
656 2134 736 2181 διὰ]
761 2132 838 2172 ἀπὸ
863 2136 910 2171 G.

40 2249 131 2286 Iuda
154 2256 191 2286 et
209 2250 246 2286 in
259 2250 483 2287 ffierusalem
495 2276 506 2294 ‚
525 2250 736 2298 consumpsit
752 2250 856 2296 igne,
878 2254 919 2286 ut
938 2250 1095 2286 firmaret
1108 2251 1218 2287 verba
1236 2249 1328 2298 legis
1348 2249 1484 2297 scripta
1500 2248 1538 2284 in

40 2298 152 2340 libro,
176 2309 276 2344 quem
298 2298 434 2332 invenit
451 2298 616 2333 Chalcias
635 2298 799 2333 sacerdos
814 2298 850 2332 in
874 2299 976 2333 domo
995 2298 1135 2336 domini.
1194 2297 1327 2333 Similis
1342 2298 1457 2333 Iosiae
1472 2308 1537 2332 rex

41 2349 125 2380 ante
142 2350 277 2391 tempus
296 2345 371 2380 eius
396 2357 464 2380 non
490 2346 579 2388 fuit,
603 2345 663 2391 qui
686 2357 851 2380 reversus
875 2345 982 2380 fuerit
1003 2345 1048 2380 ad
1070 2345 1243 2381 dominum
1265 2346 1302 2380 in
1328 2350 1402 2380 toto
1428 2344 1536 2379 corde

40 2404 102 2426 suo
130 2397 166 2426 et
183 2391 221 2426 in
240 2396 315 2426 tota
337 2392 470 2427 virtute
492 2405 556 2427 sua
579 2393 765 2427 secundum
786 2404 917 2427 omnem
935 2393 1048 2437 legem
1067 2393 1180 2435 Μοεί,
1204 2398 1242 2428 et
1266 2397 1346 2440 post
1366 2404 1443 2427 eum
1466 2402 1535 2426 non

38 2439 195 2473 surrexit
213 2438 335 2473 similis
357 2438 420 2473 illi.
468 2440 595 2474 Verum
621 2446 734 2474 tamen
756 2451 824 2474 non
845 2445 900 2474 est
926 2451 1071 2475 aversus
1098 2440 1255 2475 dominus
1283 2452 1305 2475 a
1327 2440 1444 2474 furore
1471 2450 1534 2472 suo

37 2485 254 2528 vehementi,
280 2497 350 2532 quo
367 2485 573 2531 indignatus
594 2493 648 2521 est
673 2485 829 2520 dominus
858 2486 894 2521 in
915 2486 1026 2530 Iuda,
1049 2498 1155 2543 super
1177 2486 1423 2528 irritamentis,
1447 2484 1534 2530 qui-

36 2533 103 2567 bus
125 2533 281 2567 irritavit
311 2544 386 2567 eum
415 2533 609 2568 manasses.
659 2533 709 2568 Et
736 2532 826 2568 dixit
851 2533 1030 2568 dominus:
1060 2541 1164 2569 etiam
1191 2535 1278 2569 Iuda
1301 2532 1488 2569 removebo
1511 2542 1533 2564 a

36 2579 129 2614 facie
145 2591 241 2623 mea,
266 2580 361 2615 sicut
378 2580 508 2614 removi
524 2579 654 2620 lsrael,
680 2584 717 2614 et
732 2580 892 2616 abiiciam
908 2581 1108 2624 civitatem,
1133 2594 1234 2629 quam
1253 2582 1424 2626 elegeram
1443 2578 1532 2612 Hie-

35 2626 187 2661 rusalem
211 2633 247 2662 et
264 2627 416 2669 domum,
438 2627 483 2662 de
504 2638 573 2672 qua
590 2626 684 2661 dixi:
716 2627 784 2662 erit
798 2639 920 2663 nomen
937 2640 1046 2663 meum
1064 2629 1126 2664 ibi.
1173 2629 1223 2664 Et
1239 2627 1421 2662 adscendit
1440 2625 1532 2659 Pha-

35 2685 98 2708 rao
128 2674 273 2708 Nechao
294 2685 356 2708 rex
384 2674 539 2719 Aegypti
558 2674 594 2708 in
623 2686 741 2720 regem
761 2675 982 2720 Assyriorum
1008 2676 1052 2711 ad
1076 2676 1203 2711 flumen
1231 2675 1469 2719 Euphratem3
1494 2674 1531 2704 et

34 2720 214 2766 profectus
233 2726 287 2755 est
307 2721 418 2755 Iosias
435 2721 583 2755 obviam.
631 2721 682 2756 Et
708 2721 802 2757 misit
819 2723 963 2757 Nechao
989 2723 1124 2768 legatos
1150 2724 1194 2758 ad
1218 2722 1365 2761 lusiam,
1390 2718 1528 2753 dicens:

35 2766 118 2813 quid
138 2766 221 2801 mihi
239 2772 276 2801 et
292 2767 358 2802 tibi
376 2779 440 2802 rex
457 2768 569 2803 luda?
603 2768 793 2804 Adversum
811 2775 848 2804 te
866 2770 995 2805 nullum
1014 2770 1096 2804 mibi
1113 2774 1168 2804 est
1187 2768 1290 2803 hodie
1308 2766 1434 2800 bellum
1451 2776 1528 2798 sus-

34 2820 183 2859 ceptum.
243 2814 341 2849 Deus
366 2819 478 2849 autem
509 2826 562 2850 me
582 2815 752 2851 festinare
774 2816 886 2851 iussit.
945 2817 1042 2852 Cave
1066 2816 1131 2851 tibi
1159 2828 1179 2849 a
1202 2815 1267 2849 deo
1292 2813 1381 2848 ,mihi
1404 2810 1528 2846 comite

33 2861 223 2903 adiuncto,
247 2872 292 2895 ne
310 2866 347 2895 te
365 2861 553 2896 confodiat.
600 2862 650 2897 Et
669 2875 735 2898 non
762 2864 892 2899 avertit
912 2864 1024 2899 Iosias
1049 2863 1173 2898 faciem
1193 2873 1287 2895 suam
1308 2861 1353 2894 ab
1374 2870 1438 2901 eo,
1462 2858 1524 2892 sed

34 2907 81 2942 ad
98 2907 369 2955 impugnandum
384 2920 460 2945 eum
478 2909 625 2945 mximum
640 2910 804 2958 viresque
817 2911 973 2958 sumpsit.
1020 2911 1071 2946 Et
1088 2922 1156 2945 non
1174 2907 1311 2945 audivit
1326 2906 1433 2942 verba
1448 2905 1527 2941 Ne-
