1754 3236
170 162 238 213 48
629 165 882 214 GEORGII
911 164 1199 212 SYNCELLI

168 283 467 341 κλησιαστικῆς
510 276 789 339 παραδόσεως
817 277 921 336 ἔχειν
949 277 1019 321 καὶ
1059 275 1129 320 διὰ
1158 274 1209 320 τὸ
1243 278 1531 322 νενοθεῦσθαι
1562 273 1676 321 αὕτα

168 353 251 399 ὑπὸ
273 353 490 399 Ἰουδαίων
509 353 580 395 καὶ
599 350 815 410 αἱρετικῶν
823 383 838 404 ,
876 347 986 404 πλὴν
1003 347 1072 390 καὶ
1091 344 1113 390 ὅ
1133 343 1343 406 μακάριος
1363 349 1544 398 Παῦλος
1562 362 1676 392 σπα-

168 426 269 477 νίως
303 419 509 483 ἐχρήσατό
541 437 648 466 τισιν
669 421 713 472 ἐξ
738 416 996 478 ἀποκρύφων
1010 415 1234 476 χρήσεσιν,
1274 415 1333 470 ὥς
1352 415 1455 462 ὅταν
1478 418 1607 478 φησὶν
1630 418 1675 463 ἓν

170 499 224 555 τῇ
249 495 356 554 πρὸς
371 493 632 552 Κορινθίους
647 488 794 550 πρώτῃ
817 491 1014 547 ἐπιστολῇ
1035 487 1100 543 „a
1123 487 1355 548 ὀφθαλμὸς
1387 488 1463 534 οὐκ
1495 487 1577 533 εἶδε
1604 490 1676 533 καὶ

170 562 245 617 οὖς
259 566 335 610 οὐκ
351 564 501 622 ἤκουσε
522 564 591 606 καὶ
610 563 676 605 ἐπὶ
694 561 871 620 καρδίαν
891 557 1123 617 ἀνθρώπου
1144 559 1219 603 οὒκ
1238 559 1396 617 ἀνέβη”
1411 560 1480 604 καὶ
1501 559 1557 604 τὰ
1578 557 1704 617 ἔξῆς5

165 636 292 680 Ἠλία
324 632 591 693 ἀποκρύφων.
628 633 698 676 καὶ
724 630 848 676 πάλιν
878 632 922 675 ἔν
953 634 1006 689 τῇ
1033 630 1140 690 πρὸς
1156 628 1358 683 Γαλάτας
1376 631 1421 675 ἐκ
1440 634 1517 689 τῆς
1535 633 1680 676 Meuia·-

174 707 281 758 σὲως
319 702 623 760 ἀποκαλύψεως
659 702 792 758 „aava
827 699 1030 760 περιτομή
1061 719 1103 745 τι
1134 702 1247 746 ἐστὶν
1276 700 1372 747 οὕτε
1396 701 1675 760 ἀκροβυστία,

136 771 285 822 Βάλλά
313 775 433 833 καινὴ
463 774 636 826 κτίσις.”
671 775 740 818 καὶ
770 773 813 817 ἓν
843 777 895 832 τῇ
924 771 1030 831 πρὸς
1052 772 1273 831 Ἐφεσίους
1299 772 1345 816 ἐκ
1371 777 1458 817 τῶν
1478 770 1677 832 Ἰερεμίου

170 847 397 906 λεγομένων
437 843 694 904 ἀποκρύφων
724 842 909 902 ,ἔγειραι
942 841 963 887 ὅ
995 842 1220 888 καθεύδων
1246 845 1316 888 καὶ
1346 841 1509 888 ἀνάστα
1527 845 1572 888 ἐκ
1592 848 1678 889 τῶν

168 923 349 978 νεκρῶν,
385 918 455 961 καὶ
487 913 705 975 ἐπιφαύσει
738 932 804 959 σοι
833 911 1111 974 ὃΧριστός.”
1146 918 1283 959 ταῦτα
1320 915 1366 958 δὲ
1391 912 1493 971 ἡμῖν
1516 914 1676 974 εἴρηται
1688 926 1735 964 10

170 990 221 1034 οὗ
244 989 349 1048 πρὸς
377 987 519 1032 ἄδειαν
552 991 637 1031 τῶν
665 985 933 1042 βουλομένων
962 982 1207 1045 ἀδιαφόρως
1225 986 1370 1037 αὐτοῖς
1391 984 1675 1044 ἐντυγχάνειν·

170 1061 231 1118 μὴ
249 1060 403 1118 γε’νοιτο
418 1073 428 1083 ·
465 1059 611 1102 πολλοὶ
629 1057 709 1116 γὰρ
729 1054 972 1114 ἐβλάβησαν
989 1056 1032 1101 ἓν
1050 1060 1179 1101 πᾶσιν
1200 1056 1346 1108 αὐτοῖς
1362 1054 1675 1113 πιστεύσαντες,

171 1130 276 1176 ὅθεν
303 1132 372 1175 καὶ
400 1127 426 1187 ἦ
458 1127 552 1187 ἁγία
583 1132 659 1173 τοῦ
688 1131 796 1172 θεοῦ
827 1128 1024 1185 ἐκκλησία
1050 1129 1120 1172 καὶ
1154 1125 1175 1172 ὃ
1194 1127 1326 1187 χορὸς
1345 1132 1430 1173 τῶν
1447 1126 1678 1189 θεοφόρων

169 1200 292 1260 ἡμῶν
311 1201 501 1259 πατέρων
513 1197 715 1244 ἐκώλυσεν
736 1196 995 1256 ἐντυγχάνειν
1018 1198 1177 1254 αὐτοῖς,
1202 1197 1342 1258 ὥσπερ
1363 1203 1416 1258 τῇ
1432 1201 1531 1262 θεία
1550 1203 1678 1260 λοιπῇ

168 1276 338 1332 γραφῇ·
363 1273 431 1316 καὶ
451 1269 569 1328 ἡμεῖς
579 1270 656 1322 τὰς
673 1270 988 1329 προγραφείσας
999 1267 1172 1328 χρήσεις
1182 1267 1288 1329 ὑπὲρ
1302 1274 1378 1314 τοῦ
1393 1271 1522 1323 δεῖξαι
1542 1268 1676 1328 μόνον
1687 1282 1735 1322 15

167 1343 246 1402 τὴν
265 1347 351 1388 τῶν
363 1339 596 1401 ἐγρηγόρων
611 1339 853 1400 παράβασιν
873 1342 941 1384 καὶ
954 1340 1030 1399 τὴν
1045 1346 1130 1386 τῶν
1139 1339 1342 1399 γιγάντων
1358 1341 1567 1398 ἀσέβειαν,
1581 1344 1677 1402 περὶ

167 1408 221 1471 ἧς
241 1415 310 1458 καὶ
330 1411 351 1458 ὃ
375 1418 493 1465 θεῖος
511 1415 706 1469 Μωῢσῆς
725 1412 956 1469 μέμνηται,
987 1413 1057 1457 καὶ
1076 1410 1140 1457 ὅτι
1163 1412 1225 1456 δι’
1252 1411 1409 1464 αὐτοὺς
1430 1410 1451 1456 ὃ
1477 1413 1678 1470 κοσμικὰς

131 1484 308 1544 Ογέγονε
324 1483 629 1540 κατακλυσμὸς,
662 1483 941 1542 παρεθέμεθα
956 1497 967 1508 ·
996 1484 1065 1527 καὶ
1087 1481 1192 1528 ὥστε
1211 1483 1312 1536 τοὺς
1328 1483 1406 1535 τὰς
1423 1484 1679 1536 Χαλδαΐκάς
1728 1517 1733 1525 .

117 1594 119 1596 .
168 1558 238 1599 καὶ
266 1554 558 1613 Αἰγυπτιακὰς
587 1554 882 1613 ἀρχαιολογίας
916 1552 1167 1614 γράψαντας
1194 1554 1254 1612 μὴ
1285 1556 1372 1599 δεΐν
1403 1553 1676 1614 Χριστιανῶν

165 1623 477 1683 ὑπολαμβάνειν
488 1659 503 1682 ,
542 1623 607 1670 ὅτι
641 1624 723 1669 ἀπὸ
756 1624 1335 1686 ἓνδιαθέτωνῆἀποκρύφων
1355 1627 1533 1682 βιβλίων
1553 1626 1734 1684 ἴσχον20

169 1698 472 1755 οἱανδηποτοῢν
507 1695 706 1756 ἀφορμὴν
733 1700 811 1754 τῆς
833 1697 984 1749 οἰκείας
999 1698 1284 1757 ψευδηγοριάς
1301 1698 1371 1741 καὶ
1388 1701 1474 1743 τῶν
1493 1697 1676 1758 ἀπείρων

262 1795 299 1835 4·
332 1794 501 1848 “edwi
524 1796 615 1843 (381)-
639 1795 696 1840 ῙῙ,
729 1797 766 1833 9-
872 1794 973 1835 εἶδεν
996 1798 1038 1834 Α.
1074 1795 1178 1835 οἶδεν
1202 1798 1252 1835 G.
1354 1799 1388 1834 6.
1420 1791 1499 1832 Διά
1527 1793 1567 1830 τί
1592 1790 1677 1830 ἔνια

263 1843 366 1891 (ἔνιοι
390 1845 438 1879 G.
465 1848 563 1880 εἰναι
584 1844 643 1886 Α.)
671 1841 869 1892 ἀπόβλητοι
884 1844 1002 1883 νόθια
1025 1857 1145 1893 margo
1169 1846 1212 1882 A.
1293 1845 1327 1881 6.
1353 1842 1543 1888 Γαλάτας]
1568 1841 1615 1886 V,
1640 1841 1676 1878 6.

332 1893 414 1939 τῆς]
438 1893 508 1929 τοῦ
531 1904 577 1928 m.
672 1893 708 1929 7.
732 1890 832 1929 ἐστὶν
856 1893 896 1929 Α.
932 1892 1037 1931 ἔσται.
1060 1894 1108 1928 G.
1201 1894 1236 1930 8.
1257 1887 1472 1938 Ἐφεσίους]
1497 1890 1544 1935 V,
1569 1887 1628 1925 14.

266 1940 343 1976 τῶν
366 1942 408 1975 Α.
457 1941 529 1976 τοῦ
555 1939 603 1974 Gr.
699 1942 755 1978 11.
791 1937 1018 1990 ἀδιαφόρως
1049 1940 1131 1978 add.
1164 1940 1208 1976 A.
1304 1941 1362 1977 13.
1397 1936 1522 1988 χωρὸς
1551 1937 1596 1972 Α·

269 1989 328 2025 17.
352 1988 545 2034 Μωῢσῆς]
579 1986 695 2033 Vulgo
719 1990 865 2034 Μωσῆς
893 1996 930 2026 et
953 1989 1069 2038 paullo
1094 1991 1177 2036 post
1198 1985 1380 2030 Μωσέως.
1487 1985 1544 2022 19.
1576 1986 1676 2031 Χρι-

269 2032 444 2078 στιανούς
468 2047 512 2072 ιιι.
606 2035 665 2071 20.
689 2032 713 2083 ἢ
738 2037 781 2071 Α.
812 2037 877 2075 καὶ
902 2039 951 2074 G.
1046 2039 1105 2074 21.
1129 2034 1297 2083 ἀπείρων
1318 2037 1363 2072 Α.
1394 2032 1552 2081 ἀπόρων
1577 2034 1627 2069 G.

175 2128 243 2153 nea
264 2116 395 2164 quippe
413 2120 451 2153 et
473 2117 516 2153 ab
536 2117 773 2156 ecclesiastica
794 2119 986 2156 traditione
1004 2118 1119 2155 aliena
1140 2117 1340 2161 continent,
1364 2122 1402 2154 et
1429 2128 1451 2152 a
1469 2115 1612 2152 Iudaeis
1631 2127 1676 2151 ac

175 2165 377 2200 Haereticis
397 2165 594 2201 adulterata
617 2171 767 2202 constat.
816 2168 986 2211 Quamvis
1014 2168 1140 2202 beatus
1155 2167 1286 2202 Paulus
1304 2165 1591 2212 Apocryphorum
1619 2163 1676 2198 ‹li-

175 2212 243 2247 ctis
259 2223 501 2258 nonnunquam
522 2212 631 2248 fuerit
649 2225 752 2258 usus3
769 2220 810 2250 ut
826 2228 902 2251 cum
915 2216 954 2250 in
969 2214 1092 2262 prima,
1113 2225 1214 2260 quam
1235 2213 1379 2260 scripsit
1398 2213 1443 2249 ad
1456 2210 1675 2254 Corinthios,

174 2259 326 2305 epistola
348 2259 453 2294 dicit:
486 2261 603 2296 oculus
634 2273 703 2296 non
736 2262 849 2306 vidit,
881 2275 948 2298 nec
976 2262 1070 2298 auris
1096 2261 1254 2304 audivit,
1278 2273 1345 2296 nec
1373 2260 1412 2296 in
1439 2271 1500 2295 cor
1525 2258 1675 2294 hominis

173 2305 367 2350 adscendit,
385 2310 480 2349 cett„
499 2320 587 2353 quae
606 2309 746 2355 quidem
762 2322 806 2345 ex
814 2310 939 2352 Heliae
955 2309 1146 2356 desumpsit
1161 2307 1394 2355 Apocryphis.
1419 2307 1470 2343 Et
1485 2318 1621 2342 rursum
1637 2305 1675 2340 in

172 2365 236 2408 eja,-
248 2365 339 2399 quae
358 2358 413 2408 est
431 2355 476 2389 ad
495 2356 654 2399 Galatas,
679 2370 724 2392 ex
741 2358 852 2393 Mosis
870 2358 1085 2394 revelatione
1099 2357 1186 2392 haec
1205 2357 1323 2391 habet.
1372 2356 1502 2411 Neque
1523 2354 1675 2389 circum-

171 2412 260 2437 clsm
278 2405 333 2435 est
351 2401 503 2447 ahquid,
528 2415 640 2449 neque
659 2406 899 2450 praeputium,
930 2405 994 2440 sed
1021 2416 1114 2440 nova
1141 2410 1317 2439 creatura.
1366 2403 1420 2438 Et
1444 2414 1481 2437 1n
1514 2413 1557 2437 ea
1582 2412 1675 2448 quae

173 2450 229 2483 est
251 2448 297 2482 ad
310 2447 487 2494 Ephesios
507 2461 550 2484 ex
567 2452 789 2497 Apocryphis
808 2453 1011 2488 Hieremiae
1030 2451 1231 2499 adscriptis.
1279 2450 1447 2486 Excitare
1466 2449 1528 2496 qui
1543 2447 1674 2483 dormis

172 2499 211 2530 et
235 2505 387 2541 exsurge
405 2506 425 2529 a
443 2496 588 2531 mortuis
611 2502 647 2533 et
664 2498 871 2535 illuminabit
890 2506 928 2535 te
947 2500 1119 2535 Christus.
1168 2499 1267 2534 Haec
1292 2510 1314 2534 a
1338 2497 1439 2533 nobis
1466 2496 1579 2539 dicta,
1604 2507 1675 2530 non

171 2553 242 2588 quo
253 2541 315 2576 illa
331 2542 470 2588 legendi
481 2555 546 2590 per
556 2555 618 2579 nos
634 2545 784 2580 facultas
798 2548 1030 2583 concedatur:
1051 2559 1095 2582 ne
1112 2547 1188 2589 fiat,
1205 2559 1226 2582 o
1245 2546 1333 2582 deus
1348 2547 1357 2581 !
1380 2545 1500 2592 plures
1522 2553 1673 2589 namque

170 2589 242 2623 fide
259 2589 330 2624 illis
347 2594 488 2636 praeter
503 2591 671 2626 rationem
692 2593 848 2630 exhibita
868 2607 938 2630 non
960 2595 1130 2630 modicum
1151 2598 1378 2640 reportarunt
1402 2592 1579 2627 damnum:
1603 2590 1673 2624 hac

171 2636 217 2672 de
241 2647 347 2672 causa
367 2640 489 2672 sancta
516 2637 576 2673 dei
597 2639 766 2683 ecclesia,
793 2644 830 2676 et
858 2642 917 2676 dei
946 2642 1125 2689 plenorum
1153 2641 1281 2687 spiritu
1309 2643 1447 2686 patrum
1474 2641 1674 2674 nostrorum

171 2688 293 2719 coetus
311 2683 381 2719 illis
400 2695 513 2730 aeque
532 2697 573 2720 ac
594 2698 716 2722 sacrae
737 2688 934 2734 scripturae
960 2689 1155 2724 adhaerere
1171 2688 1370 2735 prohibuit:
1394 2698 1460 2721 nec
1480 2685 1549 2720 nisi
1579 2695 1674 2719 com-

171 2730 312 2766 missum
328 2732 373 2767 ab
390 2732 573 2778 egregoris
591 2733 703 2768 scelus
720 2760 731 2777 ‚
756 2735 1018 2782 Gigantumque
1038 2737 1253 2783 impietatem
1282 2747 1304 2770 a
1320 2735 1423 2770 Mose
1440 2736 1676 2776 memoratam,

171 2778 403 2825 mundumque
411 2783 556 2826 propter
567 2792 626 2815 eos
637 2782 794 2826 generali
804 2782 934 2818 diluvio
945 2785 1117 2819 ostensuri
1128 2783 1344 2824 inundatum,
1354 2780 1504 2828 scriptas
1513 2778 1675 2827 superius

173 2826 218 2861 ab
236 2825 286 2861 eis
302 2826 528 2862 auctoritates
544 2827 581 2862 in
600 2828 748 2864 medium
766 2830 990 2866 adduximus:
1012 2843 1053 2866 ac
1065 2836 1103 2866 ut
1115 2831 1261 2876 insuper
1270 2829 1538 2864 Chaldaicarum
1557 2830 1595 2862 et
1604 2827 1676 2862 Ae-

173 2872 416 2921 gyptiacarum
434 2874 677 2921 antiquitatum
690 2875 882 2922 scriptores
905 2878 1019 2913 nullus
1039 2878 1260 2913 Christianos
1278 2879 1436 2918 censeat3
1456 2874 1676 2922 propriarum

176 2920 266 2957 enim
283 2920 352 2957 sibi
372 2921 569 2958 fabularum
595 2926 631 2959 et
658 2922 872 2960 infinitorum
891 2937 1057 2962 annorum
1075 2928 1337 2972 argumentum,
1360 2922 1510 2959 iactatos
1537 2932 1677 2970 quoque
