1800 3236
559 199 1084 247 CHRONOGRAPHIA.
1476 193 1579 242 477

190 307 376 361 Μᾶλλον
408 311 456 358 δὲ
480 311 537 357 τὰ
564 310 672 356 κατὰ
702 310 782 369 τὴν
793 309 957 355 ’lavdi-9
975 308 1028 355 ἄν
1051 327 1115 362 τις
1135 308 1261 362 ἀξίως
1278 307 1484 367 ὑπολάβοι
1505 326 1603 357 περ*

87 389 282 445 πρᾶχθαι
313 385 378 428 ἐπὶ
396 380 560 428 τούτου
591 384 660 426 καὶ
679 382 752 426 τὸν
764 379 1044 440 Ὅλοφὲρνην,
1082 381 1166 424 ἐπεὶ
1187 382 1257 424 καὶ
1270 380 1457 436 Ἰωακεὶμ
1480 379 1501 425 ὅ
1523 382 1581 425 ἱε-

89 456 186 514 ρεὺς
203 453 225 499 ὅ
242 453 388 512 μέγας,
424 451 483 504 ὥς
500 453 544 496 ἓν
560 457 613 511 τῇ
626 452 790 495 Ἰουδὶθ
806 452 1046 510 γέγραπται,
1082 445 1137 507 ἦν
1150 448 1454 509 ἀρχιερατεύων
1471 451 1578 494 κατὰ
1598 461 1639 496 Ρ.
1661 461 1728 498 251

85 525 189 576 τοῦς
213 522 393 583 χρόνους
428 523 573 582 αὗτῇς.
612 520 634 566 ὅ
656 524 682 565 δ
690 522 703 538 '
729 521 858 572 αὐτὸς
882 522 950 564 καὶ
973 522 1039 564 ἐπὶ
1060 522 1183 564 τοῦδε
1202 525 1278 564 τοῦ
1298 519 1476 577 Ξέρξου.
1514 520 1582 563 εὗ-

58 592 224 653 5λόγως
247 594 332 653 ἄρα
350 594 419 637 καὶ
436 590 831 650 Ναβουχοδονόσωρ
853 590 904 635 ἷίν
927 608 991 642 τις
1007 590 1080 635 τὸν
1098 589 1227 634 αὐτὸν
1242 588 1450 645 ὑπολάβοι
1469 588 1581 647 Ξέρ-

87 667 187 721 ξην,
226 659 276 709 οὗ
307 663 416 708 κατὰ
450 662 499 707 τὸ
531 660 584 719 ιη’
607 662 698 713 ἔτος
719 660 740 706 ὅ
760 660 1015 720 Ὁλοφὲρνης
1035 658 1291 717 ἐξαπεστάλη
1319 659 1427 704 κατὰ
1444 657 1584 717 πάσης

87 734 249 792 Συρίας
279 735 349 778 καὶ
378 731 625 790 Αἰγύπτου,
665 730 721 784 ὥς
736 733 861 775 ἐκεῖσε
889 732 1125 789 γέγραπται.
1163 724 1288 781 οὗτος
1309 731 1378 773 καὶ
1395 730 1471 787 τὴν
1492 730 1582 774 Λῖ-

87 821 243 863 γυπτον
275 801 599 862 τυραννήσασαν
638 803 703 846 ἐπὶ
730 806 806 845 τοῦ
835 801 996 858 πατρὸς
1022 800 1152 844 αὗτοῦ
1176 801 1362 858 Δαρείου
1391 799 1583 844 καθυπέ-

87 877 186 926 ταξε
213 875 282 917 καὶ
310 873 388 924 τὰς
400 870 587 929 Ἀθήνας
611 872 806 930 ἐνέπρησε
830 870 907 914 σὺν
929 875 1103 921 πολλαῖς
1120 868 1294 928 μυριάσι
1313 871 1381 913 καὶ
1401 874 1582 930 ναυτικῷ

35 945 272 1005 1ομεγίστῳ
302 940 634 1002 παραγενόμενος
664 943 722 993 εἷς
750 938 959 994 Ἑλλάδα,
1000 938 1047 990 ὃς
1079 939 1280 984 εἶσελθών
1312 939 1388 990 τὰς
1415 942 1583 998 Θερμο-

86 1013 223 1065 πύλας
254 1015 324 1057 καὶ
356 1011 576 1056 κατελθὼν
604 1013 662 1062 εἷς
685 1014 868 1069 Πειραιᾶ
902 1015 956 1068 τῇ
987 1011 1217 1071 στρατηγίᾳ
1251 1009 1579 1065 Θεμιστοκλέους
1587 1027 1617 1062 Β

87 1085 132 1127 ἒν
154 1083 398 1143 Ἀρτεμισίῳ
435 1083 505 1126 καὶ
540 1086 749 1137 Σαλαμῖνι
777 1082 869 1139 νίκῃ
896 1082 1040 1131 δεινῶς
1058 1078 1221 1138 πράξας
1238 1077 1359 1135 μόλις
1379 1077 1583 1124 ἐπάνεισιν

87 1155 146 1204 εἷς
162 1153 216 1197 τὰ
236 1155 378 1207 οἰκεῖα,
416 1150 670 1210 Μαρδόνιον
690 1153 759 1194 καὶ
785 1151 1029 1195 ΙΠασίστιον
1049 1149 1308 1206 στρατηγοὺς
1323 1151 1583 1205 καταλείψας

86 1223 167 1267 σὺν
183 1220 407 1282 τριάκοντα
434 1219 633 1280 μυριάσιν
662 1222 706 1265 ἓν
723 1225 965 1271 Πλαταιαῖς
988 1222 1056 1263 καὶ
1081 1218 1270 1278 ΖΙΙυκάλῃ
1289 1219 1457 1279 πολέμῳ
1476 1237 1581 1277 κρα-

32 1298 78 1336 15
89 1293 322 1350 τηθέντας,
359 1291 520 1336 κάκεῖσε
552 1292 869 1349 διαφθαρέντας
897 1288 1033 1334 πολλά
1063 1307 1108 1334 τε
1134 1289 1428 1347 βουληθέντας
1445 1289 1582 1347 Ἀθη-

86 1363 492 1415 ναίοις-σπείσασθαι
511 1363 580 1405 καὶ
597 1361 657 1418 μὴ
681 1361 952 1418 δυνηθέντας.

194 1431 304 1478 Τότε
336 1434 406 1477 καὶ
438 1433 609 1484 Φειδίας
648 1429 670 1476 ὃ
698 1429 887 1488 πλάστης
914 1431 984 1474 καὶ
1010 1426 1243 1489 Ἡρόδοτος
1270 1427 1479 1487 ἱστορικὸς
1502 1427 1581 1485 ἦκ-

86 1505 232 1560 μαζον.

191 1571 318 1618 Κατὰ
349 1567 501 1616 τοῦτόν
533 1587 640 1631 φασι
671 1573 841 1630 πρῶτον
868 1567 1064 1628 γενέσθαι
1096 1564 1333 1627 δικτάτωρα
1362 1564 1581 1624 Ῥωμαίοις

31 1651 79 1687 20
91 1643 287 1702 Τιβέριον
305 1640 519 1700 Μάρκιον.

192 1714 282 1758 Καὶ
308 1709 557 1769 Μιλτιάδην
577 1709 651 1755 τὸν
670 1708 904 1769 στρατηγὸν
920 1707 1026 1766 μετὰ
1044 1704 1122 1764 τὴν
1142 1706 1185 1750 ἓν
1203 1709 1454 1766 Μαραθῶνι
1470 1704 1579 1750 κατὰ

181 1812 216 1848 8.
240 1810 529 1858 τυραννήσασαν
550 1810 595 1845 Β.
618 1806 853 1855 τυραννήσας
875 1808 926 1842 G.
1036 1808 1071 1843 9.
1093 1808 1245 1848 πολλοῒς
1262 1807 1307 1842 Β.
1429 1805 1486 1842 10.
1521 1799 1577 1850 ὃς]

182 1858 235 1902 ὥς
258 1860 305 1894 G.
402 1859 458 1895 14.
480 1858 674 1898 πλατείαις
694 1857 769 1891 ΑΒ.
875 1856 931 1891 15.
953 1851 1165 1900 Ἀθηναίοις
1185 1853 1344 1898 Scaliger
1359 1863 1395 1898 p.
1411 1852 1469 1889 53.
1493 1852 1579 1886 Vul-

181 1919 228 1952 go
247 1903 453 1953 Ἀθηναῖοι.
561 1907 618 1942 16.
643 1904 886 1946 σπείσασθαι]
911 1914 960 1938 on:
974 1901 1128 1938 ’σασθαι
1146 1901 1190 1937 Β.
1284 1902 1342 1938 19.
1365 1896 1580 1945 δικτάτωρα

180 1954 358 2000 Scaliger.
392 1952 507 1999 Vulgo
529 1950 733 1997 Δικάτορα.
765 1950 856 1985 Vide
879 1961 914 1996 p.
933 1915 1003 1985 228
1023 1949 1067 1984 C.

181 2033 276 2077 Quin
293 2034 392 2070 immo
411 2045 470 2069 res
487 2033 604 2068 Iudith
632 2037 669 2068 et
683 2031 939 2077 Holophernem
958 2033 1157 2076 spectantes
1175 2027 1239 2063 sub
1266 2039 1309 2064 eo
1337 2030 1456 2074 gestas
1484 2026 1581 2062 arbi-

88 2084 240 2123 tramur3
259 2093 336 2116 cum
343 2081 471 2116 Ioacim
487 2080 650 2116 sacerdos
663 2079 721 2114 ille
738 2089 895 2123 magnus,
909 2077 971 2124 qui
992 2076 1110 2111 Iudith
1127 2075 1296 2111 volumine
1305 2077 1370 2110 sub
1389 2075 1426 2110 id
1444 2079 1581 2121 tempus

88 2129 326 2174 pontificatum
355 2128 509 2163 tenuisse
535 2127 719 2168 scribitur,
750 2126 841 2160 idem
868 2124 911 2159 ad
940 2123 1067 2159 Xerxis
1101 2128 1239 2169 tempus
1260 2122 1405 2157 ‘vixisse
1429 2122 1580 2167 legatur.

88 2175 240 2210 Xerxem
256 2176 376 2222 itaque
391 2175 537 2210 eundem
556 2186 632 2209 cum
650 2171 972 2208 Nabuchodonosor
987 2170 1110 2206 merito
1129 2170 1244 2217 quivis
1262 2169 1462 2210 arbitretur,
1482 2169 1581 2203 cuius

89 2233 178 2257 anno
198 2222 242 2259 18
261 2227 384 2257 contra
400 2221 539 2268 Syriam
573 2232 703 2255 omnem
733 2225 771 2254 et
790 2221 989 2264 Aegyptum
1016 2229 1111 2252 arma
1135 2221 1308 2260 moturus,
1331 2221 1434 2262 prout
1451 2215 1580 2250 ibidem

88 2273 321 2311 memoratur,
345 2269 587 2315 Holophernes
609 2268 732 2302 missus
754 2265 810 2300 sit.
836 2263 1078 2300 *Perduellem
1097 2265 1293 2311 Aegyptum
1318 2275 1377 2298 res
1406 2274 1515 2297 novas
1543 2266 1580 2296 et

90 2327 209 2361 regem
228 2315 297 2351 sibi
321 2315 534 2350 constituere
551 2314 745 2349 molientem
764 2312 868 2348 Darii
885 2312 999 2358 patris
1013 2311 1225 2357 temporibus
1243 2309 1381 2345 Xerxes
1403 2309 1494 2344 idem
1514 2309 1579 2342 sub

89 2361 212 2408 iugum
226 2361 352 2397 iterum
369 2362 483 2405 misit3
506 2362 660 2397 Athenas
680 2362 774 2395 ferro
792 2359 1005 2405 flammisque
1024 2357 1252 2405 depopulatus
1274 2362 1351 2400 θεῖς
1374 2355 1490 2392 multis
1517 2355 1582 2389 ho-

86 2409 214 2444 minum
234 2408 446 2455 myriadibus
466 2413 503 2444 et
518 2408 652 2454 ingenti
675 2408 786 2442 classe
813 2406 986 2442 instructa
1008 2405 1188 2440 traiiciens
1213 2404 1251 2439 in
1273 2403 1482 2445 Graeciam,
1505 2412 1582 2436 cum

90 2454 348 2501 Thermopylas
383 2456 595 2502 appulisset,
634 2454 763 2489 Piraeo
791 2453 860 2488 iam
897 2457 1065 2499 occupato
1078 2477 1092 2495 ‚
1123 2451 1371 2487 Themistoclis
1400 2448 1583 2489 industria,

89 2502 268 2538 Artemisii
293 2507 329 2536 et
348 2501 521 2537 Salamine
546 2502 698 2537 adversa
723 2501 862 2535 fortuna
885 2499 1057 2542 iactatus,
1082 2498 1142 2534 vix
1167 2503 1308 2544 ereptus
1336 2496 1491 2544 periculo
1518 2506 1582 2540 pa-

90 2549 195 2584 triam
212 2548 376 2595 repetiit3
399 2548 580 2583 Mardonia
598 2552 636 2583 et
654 2547 813 2583 Masistio
834 2546 977 2582 ducibus
1004 2557 1081 2581 cum
1099 2545 1269 2580 hominum
1287 2543 1497 2591 myriadibus
1515 2539 1582 2575 tri-

91 2596 191 2642 ginta
208 2596 361 2637 relictis,
382 2595 444 2642 qui
460 2595 538 2641 pari
557 2599 652 2630 sorte
675 2595 730 2629 nsi
750 2594 795 2629 ad
810 2593 953 2629 Platean
979 2597 1017 2629 et
1044 2593 1205 2628 Micalem
1237 2591 1326 2626 bello
1351 2590 1437 2624 victi
1460 2599 1501 2622 ac
1517 2598 1581 2632 pe·-

90 2642 186 2678 nitus
216 2642 421 2690 profligati,
444 2653 547 2688 quam
575 2653 647 2677 non
674 2641 880 2684 obtinuere,
901 2651 1024 2688 paoem
1049 2640 1094 2676 ab
1115 2637 1383 2676 Atheniensibus
1404 2633 1581 2681 supplices

91 2701 135 2723 ex
161 2690 325 2725 etierunt.

89 2702 259 2818 flopeffub
276 2737 316 2772 id
344 2739 480 2783 tempus
498 2733 644 2770 Phidias
669 2734 861 2771 statuarius
891 2737 930 2770 et
958 2733 1160 2770 Herodotus
1186 2729 1406 2767 historiarum
1434 2725 1583 2772 scriptor

137 2794 156 2818 r
200 2787 273 2818 ant.

89 2878 162 2911 mm
182 2830 272 2910 {ius
287 2828 423 2876 pariter
437 2831 556 2865 aetate
569 2827 717 2876 primum
736 2828 942 2865 dictatorem
953 2826 1135 2864 Tiberium
1152 2822 1321 2860 Marcium
1332 2822 1462 2856 Romae
1475 2829 1582 2853 crea-

222 2883 317 2913 cunt.

181 2923 376 2960 Miltiadem
392 2922 498 2960 etiam
510 2921 633 2959 ducem
652 2926 733 2970 post
745 2922 915 2959 celebrem
933 2920 1025 2958 illam
1041 2919 1088 2957 ad
1104 2916 1343 2955 Marathonem
1359 2914 1573 2960 reportatam
