1800 3236
196 118 298 184 65'8
675 135 930 183 GEORGII
957 134 1248 182 SYNCELLI

225 247 537 312 Ἱεροσολύμων.
551 248 736 307 ἓζθδομος
758 249 983 299 ἐπίσκοπος
1000 244 1197 304 Ἰωάννης
1217 245 1289 305 ἔτη
1312 244 1369 302 β’.

226 319 528 383 Ἱεροσολύμων
545 317 586 378 η’
605 320 830 371 ἐπίσκοπος
849 319 1064 369 Ματθίας
1083 317 1153 376 ἴτη
1174 315 1232 375 β’.

657 437 929 481 ΚΟΣΜΟΥ
958 437 1094 479 ΕΤΗ
1123 433 1244 498 ,⁸265-

158 525 190 562 c
557 522 649 575 Τῆς
690 519 816 570 θείας
859 514 1111 576 σαρκώσεως
1154 516 1225 576 ἴτη
1267 515 1355 578 ρθ’.

225 613 443 671 Ῥωμαίων
463 609 519 669 ιβ’
544 613 811 669 ἐβασίλευσεν
825 610 1047 671 Ἀδριανὸς
1067 610 1222 663 Αἴλιος
1242 610 1313 669 ἔτη
1333 608 1416 657 καί.
1719 619 1743 655 5

304 687 533 744 Κοδρᾶτος
556 682 577 728 ὃ
602 683 712 743 ἱερὸς
740 688 826 729 τῶν
848 680 1097 727 ἀποστόλων
1117 682 1328 740 ἀκουστὴς
1347 681 1488 743 Αῗλίῳ
1505 679 1713 741 Ἀδριανῷ

195 762 255 818 τῷ
287 753 568 814 αὐτοκράτορι
602 753 753 813 λόγους
783 754 1012 812 ἀπολογίας
1042 751 1147 812 ὑπὲρ
1179 756 1452 813 Χριστιανῶν
1491 752 1708 805 ἐπέδωκεν,

195 823 281 873 ὧδέ
307 844 398 879 πως
422 826 626 885 ἱστορῶν,
667 827 710 870 ἕν
740 823 802 877 οἷς
831 825 936 884 ἔφη·
975 828 1051 868 τοῦ
1086 825 1132 868 δὲ
1160 829 1351 883 σωτῆρος
1380 821 1503 881 ἡμῶν
1533 822 1587 867 τὰ
1612 821 1711 880 ἔργα

196 899 258 943 ἀεὶ
276 902 430 957 παρῆν.
469 897 614 955 ἀληθῆ
636 896 717 956 γὰρ
735 892 814 954 ἦν,
854 896 895 940 οἱ
916 892 1258 954 θεραπευθέντες
1289 897 1359 940 καὶ
1392 895 1432 939 οἳ
1455 890 1713 944 ἀναστάντες

195 971 240 1014 ἒκ
266 973 422 1028 νεκρῶν
449 967 525 1012 οὐκ
556 967 770 1027 ὤφθησαν
790 964 923 1024 μόνον
953 964 1290 1025 θεραπευόμενοι
1324 967 1393 1010 καὶ
1430 962 1712 1021 ἀνιστάμενοι,
1726 973 1771 1009 10

196 1040 305 1085 ἀλλὰ
334 1041 402 1083 καὶ
436 1039 497 1082 ἀεὶ
520 1036 750 1097 παρόντες,
790 1037 889 1082 οὐδὲ
913 1038 1218 1093 ἐπιδημοῦντος
1238 1035 1372 1093 μόνου
1403 1040 1480 1080 τοῦ
1503 1039 1711 1094 σωτῆρος,

196 1110 304 1156 ἀλλὰ
327 1112 397 1155 καὶ
419 1110 729 1167 ἀπαλλαγέντος
746 1104 856 1166 ἦσαν
879 1109 944 1152 ἐπὶ
954 1106 1095 1168 χρόνῳ
1123 1108 1251 1168 ἱκανῷ
1266 1122 1275 1132 ·
1315 1106 1421 1152 ὥστε
1441 1108 1510 1151 καὶ
1535 1108 1593 1158 εἷς
1614 1105 1714 1156 τοὺς

157 1181 429 1240 Βῆμετὲρους
445 1178 629 1239 χρόνους
651 1181 759 1231 τινὲς
784 1179 924 1222 αὐτῶν
943 1178 1160 1236 ἀφίκοντο.
1207 1177 1348 1239 τούτῳ
1368 1179 1437 1222 καὶ
1456 1177 1714 1235 Ἀριστείδης

188 1253 418 1309 Ἀθηναῖος
435 1249 670 1309 φιλόσοφος
693 1248 798 1309 ὑπὲρ
819 1252 1094 1308 Χριστιανῶν
1110 1246 1333 1293 ἀκόλουθα
1350 1253 1410 1310 τῷ
1431 1245 1713 1306 αὐτοκράτορι

193 1320 518 1381 προσεφώνησεν
533 1322 765 1382 Ἀδριανῷ,
805 1318 911 1378 ἅπερ
935 1317 1160 1376 δεξάμενος
1181 1317 1203 1364 ὃ
1226 1323 1399 1379 Καῖσαρ
1420 1319 1498 1364 σὺν
1516 1325 1606 1370 τοῖς
1626 1336 1711 1362 πα-
1725 1325 1770 1361 15

196 1394 250 1452 ρὰ
273 1394 468 1452 Σερενίου
491 1390 795 1451 λαμπροτάτου
817 1389 1066 1449 ἡγουμένου,
1088 1388 1146 1442 ὥς
1170 1390 1317 1436 ἄδικον
1337 1391 1399 1448 εἴη
1420 1391 1588 1434 κτείνειν
1606 1385 1713 1448 γρά-

193 1478 360 1521 ψαντος
381 1463 670 1522 Χριστιανοὺς
690 1463 869 1522 ἀκρίτως
892 1463 957 1505 ἐπὶ
975 1463 1124 1519 μηδενὶ
1153 1466 1238 1507 τῶν
1270 1459 1566 1520 ἐγκλημάτων,
1608 1458 1713 1519 γρά-

195 1553 264 1594 φει
284 1535 509 1595 Μινουκίῳ
536 1531 772 1595 Φουνδανῷ
793 1530 1029 1593 ἀνθυπάτῳ
1046 1537 1123 1590 τῆς
1144 1532 1288 1586 Ἀσίας
1307 1532 1527 1593 Ἀδριανὸς
1548 1531 1711 1590 μηδένα

194 1607 360 1651 κτείνειν
383 1604 481 1650 ἄνευ
504 1603 774 1664 ἐγκλημάτων
792 1605 863 1649 καὶ
882 1605 1150 1664 κατηγορίας.

286 1721 323 1756 2.
347 1717 517 1764 ματθίας
534 1717 565 1752 Ρ
588 1720 626 1752 et
646 1718 795 1753 Barber.
819 1718 1032 1760 Ματθαῖος
1050 1717 1098 1752 G.
1215 1718 1251 1754 9.
1274 1716 1340 1754 καὶ
1361 1716 1400 1755 οὶ
1420 1719 1550 1764 &ep-
1569 1728 1615 1752 m.

288 1770 343 1803 10.
368 1765 488 1812 μόνον
506 1766 549 1800 Ρ.
571 1763 688 1811 μόνοι
705 1766 755 1801 G.
878 1765 916 1802 οὶ
934 1768 1020 1810 θερ.
1042 1764 1108 1803 καὶ
1132 1764 1170 1802 οἳ
1195 1762 1315 1802 οἷνιστ.
1336 1766 1386 1802 G.
1503 1766 1560 1802 13.
1583 1762 1710 1810 τούτῳ

288 1825 333 1849 m.
359 1816 475 1850 τοῦτο
497 1813 546 1849 G.
644 1815 699 1850 16.
726 1813 894 1858 σερευίου
907 1814 948 1849 P.
974 1814 1138 1861 Σερνίου
1152 1814 1200 1848 G.
1227 1815 1356 1850 Sereno
1380 1812 1554 1848 Eusebius
1575 1824 1610 1859 p.
1625 1813 1708 1849 383.

288 1860 636 1947 νηιζῖάὲῗῖἶῖεἱῖ·
653 1860 1390 1947 ἔᾶαῗνᾏὲἶῖἶιῖηηιιηηῖὃὲιζῗὲἕῖἷιῖανῷ
1409 1860 1572 1907 scauger
1593 1872 1628 1908 P·
1650 1862 1708 1897 ⁸¹·

242 2013 561 2061 Hierosolymorum
580 2014 769 2062 episcopus
788 2016 812 2051 7
833 2015 985 2050 Ioannes
1002 2015 1103 2052 annis
1119 2016 1158 2053 2.

244 2061 419 2098 Hierosol.
437 2063 547 2110 episc.
570 2064 593 2099 8
611 2063 818 2099 Matthaeus
836 2062 936 2099 annis
953 2065 988 2100 2.

665 2146 824 2187 ANNI
853 2146 1065 2188 MUNDI
1097 2147 1225 2192 5609.

611 2215 775 2252 Drvnus
800 2227 1091 2252 INcARNA'mole
1115 2227 1178 2252 AN.
1205 2216 1284 2254 109.

241 2271 475 2307 Romanorum
495 2271 692 2320 Imperator
711 2277 756 2311 12
773 2275 890 2310 Aelius
910 2275 1085 2311 Adrianus
1104 2275 1204 2310 annis
1225 2276 1282 2311 12.

292 2319 538 2365 Apostolorum
565 2333 665 2356 sacer
694 2322 833 2358 auditor
862 2322 1067 2364 Quadratus
1092 2322 1193 2357 Aelio
1216 2320 1372 2356 Adriano
1396 2330 1461 2368 pro
1489 2317 1705 2354 Christianis

196 2365 432 2401 defensionem
465 2367 614 2410 obtulit,
646 2368 685 2403 in
717 2370 808 2404 hunc
837 2365 914 2405 fere
943 2369 1079 2404 modum
1100 2381 1159 2404 res
1185 2369 1229 2404 ab
1255 2369 1308 2404 eis
1333 2373 1454 2414 gestas
1480 2371 1704 2414 prosecutus.

197 2413 300 2455 Quae
318 2414 521 2460 praestabat
541 2426 651 2461 opera
671 2416 846 2459 salvator,
871 2416 1199 2463 conspiciebantur3
1225 2427 1247 2451 a
1265 2414 1469 2463 praestigiis
1486 2414 1577 2451 enim
1601 2413 1704 2459 longe

197 2462 369 2504 aberant,
403 2465 440 2496 et
462 2473 484 2498 a
511 2462 642 2497 morbis
666 2463 780 2499 curari
809 2468 846 2500 et
872 2475 895 2498 a
920 2464 1065 2498 mortuis
1090 2464 1246 2499 homines
1284 2463 1434 2500 excitari
1459 2474 1528 2497 non
1556 2461 1705 2496 vidimus

193 2507 386 2551 duntaxat,
415 2509 478 2544 sed
497 2515 534 2545 et
554 2509 624 2556 ipsi
644 2521 666 2545 a
685 2510 814 2546 morbis
841 2510 954 2546 curati
973 2514 1009 2546 et
1032 2523 1054 2546 a
1070 2511 1218 2547 mortuis
1237 2511 1382 2547 excitati
1430 2509 1595 2551 erstitere
1611 2508 1705 2550 vivi;

193 2566 261 2590 nec
291 2555 391 2590 modo
418 2556 594 2592 salvatore
617 2557 654 2592 in
682 2558 790 2593 terris
817 2558 932 2593 adhuc
961 2558 1209 2605 peregrinante
1237 2559 1330 2602 visi,
1355 2571 1395 2594 se
1441 2557 1502 2592 illo
1531 2556 1637 2592 etiam
1666 2556 1705 2590 in

194 2602 311 2638 caelos
329 2604 480 2639 abeunte
497 2605 702 2652 superfuere
719 2605 875 2649 diutius3
900 2605 988 2640 adeo
1011 2611 1052 2641 ut
1068 2618 1185 2642 eorum
1203 2607 1344 2654 quidam
1357 2608 1479 2642 nostra
1497 2603 1602 2640 etiam
1616 2606 1705 2638 tem-

193 2661 285 2696 pora
310 2650 507 2697 attigerint.
557 2652 728 2688 Oratione
755 2665 822 2688 non
849 2653 998 2688 absimili
1029 2654 1204 2690 Aristides
1227 2651 1452 2690 Atheniensis
1473 2651 1702 2698 philosophus

194 2708 262 2743 pro
282 2697 494 2733 Christianis
520 2711 638 2735 coram
658 2699 811 2735 Adriano
841 2699 1003 2747 principe
1023 2701 1242 2738 declamavit.
1290 2702 1359 2737 His
1387 2698 1566 2746 acceptis,
1598 2698 1703 2733 lectis

195 2744 302 2779 etiam
331 2757 422 2791 quae
452 2747 606 2782 Serenus
636 2747 707 2782 dux
737 2747 993 2783 illustrissimus
1025 2749 1241 2795 scripserat,
1276 2761 1382 2785 causa
1415 2745 1574 2782 nimirum
1608 2745 1702 2780 haud

195 2790 294 2826 dicta
311 2792 455 2828 sceleris
475 2793 626 2830 cuiusvis
642 2795 789 2830 obtentu
810 2795 1031 2831 Christianos
1050 2797 1166 2831 occidi
1185 2797 1285 2832 nefas
1307 2807 1406 2838 esse;
1436 2793 1588 2829 Minutio
1606 2791 1702 2828 Fun-

197 2837 287 2873 dano
306 2839 411 2875 Asiae
432 2841 632 2886 proconsuli
649 2842 778 2878 litteris
796 2842 972 2878 Adrianus
990 2843 1160 2890 imperat,
1184 2844 1318 2879 nullum
1340 2840 1484 2879 crimine
1509 2852 1577 2877 non
1598 2839 1702 2888 plene

197 2886 366 2932 probato,
390 2890 426 2923 et
443 2888 666 2927 accusatione
688 2902 756 2927 non
777 2890 991 2938 praemissa,
1016 2891 1118 2927 morti
1135 2891 1353 2929 tradendum.
