1800 3236
539 148 1090 196 <(τιειιιοΝοοιῑιιΡΗΙΑ.4
1451 142 1570 221 585

68 264 201 310 δαίων
217 263 288 309 διὰ
311 262 363 309 τὸ
391 260 649 307 ἀντιπίπτειν
670 265 725 320 τῇ
757 257 916 305 ἐκδόσει
947 258 1080 304 αὐτοῦ
1109 258 1164 304 τὰ
1182 255 1249 304 λδ’
1272 257 1344 318 ἔτη
1359 259 1568 319 ’Υρκανοῦ

67 335 177 394 πρὸς
194 333 360 385 τούτοις
377 332 449 390 ἴτη
469 330 508 390 γ’
527 337 604 389 τῆς
618 329 813 390 Ἡρώδου
832 331 1049 387 βασιλείας
1076 328 1353 386 ἐκολόβωσεν,
1392 332 1483 376 ἀντὶ
1509 331 1570 387 λζ’

70 406 176 449 ἐτῶν
194 403 307 462 μόνα
333 401 399 447 λδ’
422 400 716 460 στοιχειώσας·
754 400 855 462 ὅπερ
876 403 912 445 εἲ
939 403 1077 457 δῶμεν
1097 399 1347 458 ἀληθεύειν,
1386 399 1605 460 εὖρεθή-Β

70 491 189 519 σεται
217 472 418 531 θνήσκων
439 470 638 532 Ἡρώδης
669 471 778 516 κατὰ
803 471 852 516 τὸ
881 475 1051 530 πρῶτον
1079 469 1172 523 ἕτος
1192 476 1269 528 τῆς
1291 470 1572 529 ἐνανθρωπή-

42 548 180 596 δσεως
215 549 293 589 τοῦ
325 544 468 602 κυρίου
493 545 562 587 καὶ
590 547 698 587 θεοῦ
730 543 799 586 καὶ
827 546 1019 600 σωτῆρος
1049 538 1170 598 ὴμῶν
1194 541 1333 600 Ἰησοῦ
1360 545 1571 601 Χριστοῦ,

71 614 175 674 ὅπερ
196 614 352 659 ἄτοπον
372 613 482 658 κατὰ
503 613 581 665 τὰς
599 611 859 671 εῧαγγελικὰς
878 609 1147 671 παραδόσεις.

130 723 363 782 Εὖσεβίου
391 728 477 771 τοῦ
506 725 754 783 Παμφίλου
790 724 895 782 περὶ
918 719 1177 781 Ἀντιγόνου
1205 721 1283 768 καὶ
1309 720 1467 777 τέλους
1492 727 1574 784 τῆς

212 792 444 840 Ἰουδαίων
485 795 733 854 βασιλείας,
782 792 1076 851 προρρήσει-ὅς
1117 809 1165 838 τε
1207 794 1292 837 τοῦ
1329 792 1573 852 προφήτου

219 863 419 924 Δανιὴλ,
453 864 557 924 περὶ
593 867 687 911 τῶν
716 863 751 910 o'
782 862 1073 925 ἑβδομάδων,
1101 862 1177 909 καὶ
1199 860 1408 922 Ἡρώδου
1433 861 1574 910 α’λλο-

16 946 63 983 10
216 932 382 993 φύλου.

169 1006 403 1067 ’Ἀντίγονος
428 1015 483 1070 τῇ
511 1010 729 1055 Ἰουδαίων
757 1008 949 1070 βασιλείᾳ
971 1006 1212 1059 ἐπαναστὰς
1232 1009 1302 1052 καὶ
1322 1009 1459 1054 πολλὰ
1477 1012 1612 1061 δια-ο

72 1077 369 1136 μαχησάμενος
404 1080 657 1137 ἀναιρεῖται,
693 1082 763 1124 καὶ
795 1081 985 1124 ἐνταῦθα
1016 1076 1237 1136 καταλήγει
1265 1079 1314 1135 τὸ
1347 1085 1433 1125 τῶν
1464 1080 1575 1125 Ἰου-

73 1151 206 1193 δαίων
223 1152 450 1204 βασίλειον.
490 1149 687 1208 Ἡρώδης
705 1152 751 1195 δὲ
774 1151 915 1195 αὖτιῦν
933 1149 1042 1205 μετὰ
1068 1154 1205 1194 ταῦτα
1232 1147 1415 1208 ἡγεῖται,
1453 1151 1575 1195 οὐδὲν

75 1219 191 1279 αὐτῷ
207 1218 506 1278 ’προσήκουσαν
526 1222 603 1279 τὴν
619 1222 835 1265 Ἰουδαίων
853 1221 1070 1276 βασιλείαν
1092 1219 1209 1278 παρὰ
1232 1217 1450 1277 Ῥωμαίων
1466 1219 1576 1266 ὕπο-

18 1297 64 1334 15
77 1288 312 1345 δεξάμενος.
349 1292 540 1336 ἐνταῦθα
570 1293 706 1335 δὲκαὶ
737 1288 1148 1350 ὅπροφητευόμενος
1178 1289 1294 1347 παρὰ
1323 1295 1384 1352 τῷ
1406 1292 1576 1349 Δανιὴλ

21 1355 24 1358 ’
72 1360 266 1418 ,Χριστὸς
284 1359 511 1418 ἡγούμενος
542 1363 659 1413 τέλος
682 1360 899 1417 λαμβάνει,
936 1360 1057 1417 μέχρι
1081 1360 1161 1418 γὰρ
1176 1357 1372 1418 Ἡρώδου
1391 1363 1576 1419 Χριστοὶ

74 1428 310 1487 ἡγούμενοι.
349 1426 463 1475 οὗτοι
491 1433 536 1475 δὲ
554 1427 664 1488 ἦσαν
684 1433 725 1476 οἶ
745 1432 960 1490 ἀρχιερεῖς,
1001 1432 1146 1482 οἵτινες
1168 1429 1477 1488 προεστήκεσαν
1496 1436 1574 1476 τοῦ

70 1499 287 1545 Ἰουδαίων
318 1500 497 1556 ἔθνους,
535 1500 760 1560 ἀρξάμενοι
795 1503 872 1557 μὲν
901 1500 981 1545 ἀπὸ
1007 1505 1084 1557 τῆς
1113 1500 1221 1543 κατὰ
1253 1502 1438 1559 Δαρεῖον
1470 1501 1575 1545 ἅνα-

77 1568 262 1622 νειῦσεως
293 1576 370 1615 τοῦ
404 1572 516 1628 ἱεροῦ
542 1571 649 1615 κατὰ
678 1572 753 1629 τὴν
774 1570 999 1628 ἑξηκοστὴν
1020 1572 1089 1613 καὶ
1107 1569 1297 1627 πέμπτην
1319 1569 1573 1627 ὀλυμπιάδα,

20 1639 278 1696 Ξολήξαντες
293 1642 339 1685 δὲ
369 1642 432 1685 ἐπὶ
449 1639 654 1698 ‘Ypaem‘dv
678 1643 742 1685 ἐπὶ
761 1647 837 1698 τῆς
857 1639 950 1700 ρπς’
972 1638 1240 1696 ὀλυμπιάδος.
1277 1640 1331 1684 τὰ
1352 1642 1398 1685 δὲ
1413 1642 1614 1697 μεταξὺΙ)

77 1709 242 1756 τούτων
273 1711 344 1768 ἔτη
371 1712 566 1769 γενέσθαι
597 1710 706 1770 υπγ’,
744 1710 880 1756 ὁπόσα
908 1712 978 1755 καὶ
1000 1708 1027 1768 ὴ
1051 1714 1127 1754 τοῦ
1148 1709 1315 1767 Δανιὴλ
1340 1714 1577 1771 προφητεία

171 1800 208 1836 3-
233 1800 283 1845 εἰ]
310 1795 359 1836 ἂν
383 1800 431 1835 G.
568 1802 605 1838 7.
630 1798 834 1846 Εὖσεβίου]
858 1799 901 1834 Ρ.
924 1799 1006 1836 363.
1142 1795 1287 1846 τέλους]
1310 1798 1415 1843 τέλος
1437 1802 1481 1837 Δ.

172 1847 231 1884 15.
255 1848 319 1883 καὶ
343 1859 409 1882 om.
435 1848 485 1883 G.
607 1850 666 1884 16.
698 1846 871 1892 Χριστοὶ]
905 1843 1059 1892 χρηστοὶ
1082 1845 1127 1882 Β.
1250 1848 1307 1885 18.
1332 1844 1578 1891 ἀνανεώσεως

174 1893 216 1928 B.
240 1892 465 1941 ἀναιρέσεως
484 1895 533 1929 G.
641 1897 701 1932 21.
725 1894 790 1942 ἔτη
808 1893 985 1942 γενέσθαι
1001 1893 1044 1928 Β.
1067 1891 1244 1940 γενέσθαι
1263 1893 1327 1943 ἔτη
1343 1895 1392 1934 G.
1495 1895 1574 1942 καὶ]

174 1939 217 1977 δὲ
241 1943 290 1977 G.
393 1941 563 1989 Δανιὴλ]
583 1942 656 1986 ῙΧ,
678 1943 735 1979 25.

80 2010 253 2047 industria
265 2012 382 2047 omisit
392 2012 590 2055 Africanus,
610 2013 703 2058 quod
722 2012 797 2047 eius
814 2010 972 2046 nimirum
984 2014 1145 2058 computo
1163 2011 1245 2047 anni
1256 2011 1476 2059 34Hyrcano
1486 2012 1577 2048 assi-

81 2059 210 2106 gnandi
229 2060 410 2094 manifeste
428 2060 677 2102 adversentur3
693 2059 779 2095 alios
796 2059 940 2105 insuper
949 2070 1056 2094 annos
1067 2064 1140 2094 tres
1151 2059 1303 2094 Herodis
1311 2071 1421 2106 regno
1439 2059 1575 2097 debitos

82 2105 260 2141 subtraxit
285 2112 322 2141 et
337 2109 384 2143 37
415 2107 494 2142 vice
518 2107 609 2141 solos
626 2106 674 2143 34
702 2106 901 2147 recensuit,
925 2105 1018 2151 quod
1038 2105 1176 2151 quidem
1206 2106 1237 2140 si
1262 2111 1428 2152 tanquam
1452 2119 1575 2143 verum

81 2154 351 2188 concesserimus
363 2180 374 2196 ‚
398 2154 571 2189 Herodem
590 2166 678 2188 anno
699 2152 946 2189 incarnationis
966 2153 1095 2187 domini
1114 2157 1151 2188 et
1170 2151 1227 2188 dei
1247 2158 1284 2188 et
1301 2153 1486 2189 salvatoris
1511 2166 1574 2189 no-

83 2199 150 2234 stri
180 2200 259 2235 Iesu
277 2201 413 2236 Christi
438 2201 548 2248 primo
578 2207 721 2236 mortem
748 2200 877 2235 obiisse
906 2199 1178 2246 comperiemus3
1202 2200 1297 2248 quod
1322 2201 1575 2249 perabsurdum

82 2259 162 2283 esse
182 2247 463 2294 evangelicarum
482 2248 706 2283 traditionum
724 2247 853 2282 iudicio
875 2250 1026 2283 constat.

111 2319 176 2360 Ex
204 2319 367 2359 Eusebii
396 2319 599 2374 Pamphili
626 2319 790 2372 script-'s
813 2319 864 2358 de
891 2318 1095 2370 Antigono
1122 2325 1164 2359 et
1189 2319 1303 2373 regni
1331 2320 1574 2360 Iudaeorum

171 2376 276 2428 fine,
306 2378 357 2417 de
385 2377 606 2432 prophetae
635 2377 808 2417 Danielis
836 2376 1069 2430 vaticiniis,
1107 2377 1159 2417 de
1192 2378 1443 2433 septuaginta
1470 2378 1574 2417 heb-

172 2435 411 2475 domadibus
442 2443 482 2475 et
506 2436 668 2476 Herode
697 2435 929 2488 alienigena.

177 2502 376 2549 Antigonus
399 2503 504 2538 armis
527 2503 565 2539 in
581 2503 732 2539 Iudaeae
750 2514 895 2549 regnum
921 2503 1129 2551 assumptis,
1152 2516 1195 2540 ac
1216 2502 1388 2539 continuis
1405 2501 1574 2547 fatigatus

84 2549 229 2596 praeliis
255 2549 486 2592 interficitur3
510 2555 547 2586 et
577 2563 646 2585 una
671 2562 746 2585 cum
774 2562 815 2585 eo
833 2550 1038 2586 Iudaeorum
1059 2562 1202 2596 reguum
1222 2550 1367 2586 interiit.
1413 2548 1573 2582 Herodes

84 2597 303 2643 postmodum
328 2596 489 2643 princeps
510 2609 626 2632 eorum
642 2596 854 2641 instituitur,
878 2602 915 2632 et
930 2597 1112 2644 imperium
1135 2598 1227 2633 nullo
1247 2598 1333 2632 iuris
1351 2594 1452 2630 titulo
1470 2594 1515 2628 ad
1533 2605 1573 2628 se

85 2649 251 2689 spectans
268 2656 290 2678 a
301 2643 468 2678 Romanis
486 2644 604 2679 datum
622 2643 833 2691 assequitur.
880 2644 950 2680 Hic
968 2645 1089 2691 itaque
1107 2644 1372 2690 praenunciatus
1396 2639 1574 2694 aDaniele

87 2690 258 2736 propheta
275 2690 346 2725 dux
366 2691 527 2726 Christus
553 2692 734 2726 terminum
757 2692 913 2738 reperit;
935 2691 980 2727 ad
999 2692 1174 2727 Herodem
1198 2691 1284 2726 enim
1307 2700 1416 2734 usque
1439 2686 1573 2721 Christi

86 2737 194 2772 duces
214 2749 497 2782 perseveravere.
543 2738 599 2773 Illi
620 2750 707 2774 vero
721 2739 905 2784 pontifices
930 2739 1030 2775 suere
1046 2738 1208 2774 Iudaicae
1227 2735 1341 2782 gentis
1361 2733 1574 2788 praepo-sith

87 2795 232 2830 quorum
251 2785 428 2820 exordium
445 2797 467 2820 a
482 2790 650 2821 renovato
659 2785 760 2821 Darii
777 2787 906 2833 templo
926 2791 963 2821 et
974 2785 1183 2832 Olympiade
1198 2786 1245 2820 65
1261 2782 1412 2823 ductum,
1436 2780 1575 2815 ultimus

89 2829 255 2865 terminus
274 2830 311 2865 in
326 2832 567 2883 Olympiadem
585 2833 735 2870 186.sub
754 2833 919 2880 Hyrcano
941 2832 1118 2874 incidens,
1141 2830 1288 2866 medium
1311 2839 1396 2863 vero
1423 2827 1574 2882 spatium

88 2888 253 2914 tumorum
267 2877 339 2916 483
354 2883 566 2916 numeratur.
613 2880 792 2929 Quicquid
805 2880 925 2929 itaque
941 2879 1100 2917 Danielis
1121 2875 1308 2926 prophetis
1330 2878 1492 2912 enunmat
1520 2874 1576 2910 ‹h-
