1800 3236
249 175 353 226 496
715 183 966 231 GEORGII
995 184 1282 233 SYNCELLI

285 289 548 340 Μακεδόνων
567 291 631 339 κδ’
651 296 915 351 ἐβασίλευσεν
933 294 1004 354 ἔτη
1026 294 1082 353 ιβ’
1103 295 1125 342 ὃ
1150 298 1362 343 Φιλίππου
1381 298 1747 358 καὶῖΟλυμπιάδος

389 371 501 417 παῖς.
537 370 614 410 τοῦ
640 367 685 410 δὲ
707 364 866 422 κόσμου
888 362 941 423 ἦν
962 367 1055 418 ἴτος
1070 366 1203 428 ιερνςῖ

347 434 620 494 Ἀλέξανδρος
633 436 859 494 Ἰλλυριοὺς
880 438 950 480 καὶ
983 439 1157 499 Θρᾷκας
1184 436 1278 493 εἷλε,
1320 435 1471 496 Θήβας
1491 440 1744 497 κατέσκαψε,

245 505 347 558 τοὺς
377 506 563 563 Δαρείου
588 506 849 564 στρατηγοὺς
869 507 934 549 ἐπὶ
952 510 994 551 Γ
991 513 1169 568 ραννικῷ
1190 514 1366 569 ποταμῷ
1385 511 1551 554 Λυδῶν
1573 512 1746 568 ἐνίκησε,

247 574 426 635 Σάρδεις
468 572 546 619 εἷλε
558 609 572 629 ,
615 574 757 634 Τύρον
794 575 1108 636 ἐπολιόρκησεν,
1141 578 1306 623 Ἰούδαν
1333 578 1638 638 προσελάβετο,
1677 583 1776 625 καὶὸ

247 647 322 691 τὸν
356 645 546 703 ἀρχιερέα
569 646 760 698 Ἰαδδοῦς
788 647 954 705 ἐτίμησε
982 646 1125 699 θύσας
1151 654 1211 709 τῷ
1242 654 1359 710 θεῷ,
1400 648 1456 702 ὥς
1486 652 1593 710 παρ’
1616 651 1747 695 αὐτοῦ

93 713 137 749 P·
160 713 229 752 261
251 717 325 774 τὴν
346 716 590 773 οἰκουμένην
612 715 827 774 ὁμολογῶν
846 719 1180 777 προσειληφέναι,
1216 713 1267 775 ἧς
1288 722 1355 763 καὶ
1373 721 1623 778 ἐπιμελητὴν
1643 722 1750 777 μετὰ

248 792 335 832 τῶν
355 790 511 830 λοιπῶν
538 784 679 832 τόπων
695 785 982 846 Ἀνδρόμαχον
997 789 1271 846 κατέστησεν,
1311 789 1358 834 ὃν
1380 789 1592 843 ἀνελόντες
1615 793 1654 836 οἳ
1672 794 1749 849 τὴν

248 856 483 915 Σαμαρέων
514 858 723 910 οἰκοῦντες
746 860 866 910 δίκας
895 858 1035 904 ἔτισαν
1064 858 1372 912 ἐπανελθόντος
1396 860 1672 920 Ἀλεξάνδρου
1706 865 1750 916 ἐξ

248 925 486 986 Αἰγύπτου.
524 927 601 984 τὴν
626 927 870 988 Σαμάρειαν
906 928 1026 974 πόλιν
1066 928 1172 976 ἑλών
1192 930 1468 991 Ἀλέξανδρος
1493 932 1750 986 Μακεδόνας
1762 942 1800 979 10

250 1000 294 1043 ἐν
316 997 424 1056 αὐτῇ
448 995 687 1058 κατῴκισεν.

349 1065 558 1124 Ἑλλήνων
584 1070 800 1125 βασιλείας
818 1068 909 1122 ἔτος
927 1074 1096 1129 πρῶτον
1118 1069 1199 1115 ἀπὸ
1221 1068 1405 1129 ἑβδόμου
1427 1070 1546 1124 ἔτους
1558 1071 1754 1127 Ἀλεξάν-

251 1141 356 1199 δρου
379 1138 658 1197 ἀριθμοῦσιν·
686 1139 882 1197 ’Έλληνες
901 1141 981 1199 γὰρ
1001 1143 1070 1185 καὶ
1090 1140 1336 1194 Ῑῑᾶακεδόνες
1357 1143 1397 1187 οἱ
1421 1142 1555 1188 αὐτοί.

351 1208 452 1252 Ἀπὸ
472 1207 656 1265 ἑβδόμου
678 1209 797 1262 ἔτους
813 1210 1087 1270 Ἀλεξάνδρου
1113 1212 1189 1263 ἕως
1211 1211 1278 1267 κβ’
1309 1211 1588 1271 Κλεοπάτρας
1606 1213 1677 1273 ἔτη
1695 1212 1749 1261 τ’.

349 1277 637 1340 Ἀλεξάνδρεια
679 1278 707 1339 ἦ
749 1281 847 1326 κατ’
891 1281 1110 1340 Αἴγυπτον
1149 1280 1318 1345 ἑβδόμῳ
1361 1283 1439 1328 ἔτει
1473 1283 1749 1346 Ἀλεξάνδρου
1763 1297 1800 1333 15

250 1349 441 1405 ἐκτίσθη.
642 1404 645 1406 ‚

214 1422 247 1458 Β
362 1424 437 1479 Τῷ
469 1418 584 1480 αὐτῷ
605 1418 682 1464 ἔτει
705 1419 803 1473 τοὺς
820 1421 863 1466 ἐν
882 1423 1101 1484 Σαμαρείᾳ
1135 1422 1205 1466 διὰ
1226 1422 1299 1467 τὸν
1313 1420 1601 1482 Ἀνδρομάχου
1621 1423 1753 1485 φόνον

251 1490 430 1534 ἐπανιὼν
442 1490 714 1550 Ἀλέξανδρος
734 1494 777 1544 ἐξ
790 1491 1012 1551 Αἰγύπτου
1032 1491 1336 1553 ἐτιμωρήσατο,
1356 1494 1613 1549 Μακεδόνας
1631 1498 1754 1555 ἐγκα-

253 1562 441 1612 τοικίσας
463 1565 516 1620 τῇ
537 1560 652 1606 πόλει
675 1562 830 1607 αὐτῶν.

362 1635 435 1691 Τῷ
457 1632 571 1692 αὐτῷ
592 1632 668 1676 ἔτει
688 1631 713 1690 ἦ
737 1634 779 1676 ἐν
793 1629 1014 1692 Ἀρβήλοις
1035 1638 1112 1691 τῆς
1131 1636 1333 1692 Μηδικῆς
1350 1633 1468 1692 ἤχθη
1486 1633 1616 1694 μάχη,
1640 1637 1747 1682 καθ’
1761 1648 1800 1685 20

254 1699 307 1759 ἢν
326 1703 511 1761 Δαρεῖος
534 1703 610 1759 μὲν
635 1701 717 1748 ὕπὸ
737 1707 822 1748 τῶν
843 1707 936 1763 περὶ
954 1708 1127 1762 Βῆσσον
1149 1705 1337 1765 ἀνῃρέθη
1355 1710 1439 1750 τῶν
1457 1709 1751 1767 Βακτριανῶν,

347 1826 382 1862 3.
402 1821 483 1863 ’Ami
496 1821 779 1875 Ναβονασοῖρου
793 1824 862 1869 ἕως
876 1829 1028 1875 πρῶτον
1046 1827 1128 1872 ἔτος
1142 1824 1381 1875 Ἀλεξάνδρου
1403 1826 1467 1876 ἔτη
1484 1828 1561 1879 υιβ’
1574 1827 1676 1877 (ταδ’
1687 1832 1754 1878 m.)

349 1885 469 1919 margo
496 1878 536 1911 A.
662 1872 698 1911 4.
729 1877 903 1923 Γρανικῷ
926 1876 1098 1924 Scaliger.
1136 1876 1249 1922 Vulgo
1269 1879 1474 1925 Γραννικῷ.
1595 1881 1631 1916 5.
1653 1877 1754 1915 Ἰου-

348 1921 466 1957 &aian
489 1921 662 1967 Scaliger.
800 1925 837 1960 8.
860 1922 930 1970 τήν
947 1925 989 1958 Α.
1016 1926 1091 1961 τῶν
1115 1925 1163 1959 G.
1282 1927 1340 1962 11.
1364 1924 1570 1972 κατῴκισεν
1593 1926 1754 1971 Scaliger

351 1979 386 2014 p.
410 1969 470 2004 56.
503 1969 617 2014 Vulgo
638 1967 859 2019 κατῴκησεν.
965 1973 1023 2009 13.
1049 1969 1146 2016 τινὲς
1168 1968 1400 2019 ἀριθμοῦσιν
1416 1984 1462 2010 m.
1557 1975 1614 2011 18.
1637 1974 1752 2020 Vulgo

348 2013 625 2065 ἐγκατοικήσεις.
730 2020 789 2055 21.
813 2019 932 2066 βῆσον
953 2019 996 2056 A.

303 2121 532 2204 Macedogum
553 2121 924 2207 rex5226Alexander,
950 2124 1109 2174 Philippi
1135 2130 1172 2163 et
1191 2124 1412 2174 Olympiadis
1437 2125 1552 2170 filius,
1576 2125 1676 2162 annis
1698 2126 1755 2170 12,

372 2181 451 2204 mun
476 2169 490 2204 i
511 2181 596 2204 vero
645 2173 662 2206 1
714 2198 722 2207 .

350 2216 547 2251 Alexander
565 2217 726 2262 Illyricos
747 2221 785 2253 et
805 2219 965 2254 Thraces
987 2220 1104 2266 cepit,
1130 2220 1273 2255 Thebas
1304 2219 1499 2263 subvertit3
1523 2219 1622 2255 Darii
1647 2219 1754 2255 duces

257 2261 304 2297 ad
329 2263 519 2297 Granicum
539 2263 673 2310 Lydiae
701 2264 828 2301 flumen
856 2266 1012 2308 devicit3
1038 2267 1170 2301 Sardes
1198 2267 1403 2313 occupavit,
1429 2268 1563 2313 Tyrum
1593 2267 1755 2308 obsedit;

256 2308 388 2344 Iudaea
418 2314 584 2356 recepta,
607 2311 736 2346 Iaddus
762 2312 958 2358 pontificem
984 2313 1111 2348 divinis
1141 2314 1329 2349 honoribus
1356 2319 1589 2360 prosequutus
1617 2319 1694 2356 est,
1717 2321 1755 2349 et

256 2356 371 2391 caesis
390 2355 539 2391 victimis
556 2357 656 2392 deum
673 2369 792 2396 verum
809 2359 934 2401 coluit,
957 2359 1055 2394 cuius
1075 2372 1214 2395 munere
1233 2361 1427 2407 regendum
1454 2362 1571 2396 orbem
1587 2374 1626 2396 se
1651 2373 1754 2397 acce-

257 2403 356 2450 pisse
385 2403 628 2449 praedicavit3
652 2404 803 2440 Iudaeae
820 2406 1016 2453 vicinisque
1035 2407 1120 2442 locis
1138 2412 1330 2443 curatorem
1351 2408 1447 2443 dedit
1466 2409 1753 2450 Andromachum,

258 2461 328 2497 quo
359 2461 380 2484 a
403 2449 582 2485 Samariae
600 2451 747 2486 >civibus
775 2452 981 2497 interfecto,
1016 2466 1145 2500 poenas
1171 2466 1214 2490 ex
1240 2457 1402 2502 Aegypto
1429 2467 1594 2491 reversus
1623 2456 1754 2502 exegit.

260 2497 458 2533 Alexander
475 2502 611 2543 captam
628 2498 818 2537 Samariam
838 2501 1088 2536 Macedonibus
1104 2502 1325 2537 habitandam
1346 2503 1530 2538 concessit.

354 2546 488 2580 Annum
504 2545 720 2580 Graecorum
741 2546 840 2592 regni
861 2547 1005 2594 primum
1025 2550 1069 2584 ab
1087 2549 1277 2585 Alexandri
1310 2550 1456 2597 septimo
1477 2561 1655 2586 numerare
1676 2548 1755 2596 qui-

261 2589 341 2627 dam
358 2592 604 2634 exordiuntur3
630 2592 761 2628 Graeci
780 2594 870 2629 enim
888 2601 924 2630 et
945 2596 1156 2631 Macedones
1176 2597 1279 2632 iidem
1300 2601 1522 2644 reputantur.

353 2639 408 2675 Ab
426 2638 611 2674 Alexandri
627 2650 717 2674 anno
736 2641 882 2687 septimo
903 2643 947 2677 ad
968 2643 1179 2690 Cleopatrae
1200 2646 1246 2680 22
1258 2670 1268 2686 ‚
1293 2644 1396 2680 medii
1415 2644 1587 2679 intersunt
1604 2644 1687 2680 300.

354 2684 454 2723 Anno
475 2685 663 2721 Alexandri
680 2689 702 2723 7
720 2688 929 2724 Alexandria
946 2690 983 2725 in
1001 2693 1162 2737 Aegypto
1177 2692 1317 2726 condita
1334 2696 1400 2727 est.

353 2732 488 2768 Eodem
510 2744 603 2768 anno-
615 2745 779 2769 reversus
797 2747 839 2769 ex
849 2737 1012 2783 Aegypto
1023 2738 1222 2774 Alexander
1237 2739 1416 2774 Samariae
1434 2737 1530 2773 cives
1549 2736 1668 2773 caedis
1686 2736 1758 2771 An-

260 2771 441 2861 gromachi
457 2792 537 2816 reos
553 2781 737 2827 suppliciis
753 2782 910 2826 addixit,
934 2787 1020 2821 urbe
1037 2785 1232 2821 victoribus
1247 2785 1496 2822 Macedonibus
1522 2786 1568 2821 ad
1591 2784 1757 2820 habitan-

289 2838 343 2862 um
361 2839 538 2864 concessa.

353 2874 486 2910 Eodem
513 2887 601 2910 anno
628 2874 796 2921 praelium
826 2875 864 2910 in
891 2877 1026 2913 Arbelis
1052 2878 1194 2915 Mediae
1222 2878 1459 2922 commissum,
1492 2890 1562 2925 quo
1581 2877 1710 2912 Darius
1733 2888 1756 2912 a

260 2918 458 2958 Bactrianis
475 2922 579 2960 Bessi
596 2922 761 2959 militibus
776 2922 982 2961 interfectus
1004 2930 1069 2962 est.
1116 2926 1315 2963 Alexander
1335 2927 1551 2974 Babylonem
1571 2929 1608 2961 et
1632 2926 1756 2960 Susam
