1800 3236
216 197 321 247 252
677 198 929 249 GEORGII
961 201 1247 251 SYNCELLI

216 313 516 375 ἔγγεγλυμμένα
543 314 597 359 τά
625 304 1006 374 τῶνπατριαρχῶν
1028 313 1107 358 ἀνὰ
1124 311 1171 367 (ἐξ
1194 310 1372 372 ἐχόντων
1396 309 1608 370 ὀνόματα,
1647 315 1716 358 καὶ

216 388 271 431 τὰ
290 384 453 431 τούτων
485 385 759 443 ἀπηρτημένα
787 386 970 441 κοσμίως
987 384 1159 428 ἀσπίδια
1179 384 1286 428 κατὰ
1305 385 1352 429 τὸ
1374 383 1615 442 ἔμπροσθεν
1639 384 1716 439 με’-

219 472 313 517 ρος,
352 458 398 500 αἵ
421 473 466 500 τε
487 455 596 500 καθ’
625 454 820 514 ἑκάτερον
839 455 966 513 με’ρος
985 454 1067 499 ἀπὸ
1093 459 1169 512 τῆς
1191 453 1359 513 πόρπης
1378 454 1546 498 ἄνωθεν
1566 458 1716 498 καθει-

179 528 338 583 Ῑ)με’ναι
370 531 455 571 τῶν
484 526 671 571 ἀσπίδων
705 524 922 570 διάπλοκοι
952 526 1086 582 σειραὶ
1117 524 1160 569 ἐν
1186 523 1380 582 ἀλλήλων
1408 524 1583 576 διαλλάξ
1608 522 1718 567 κατά

218 599 312 642 τινα
354 597 546 656 ῥυθμὸν,
583 597 628 640 ἐκ
659 599 821 654 χρυσοῦ
866 597 1129 646 δικτυοειδῶς
1154 596 1426 652 πεπλεγμέναι
1457 596 1526 639 καὶ
1550 599 1744 653 βαφαΐςό

218 667 558 725 συνηνθισμέναι,
597 664 762 717 τούτοις
791 664 886 722 ἑξῆς
902 664 951 709 τὸ
972 663 1109 723 λόγιον
1128 669 1213 709 τῶν
1231 667 1405 724 κρίσεων
1427 669 1504 710 τοῦ
1526 663 1717 722 στήθους

217 737 556 798 προβεβλημένον
589 740 665 780 τοῦ
699 736 922 796 ἀρχιερέως
959 734 1067 779 κατὰ
1097 734 1267 795 ῥυθμὸν
1297 740 1373 792 τῆς
1403 736 1635 791 ἐπωμίδος,
1672 737 1717 778 ἐκ

212 810 390 868 χρυσιόυ
419 809 488 851 καὶ
517 805 725 851 ὑακίνθου
755 809 824 851 καὶ
858 803 1084 865 πορφύρας
1111 807 1181 849 καὶ
1212 807 1403 849 κοκκίνου
1433 805 1717 861 κεκλωσμὲνον

216 875 518 924 κατεσκεύαστο
563 878 632 921 καὶ
666 876 854 934 βύσσου,
892 874 1176 935 τετράγωνον,
1216 878 1414 931 διπλοῦν,
1452 874 1714 934 ῗσόπλευρον,

216 953 438 1006 σπιθαμῆς
463 952 598 1004 μῆκος
631 950 700 992 καὶ
731 945 889 998 πλάτος
918 945 1003 1001 ιβ’,
1038 948 1178 998 λίθοις
1206 947 1248 990 ἓν
1266 947 1435 1005 τέτρασι
1456 947 1611 1002 στίχοις
1633 963 1716 990 κει-
1728 953 1774 988 10

214 1020 354 1077 μένοις
374 1020 442 1063 καὶ
462 1019 850 1076 ἓγκαθυφασμένοις
871 1016 1004 1068 οὕτως
1017 1032 1027 1041 ·
1065 1007 1234 1076 πρῶτος
1256 1019 1397 1074 στίχος
1416 1017 1552 1061 λίθων
1570 1020 1712 1071 τριῶν,

216 1088 412 1148 σάρδιον,
450 1086 646 1142 τοπάζιον
683 1091 752 1133 καὶ
787 1086 1044 1146 σμάραγδος.
1094 1085 1287 1146 δεύτερος
1329 1088 1492 1143 στίχος,
1532 1086 1714 1145 ἄνθραξ,

60 1169 102 1205 P.
129 1169 196 1208 134
220 1159 474 1219 σάπφειρος,
512 1159 668 1210 ἴασπις.
717 1161 858 1218 τρίτος
886 1159 1050 1215 στίχος,
1087 1156 1291 1216 λιγύριον,
1329 1155 1489 1214 ἀχάτης
1498 1192 1512 1212 ,
1549 1157 1716 1213 ἀμέθυ-

214 1249 326 1282 στος.
363 1230 562 1288 τέταρτος
594 1231 748 1286 στίχος,
781 1227 1055 1288 χρυσόλιθος,
1093 1227 1346 1287 βηρύλλιον,
1383 1226 1560 1285 ὄνύχιον.
1601 1221 1717 1272 οὗτοι

160 1334 162 1336 v
215 1302 257 1346 οἳ
287 1299 343 1356 ιβ’
376 1301 515 1354 λίθοι,
554 1300 749 1359 φέροντες
771 1300 825 1343 τὰ
853 1304 938 1344 τῶν
968 1297 1024 1355 ιβ’
1054 1303 1197 1358 φυλῶν
1231 1296 1419 1354 ὀνόματα
1452 1302 1529 1342 τοῦ
1546 1298 1715 1356 Ἰσραὴλ
1729 1304 1774 1342 15

217 1370 517 1430 ἓγγεγλυμμένα
538 1370 647 1415 καθ’
682 1371 755 1414 ἕνα
780 1370 920 1414 αὐτῶν
950 1369 1344 1428 περικεχρυσωμένοι
1365 1370 1434 1412 καὶ
1454 1369 1716 1424 ἐνδεδυμένοι

211 1442 373 1500 χρυσίῳ
407 1444 611 1501 καθαρῷ,
650 1441 716 1484 ε’πὶ
742 1445 818 1484 τοῦ
852 1441 995 1497 λογίου
1019 1436 1143 1497 ἦσαν.
1188 1439 1238 1484 τὸ
1270 1440 1317 1483 δὲ
1350 1437 1487 1497 λόγιον
1520 1445 1717 1498 κροσσοῖς

214 1511 589 1569 συμπεπλεγμένοις
609 1511 868 1561 ἀλυσιδέτοις
889 1512 932 1554 ἐκ
938 1511 1115 1568 χρυσίου
1136 1514 1332 1568 καθαροῦ
1355 1511 1423 1553 καὶ
1444 1511 1539 1553 δυσὶ
1560 1507 1716 1553 δακτύ-

216 1587 305 1635 λοις
336 1589 509 1640 χρυσοῖς
546 1581 808 1640 ἀπεκρίματο
828 1585 913 1625 τῶν
935 1580 1060 1637 ὤμων
1081 1585 1156 1624 τοῦ
1177 1579 1398 1638 ἀρχιερέως
1419 1579 1715 1636 συμβεβλημέ-

215 1670 302 1704 νοις
326 1650 598 1709 μηχανήμασι
629 1658 842 1711 σφιγκτοῖς
863 1651 969 1710 πρὸς
994 1651 1070 1701 τὰς
1092 1648 1168 1694 δύο
1192 1652 1430 1706 ἐπωμίδας,
1469 1649 1526 1702 ὥς
1546 1655 1714 1694 κεῖσθαι
1725 1659 1773 1695 20

159 1748 162 1757 ·
216 1723 321 1767 αὗτὸ
350 1722 458 1766 κατὰ
489 1723 616 1779 μέσον
644 1728 721 1767 τοῦ.
756 1720 946 1779 στήθους
980 1726 1055 1765 τοῦ
1091 1721 1311 1780 ἀρχιερέως
1340 1722 1384 1765 ἓν
1417 1728 1509 1772 ταῖς
1539 1719 1717 1772 εἲσόδοις

217 1800 310 1846 ταῖς
341 1795 397 1844 εἷς
430 1793 477 1836 τὸ
507 1791 646 1851 ἅγιον·
684 1794 748 1837 ἐπὶ
770 1792 881 1837 δὲτὸ
905 1790 1066 1850 λόγιον,
1106 1793 1235 1850 φησὶ,
1271 1795 1348 1848 τῆς
1370 1792 1543 1851 κρίσεως
1562 1790 1714 1848 ἐπιθή-

309 1905 346 1941 7.
368 1904 669 1952 προβεβλημένον
686 1905 728 1940 Β.
752 1903 1062 1953 προβεβλημένων
1083 1905 1132 1940 G.
1228 1906 1285 1941 10.
1304 1902 1467 1950 τέτρασι]
1485 1900 1656 1951 τέσσαρσι
1667 1915 1711 1938 m.

381 1953 538 1998 στίχοις]
563 1953 699 1999 στοιχεὶ
715 1953 806 1999 (sic)
830 1953 873 1990 B.
983 1954 1038 1989 13.
1063 1950 1194 1999 οἶχάτις
1212 1953 1252 1989 Α.
1267 1978 1277 1994 Α.
1363 1949 1419 1988 14.
1441 1949 1638 2000 βηρύλλιος
1661 1951 1711 1987 G.

326 2043 336 2056 ⁹
383 2001 439 2044 15.
460 1999 643 2057 ’φέροντες
669 1998 710 2036 δὲ
742 2001 789 2035 G.
851 2043 862 2057 ³
910 2000 965 2037 18.
991 1997 1243 2040 ἀλυσειδέτοις
1264 1998 1306 2033 Α.
1340 1995 1470 2054 ἁλύσει
1496 1996 1537 2035 δὲ
1563 2001 1645 2038 τοῖς
1667 1998 1714 2035 Β.

313 2048 527 2083 αλυσιδεσιν
556 2048 604 2084 G.
643 2049 812 2084 Fortasse
840 2048 1087 2089 αλυσιδωτοῖς
1112 2048 1143 2082 Β
1180 2047 1268 2082 dare
1298 2047 1419 2080 voluit.
1462 2045 1567 2081 Conf.
1591 2045 1710 2081 Exod.

311 2094 488 2136 XXVIII,
512 2096 571 2130 22.
668 2098 725 2132 19.
750 2092 1010 2141 ἄπεκρέμματο
1034 2096 1077 2131 Α.
1169 2096 1229 2133 21.
1255 2090 1349 2130 αὐτὸ
1369 2094 1412 2128 Β.
1438 2090 1556 2130 αὐτὸν
1580 2093 1629 2129 G.

310 2143 369 2178 22.
394 2141 501 2188 φησὶ]
524 2142 639 2178 Exod.
656 2142 825 2186 XXVIII,
848 2144 907 2180 30.

219 2231 300 2269 hinc
317 2233 402 2268 inde
425 2235 594 2280 gerebant
610 2236 886 2283 patriarcharum
905 2236 1080 2284 insculpta
1097 2235 1257 2278 nomina,
1280 2234 1486 2282 scutulaque
1511 2233 1646 2281 pariter
1669 2233 1716 2269 de

219 2285 365 2327 pectore
381 2282 560 2328 eleganter
580 2284 782 2330 pendentia,
805 2290 878 2319 tum
896 2290 1039 2319 catenae
1070 2296 1114 2319 ex
1132 2290 1282 2330 utroque
1303 2284 1444 2317 humero
1463 2282 1579 2317 fibulis
1609 2293 1716 2336 supe-

221 2328 293 2364 rius
312 2339 467 2363 annexae
484 2335 521 2364 et
538 2330 684 2365 scutulis
704 2331 894 2375 demissae,
918 2331 955 2366 in
978 2331 1128 2367 invicem
1154 2337 1191 2366 et
1220 2330 1354 2365 alterne
1375 2334 1452 2364 arte
1479 2328 1626 2364 mirabili
1650 2340 1717 2362 1m-
1762 2331 1764 2333 ’

221 2375 348 2422 plexae
374 2375 590 2423 diversisque
617 2377 788 2413 coloribus
813 2390 899 2414 auro
918 2378 1100 2425 permixtis
1125 2378 1319 2414 radiabant.
1368 2377 1459 2411 Erat
1484 2381 1627 2423 praeter
1647 2375 1718 2411 ista

157 2450 159 2452 .
220 2421 391 2458 rationale
421 2423 626 2459 iudiciorum
660 2425 796 2470 pectori
826 2426 1001 2472 pontificis
1032 2437 1220 2473 appensum
1250 2425 1295 2461 ad
1322 2424 1547 2460 numeralium
1566 2422 1716 2465 modum,

220 2481 327 2512 auro,
351 2469 563 2515 hyacintho,
586 2482 760 2518 purpura,
785 2484 889 2507 cocco
909 2479 946 2508 et
969 2474 1072 2519 bysso
1099 2472 1242 2507 intextis
1267 2471 1510 2518 compositum,
1537 2470 1716 2517 quadran-

219 2515 348 2562 gulum,
372 2517 418 2551 du
445 2517 515 2564 lex,
539 2529 604 2564 per
629 2517 742 2553 latera
769 2520 925 2564 aequale,
950 2521 1062 2565 palmo
1079 2532 1146 2555 uno
1163 2520 1301 2565 longum
1322 2525 1359 2553 et
1373 2518 1490 2562 latum,
1516 2516 1717 2552 duodecim·

245 2575 290 2598 ue
318 2563 425 2610 lapidi
450 2576 490 2598 us
518 2576 583 2612 per
605 2570 759 2612 quatuor
781 2566 921 2600 ordines
944 2566 1025 2602 fixis
1053 2570 1090 2602 et
1114 2566 1228 2602 insitis
1259 2566 1482 2608 distinctum,
1506 2565 1572 2600 hoc
1595 2568 1715 2610 pacto.

250 2610 358 2645 rimus
373 2611 527 2658 lapidum
535 2611 637 2647 trium
653 2613 758 2647 ordo:
777 2613 925 2655 sardius,
943 2615 1104 2659 topazius
1114 2619 1150 2649 et
1169 2613 1381 2659 smaragdus.
1407 2611 1589 2647 Secundus
1607 2611 1714 2646 ordo:

223 2657 473 2702 carbunculus,
498 2659 684 2706 sapphirus
703 2664 739 2694 et
758 2659 876 2705 iaspis.
923 2660 1069 2695 Tertius
1089 2661 1190 2696 ordo:
1213 2660 1381 2706 ligurius,
1407 2660 1549 2694 achates
1568 2663 1604 2693 et
1621 2669 1717 2692 ame-

222 2705 373 2750 thystus.
420 2705 579 2747 Quartus
594 2707 701 2742 ordo:
725 2706 947 2752 chrysolitus,
965 2707 1131 2753 beryllius
1147 2714 1183 2743 et
1201 2707 1401 2754 onychinus·
1448 2705 1638 2741 Duodecim
1654 2704 1716 2740 isti

223 2751 359 2798 lapides
376 2752 556 2789 duodecim
576 2753 729 2788 tribuum
752 2753 863 2788 Israel
886 2754 1060 2800 insculpta
1084 2755 1152 2790 sibi
1170 2754 1319 2800 singulis
1347 2752 1484 2788 nomina
1512 2753 1717 2798 praeferen-

224 2803 299 2842 tos,
324 2811 412 2835 auro
429 2811 519 2847 puro
538 2800 663 2836 inclusi
682 2805 718 2835 et
733 2800 899 2835 rationali
922 2806 1023 2836 erant
1047 2802 1157 2836 affixi.
1203 2800 1387 2837 Rationale
1400 2811 1486 2835 vero
1505 2799 1652 2834 fimbriis
1669 2809 1717 2834 ex

223 2857 309 2881 auro
326 2858 413 2892 puro
433 2848 668 2883 concatenatis
686 2853 724 2883 et
737 2847 900 2895 implexis
918 2852 955 2883 et
973 2848 1107 2883 duabus
1129 2849 1259 2883 ansulis
1282 2847 1465 2883 tenacibus
1482 2851 1565 2893 apte
1590 2857 1716 2882 versus

226 2893 416 2929 humeralia
432 2895 501 2930 duo
525 2894 712 2930 commissis
732 2906 775 2930 ex
792 2894 965 2942 pontificis
982 2894 1134 2930 humeris
1153 2895 1205 2930 ita
1223 2895 1411 2941 pendebat,
1434 2898 1474 2929 ut
1493 2894 1530 2928 in
1550 2893 1627 2928 eius
1647 2905 1719 2928 me-

222 2939 284 2976 dio
302 2945 469 2988 pectore,
493 2954 534 2978 eo
555 2943 591 2978 in
609 2946 730 2983 sancta
748 2945 973 2990 penetrante,
996 2943 1143 2990 positum
1161 2942 1358 2989 effulgeret.
1404 2941 1456 2979 Et
1471 2941 1643 2989 impones,
1663 2940 1719 2975 in-
