1800 3236
537 165 1078 243 CHRONOGRAPHIA.
1471 199 1573 247 693

60 305 140 361 μέν
162 304 240 361 οῧχ
257 302 365 364 ῧπὲρ
393 303 470 351 τὸν
486 303 632 365 κόριον
654 308 702 352 δὲ
720 304 995 366 ἅγαπῆσασαι
1013 308 1068 352 τὰ
1087 308 1212 354 τέκνα
1231 313 1460 367 Διονυσία,
1492 333 1571 358 κα-

61 375 356 443 ταιδεσθέντες
383 377 443 427 εἷς
462 374 670 434 ἀνήνυτον
693 377 753 422 ἔτι
779 379 1021 434 βασανίζειν
1042 380 1112 423 καὶ
1129 377 1212 424 ὕπὸ
1231 382 1425 438 γυναικὸς
1440 382 1573 440 ἡττᾶ-

61 450 172 489 σθαι
191 450 271 490 τοῦ
289 443 495 503 ἡγεμόνος
512 445 676 509 σιδήρῳ
696 449 894 493 τεθνὲασι
913 448 1061 506 μηκέτι
1072 457 1219 508 πεῖραν
1237 455 1458 506 λαβοῦσαι.
1495 455 1574 506 τὰς

59 515 141 573 γὰρ
159 513 268 575 ὖπέρ
290 520 441 561 πασῶν
458 515 487 574 ἦ
504 515 725 577 πρόμαχος
742 519 1016 578 Ἀμμωναριά
1037 519 1336 566 ἇναδὲδεικται.
1574 537 1608 572 1)

29 623 154 671 5’En
180 625 283 684 περὶ
314 630 409 673 τῶν
436 627 487 674 ἐν
514 632 697 690 Χριστῷ
715 628 1043 676 τελειωθέντων
1066 630 1180 676 κατὰ
1202 630 1284 677 τὸν
1310 632 1382 678 ἐπὶ
1401 635 1573 680 Δεκίου

113 695 315 755 διωγμὸν
332 697 383 743 ἐκ
400 701 479 758 τῆς
502 697 643 757 αὐτῆς
660 702 748 745 τοῦ
765 702 993 758 μακαρίου
1008 702 1265 748 Διονυσίου
1284 702 1529 762 ἐπιστολῆς.

155 782 304 843 “Ηρων
320 786 368 829 δὲ
388 787 457 829 καὶ
472 785 628 845 Ἀστὴρ
651 788 721 830 καὶ
735 787 952 848 Ἰσίδωρος
969 787 1195 847 Αἰγύπτιοι
1228 791 1298 833 καὶ
1321 789 1399 834 σὺν
1426 789 1572 842 αὐτοῖς

58 852 284 912 παιδάριον
326 854 386 908 ὥς
423 858 813 915 πεντεκαιδεκαετὴς
850 856 1088 918 Διόσκορος
1125 858 1445 918 παρεδόθησαν.
1499 862 1570 904 καὶ

57 928 228 983 πρῶτον
250 924 302 970 τό
328 924 547 985 μειράκιον
569 925 709 984 λόγοις
731 945 774 971 τε
797 928 965 972 ἀπατᾶν
988 927 1045 980 ὥς
1065 927 1364 989 εὗπαράγωγον
1387 931 1457 974 καὶ
1485 934 1571 985 βα-

2 1002 49 1038 10
61 993 210 1050 adram,
242 995 568 1054 καταναγκάζειν
599 995 658 1049 ὥς
688 997 905 1042 εὖένδοτον
945 1000 1227 1057 πειρωμένου,
1266 999 1361 1044 οὔτε
1393 1001 1569 1057 ἐπείσθη

57 1065 154 1112 οὔτε
170 1063 276 1118 εἶξεν
293 1064 316 1110 ὃ
329 1065 582 1126 Διόσκορος.
620 1067 721 1118 τοὺς
734 1068 781 1111 δὲ
801 1068 974 1121 λοιποὺς
993 1067 1234 1128 ἀγριώτατα
1254 1068 1396 1127 ξήνας,
1422 1071 1571 1129 ἐγκαρ-

54 1134 318 1194 τερήσαντας
336 1138 439 1196 πυρὶ
459 1140 530 1182 καὶ
551 1135 732 1189 τούτους
758 1137 899 1185 ἔδωκε.
947 1137 1043 1184 τότε
1059 1138 1299 1199 Διόσκορον
1329 1141 1571 1199 ε’λλαμπρυ-
1595 1153 1636 1188 Ρ,
1661 1153 1731 1192 369

55 1205 232 1265 νόμενόν
267 1224 313 1252 τε
342 1209 528 1269 δημοσίᾳ
552 1209 620 1251 καὶ
644 1207 877 1267 σοφώτατα
896 1209 1003 1268 πρὸς
1030 1210 1106 1262 τὰς
1127 1211 1237 1261 ἰδίας
1267 1208 1431 1261 πεύσεις
1459 1210 1566 1254 ἀπο-

36 1275 296 1337 -κρινόμενον
326 1275 563 1334 θαυμάσας
598 1283 806 1337 παρῆκεν,
844 1277 950 1337 ὑπὲρ
990 1274 1049 1324 ὧν
1087 1275 1141 1337 ἦν
1174 1279 1316 1338 φήσας
1346 1282 1405 1330 εἷς
1432 1279 1566 1335 μετά-

0 1357 44 1393 15
54 1367 174 1394 νοιαν
199 1348 329 1393 αὐτὸν
349 1349 420 1392 διὰ
439 1349 517 1405 τὴν
539 1347 704 1406 ἡλικίαν
726 1350 969 1407 ἕπιμετρεῖν.
990 1348 1078 1394 ’καὶ
1099 1354 1175 1394 νῦν
1199 1350 1564 1408 θεοπρεπέστατος

55 1419 134 1464 σὺν
166 1417 268 1476 ἡμῖν
297 1420 386 1463 ἔστι
414 1417 653 1477 Διόσκορος
687 1421 746 1470 εἷς
772 1417 1033 1478 μακρότερον
1061 1420 1136 1464 τὸν
1165 1420 1307 1477 ἀγῶνα
1337 1421 1405 1463 καὶ
1438 1421 1560 1478 διαρ-

56 1491 252 1548 κέστερον
271 1488 375 1534 εἶναι
393 1489 467 1533 τὸν
489 1484 640 1534 ἆθλον.
688 1491 907 1545 Νεμεσίων
926 1508 989 1541 τις
1006 1497 1193 1541 κακεῖνος
1210 1488 1442 1548 Αἰγύπτιος
1463 1491 1561 1533 ἒσυ-

56 1558 313 1620 κοφαντήθη
337 1560 414 1616 μὲν
436 1557 493 1611 ὦς
515 1560 567 1615 δὴ
589 1557 781 1610 σύνοικος
799 1564 966 1618 λῃστῶν
981 1575 991 1585 ’
1028 1558 1348 1615 ἀποδυσάμενος
1379 1560 1426 1604 δὲ
1454 1557 1561 1603 ταύ-

54 1649 135 1689 την
152 1630 271 1689 παρὰ
292 1635 353 1691 τῷ
374 1627 658 1688 ἑκατοντάρχῃ
679 1630 756 1687 τὴν
780 1628 1120 1688 ἀλλοτριωτάτην
1144 1629 1348 1686 διαβολὴν
1367 1634 1560 1685 καταμη-

0 1703 227 1756 mvn-iric,
264 1699 322 1753 ὥς
350 1701 631 1760 Χριστιανὸς,
667 1694 741 1758 ἧκε
773 1698 991 1759 δεσμώτης
1018 1702 1083 1744 ἐπὶ
1114 1700 1188 1745 τὸν
1215 1698 1409 1758 ἡγεμόνα.
1454 1697 1478 1743 ὅ
1512 1699 1559 1744 δὲ
1578 1706 1619 1741 V.
1642 1705 1713 1743 294

150 1817 185 1852 l.
208 1813 278 1852 τὸν
297 1825 364 1849 om.
386 1814 436 1849 G.
532 1814 590 1851 10.
612 1811 846 1860 πειρώμενον
857 1813 906 1848 G.
1002 1813 1061 1853 12.
1082 1812 1147 1850 καὶ
1163 1824 1231 1849 om.
1250 1812 1299 1847 G.
1395 1811 1454 1849 18.
1474 1808 1561 1848 σύν-

151 1862 271 1910 οικος]
297 1861 478 1899 σύνοικον
495 1861 536 1897 Α.
940 1885 943 1888 .

55 1968 175 2005 multis
194 1969 317 2003 liberis
330 1994 340 2011 ‚
366 1980 453 2014 quos
469 1970 585 2002 tamen
605 1979 714 2014 supra
729 1966 903 2002 dominum
923 1975 992 2000 non
1013 1963 1197 2010 diligeret,
1220 1963 1354 2009 inclyta
1370 1961 1555 2009 Dionysia,

55 2016 192 2063 pudore
216 2016 351 2051 suffuso
372 2015 509 2059 iudice,
535 2014 630 2061 quod
660 2026 682 2049 a
711 2014 850 2048 feminis
867 2013 1088 2054 vinceretur,
1113 2011 1182 2046 alia
1197 2016 1370 2046 tormenta
1389 2020 1558 2056 nusquam

58 2068 230 2112 expertae
258 2063 355 2098 ferro
385 2063 495 2097 vitam
528 2062 713 2104 finierunt;
752 2073 814 2108 pro
839 2059 986 2106 reliquis
1013 2058 1184 2106 siquidem
1210 2063 1376 2105 tanquam
1401 2057 1439 2092 in
1466 2055 1558 2093 aciei

55 2111 175 2146 fronte
193 2115 442 2146 tormentorum
463 2109 551 2144 satis
575 2115 765 2156 exceperat
780 2105 1033 2144 Ammonaria.”

56 2195 123 2234 Ex
153 2194 293 2234 eadem
313 2194 361 2234 Β.
384 2193 571 2246 Dionysii
595 2193 764 2246 epistola
790 2192 841 2231 de
862 2191 936 2242 iis,
969 2190 1038 2243 qui
1063 2188 1108 2227 in
1135 2188 1247 2228 Decii
1268 2185 1556 2242 perseeutione

165 2262 170 2266 ”
447 2267 523 2306 pro
545 2250 706 2291 Christo
729 2257 901 2289 mortem
922 2249 1165 2289 sustinuere.
1474 2249 1478 2255 ²

75 2349 78 2350 γ
150 2320 272 2355 Heron
302 2324 418 2355 autem
455 2325 492 2354 et
520 2320 626 2355 Aster
657 2323 695 2353 et
719 2318 876 2352 Isidorus
904 2314 1096 2362 Aegyptii,
1127 2319 1166 2349 et
1183 2326 1253 2349 una
1274 2313 1442 2350 cumillis
1467 2311 1554 2347 ado-

56 2367 272 2403 lescentulus
290 2379 400 2403 annos
421 2368 465 2403 15
493 2374 595 2402 natus
611 2366 800 2401 Dioscorus
821 2363 944 2399 traditi
961 2368 1055 2398 sunt.
1109 2362 1161 2398 Et
1184 2361 1331 2407 primum
1351 2361 1554 2396 adolescen-

56 2415 191 2456 tulum,
215 2426 279 2449 ceu
305 2414 367 2460 qui
396 2414 503 2449 facile
531 2415 759 2456 suaderetur,
791 2411 969 2447 illecebris
991 2410 1133 2445 trahere
1149 2409 1398 2455 tormentisque
1417 2406 1552 2441 iudiea-

55 2467 129 2497 tum
149 2461 372 2503 interiorem,
395 2461 500 2496 iudex
529 2466 673 2496 conatus
698 2460 734 2495 vi
759 2470 947 2505 superare3
971 2469 1088 2503 neque
1117 2468 1258 2491 suasum
1279 2467 1393 2501 neque
1419 2450 1551 2488 emolli·

56 2515 130 2544 tum
146 2507 283 2555 reperit
298 2507 516 2543 Dioscorum.
561 2508 729 2553 Reliquos
749 2506 877 2541 exinde
901 2504 1142 2540 crudelissime
1161 2503 1388 2543 dilaceratos,
1414 2506 1454 2534 ut
1470 2509 1552 2545 per-

56 2560 262 2592 severantes
278 2556 484 2601 conspexit,
506 2554 583 2600 igni
603 2554 702 2588 dedit
722 2552 964 2588 absumendos.
1013 2552 1116 2587 Tunc
1134 2562 1272 2596 quoque
1281 2550 1484 2584 Dioscorum
1505 2544 1552 2578 oh

57 2608 176 2639 notam
200 2602 341 2650 publice
367 2602 470 2637 animi
490 2602 760 2648 generositatem
778 2605 817 2635 et
834 2604 983 2646 propter
1004 2610 1173 2644 responsa
1193 2595 1338 2642 singulis
1354 2594 1552 2644 interroga-

57 2650 106 2686 tis
130 2649 273 2686 reddita
300 2649 406 2685 iudex
430 2649 595 2691 miratus,
628 2649 776 2683 liberum
802 2646 956 2688 dimisit3
979 2646 1156 2680 affirmans
1186 2657 1225 2678 se
1253 2645 1396 2689 propter
1424 2643 1552 2673 aetatis

59 2697 332 2732 imbecillitatem
355 2696 624 2741 resipiscentiae
640 2700 777 2741 tempus
801 2694 893 2729 velle
917 2693 1086 2728 tribuere.
1142 2692 1249 2726 Nunc
1268 2695 1382 2724 autem
1412 2696 1456 2738 ea
1482 2694 1552 2728 qua

60 2745 167 2780 decet
190 2745 228 2779 in
255 2744 356 2779 deum
385 2744 538 2790 pietate,
571 2742 750 2778 nobiscum
774 2744 936 2777 versatur
958 2740 1149 2775 Dioscorus
1178 2744 1215 2771 et
1246 2736 1291 2770 ad
1318 2731 1550 2787 difficiliorem

59 2803 209 2838 pugnam
230 2791 471 2838 prolixiusque
492 2795 666 2824 certamen
693 2789 934 2824 sustinendum
954 2799 999 2822 ex
1021 2784 1202 2832 praeteriti
1225 2791 1389 2817 memoria
1405 2787 1550 2812 exerce-

60 2845 132 2874 tur.
179 2840 367 2874 Caeterum
388 2837 578 2874 Nemesion
595 2835 734 2882 quidam
749 2835 854 2871 etiam
873 2834 1068 2880 Aegyptius
1086 2833 1174 2866 falso
1192 2829 1287 2864 velut
1305 2828 1475 2879 latronum
1492 2834 1550 2857 so-

60 2886 139 2921 cius
159 2885 299 2921 delatus
327 2890 405 2928 est,
429 2896 532 2931 quam
553 2883 756 2919 calumniam
781 2894 896 2918 eoram
918 2880 1120 2916 centurione
1147 2888 1224 2911 cum
1243 2888 1264 2911 a
1285 2886 1327 2909 se
1346 2870 1550 2917 depulisset,

61 2932 157 2969 velut
177 2933 247 2969 sibi
276 2944 416 2969 exosam
451 2935 488 2968 et
512 2931 683 2974 alienam,
716 2930 853 2966 demum
882 2940 949 2964 ceu
975 2925 1195 2963 Christianus
1221 2921 1313 2969 apud
1339 2918 1551 2967 praefectum
