1800 3236
250 142 353 194 446
724 150 983 196 GEORGII
1009 149 1294 197 SYNCELLI

90 270 136 309 V.
158 271 228 310 188
253 279 387 318 σπου,
425 258 484 314 ὥς
500 237 637 306 ’ἐκεῖσε
664 258 789 306 πάλιν
812 259 1067 320 δηλώσομεν.
1102 266 1178 307 τοῦ
1199 261 1278 321 γὰρ
1299 258 1448 321 Κύρου
1469 266 1748 321 φιλοτιμησα-

250 334 378 391 μένου
414 332 469 377 τὰ
493 332 600 391 πρὸς
628 331 854 389 οἲκοὸομὴν
881 334 951 375 καὶ
970 330 1239 384 κελεύσαντος
1266 332 1499 392 εἴρχθησαν
1526 332 1751 391 ἀρξάμενοι

248 408 327 462 τῆς
367 403 615 459 οῗκοδομῆς,
652 401 989 458 ἀντιταξαμένων
1025 404 1094 446 καὶ
1134 402 1448 461 διαβεβηκότων
1480 402 1636 454 αὐτοὺς
1664 408 1749 447 τῶν

251 474 468 534 περιοίκων
491 473 628 516 ἐθνῶν
638 504 653 526 ,
692 469 877 528 μάλιστα
898 477 983 517 τῶν
1000 473 1042 516 ἐν
1064 475 1296 534 Σαμαρεία.

215 556 246 593 c
358 546 503 602 Κῦρος
531 559 654 592 ουτος
673 540 905 600 Ἀστυάγην
921 542 1006 587 τὸν
1015 544 1384 601 προδεδήλωμένον
1407 541 1560 587 ἑαυτοῦ
1578 540 1780 587 πάππον5

248 611 531 672 βασιλεύοντα
561 610 730 669 Μήδιον
758 613 974 667 καθελὼν,
1011 613 1089 670 τὴν
1122 614 1336 672 Περσικὴν
1365 613 1498 671 εἶσῆξε
1517 615 1749 670 βασιλείαν,

249 683 419 741 Μήδων
448 681 788 738 βασιλευσάντων
816 683 875 727 ἔτι
908 701 989 727 που
1016 683 1123 739 μετὰ
1154 682 1518 742 Σαρδανάπαλλον
1547 683 1630 727 ἀπὸ
1654 683 1752 741 Ἀρ-

246 753 385 812 βάκου
414 751 572 810 Μήδου
592 758 668 797 τοῦ
687 751 944 806 καθελόντος
964 754 1092 798 αὐτὸν
1114 756 1184 798 καὶ
1204 755 1280 811 τὴν
1298 754 1526 812 Ἀσσυρίων
1547 751 1694 812 ἀρχήν.

357 826 503 883 Κῦρος
524 817 648 875 οὗτος
669 825 838 884 πολέμῳ
856 823 930 868 τὸν
951 827 1139 883 Κροῖσον
1158 824 1281 880 ἔλαβε
1303 827 1371 868 καὶ
1393 825 1470 882 τὴν
1486 827 1652 868 Λυδῶν
1668 829 1753 879 βα-

252 896 409 940 σιλείαν
442 895 499 945 εἷς
530 892 710 952 Σάρδεις
738 894 903 951 ἐλθὼν,
942 899 1001 956 τῷ
1035 896 1158 939 παιδί
1175 913 1218 940 τε
1240 892 1459 955 Καμβύσῃ
1487 894 1754 952 παιδαγωγὸν
1766 904 1800 940 1(

253 965 384 1010 αὐτὸν
404 964 667 1022 κατέστησεν.

353 1033 402 1079 Ὁ
423 1034 551 1087 αυτὸς
567 1034 734 1092 Λανιηλ
755 1034 828 1078 τὸν
850 1032 1074 1094 προφήτην
1094 1030 1223 1087 αυθις
1247 1035 1569 1095 ἐπιφανέστερον
1584 1031 1753 1079 πάντων

205 1138 207 1140 -
251 1105 444 1157 ἀνέδειξε.
480 1107 773 1164 συντρίψαντα
804 1106 851 1149 δὲ
879 1107 947 1149 καὶ
986 1106 1061 1150 τὸν
1092 1109 1235 1162 Βῆλον
1267 1108 1324 1158 εἷς
1351 1106 1399 1150 τὸ
1426 1106 1487 1163 μὴ
1508 1111 1755 1163 προσκυνεῖ-

253 1181 362 1220 σθαι
385 1176 455 1220 καὶ
483 1175 558 1220 τὸν
579 1173 789 1235 δράκοντα
816 1173 1019 1220 ἀνελόντα
1046 1177 1089 1221 ἐν
1110 1180 1169 1239 τῷ
1191 1181 1276 1221 τῶν
1299 1174 1480 1221 λεόντων
1505 1174 1646 1237 λάκκῳ
1667 1174 1754 1219 ἐνέ-

210 1251 362 1302 Ββαλε
384 1245 433 1290 τὸ
457 1244 662 1305 δεύτερον.
1764 1258 1800 1295 15

355 1314 483 1373 Ἡμῖν
510 1317 586 1374 μὲν
623 1311 699 1361 οὖν
731 1313 947 1372 ἑπομένοις
975 1319 1028 1376 τῇ
1053 1316 1154 1379 θείᾳ
1183 1321 1325 1377 γραφῇ
1356 1321 1441 1362 τῶν
1480 1319 1762 1376 Παραλειπο-μ

350 1453 385 1489 1
409 1448 550 1488 ἕκεῖσαι
575 1450 606 1485 Β
636 1449 695 1485 hic
718 1453 754 1487 et
776 1449 872 1488 alibi.
989 1451 1013 1488 δ
1014 1448 1214 1498 ηλῶσωμεν
1231 1451 1274 1486 Β.
1391 1451 1426 1487 2.
1437 1447 1647 1508 ἥρχθησαν
1680 1449 1756 1486 ΑΒ.

378 1497 477 1535 ..ἔτι
501 1499 544 1536 Β.
578 1497 642 1546 ἔτη
842 1465 1166 1556 σαρδανάπαλλον
1187 1499 1231 1534 Β.
1263 1496 1571 1547 Σαρδανάπαλον
1599 1500 1647 1534 G.

349 1547 386 1583 9
409 1544 550 1604 κρὺσον
568 1546 611 1581 Β.
662 1499 776 1584 G10.
804 1544 852 1582 σά
855 1547 1012 1594 ρδειςΒ.
1038 1546 1183 1592 Σαρδὶς
1201 1546 1250 1581 G.
1363 1547 1418 1583 12.
1445 1547 1572 1593 Margo
1597 1547 1669 1583 AB.
1690 1559 1758 1583 κυ-

350 1606 418 1638 ρος
436 1592 503 1631 τόν
518 1596 675 1639 κροῖσον
704 1595 965 1639 αἰχμαλωτίζει
980 1594 1046 1631 καὶ
1073 1593 1238 1640 θελήσας
1262 1589 1382 1630 αὐτὸν
1406 1595 1497 1651 πυρι
1519 1596 1757 1632 κατακαῦσαι

352 1639 419 1678 διοὶ
445 1640 512 1678 τὸν
548 1640 696 1678 σόλωνα
725 1640 901 1702 ἐφείσατο
935 1640 1063 1689 τρόπῳ
1091 1643 1238 1690 τοιῷδε.
1282 1639 1534 1687 ἀπερχόμενος
1560 1643 1701 1702 καῆναι
1733 1638 1754 1678 ὁ

350 1691 502 1734 κροῒσος
522 1685 743 1747 ἀνέκραξεν,
769 1686 800 1724 ὦ
821 1688 960 1732 σόλων,
986 1687 1018 1725 ὦ
1040 1679 1175 1734 σόλων.
1208 1688 1324 1725 τοῦτο
1353 1688 1469 1735 γνοῦς
1496 1688 1516 1726 ὁ
1518 1692 1654 1749 κῦρος
1666 1688 1758 1726 ἐπύ-

352 1739 445 1773 θετο
463 1737 566 1779 τίνος
574 1736 690 1795 ,χάριν
714 1735 889 1783 ὀνομαζει
910 1735 977 1774 τόν
998 1735 1157 1774 σόλωνα.
1191 1737 1254 1773 καὶ
1274 1736 1494 1782 πυθόμενος
1512 1734 1649 1793 ἤκουσε
1667 1733 1755 1782 παρ’

353 1782 476 1821 αὐτοῦ
495 1781 553 1820 ὅτι
571 1782 634 1821 ὅτε
653 1782 919 1832 ᾐχμαλώτευσα
945 1783 1012 1821 τὸν
1040 1783 1185 1823 σόλωνα
1211 1783 1347 1830 ἤνε,κα
1371 1784 1493 1821 αὐτὸν
1517 1783 1757 1842 καυχώμενος

351 1830 393 1868 ἐν
391 1832 462 1888 τῇ
480 1830 572 1887 δόξῃ
589 1845 680 1889 μου
680 1833 743 1868 καὶ
762 1830 801 1869 ἐν
821 1834 875 1891 τῷ
891 1831 1041 1880 πλούτῳ
1064 1834 1131 1878 τῆς
1148 1833 1345 1892 βασιλείας
1363 1844 1440 1877 μου
1463 1833 1528 1869 καὶ
1552 1832 1660 1870 εἷπον
1687 1829 1757 1868 αὗ-

350 1879 428 1925 τῷ·
450 1877 613 1916 δύνασαι
639 1876 783 1938 ευρεῖν,
808 1893 838 1916 ω
849 1870 1008 1938 σόλων,
1035 1879 1369 1926 εὐδαιμονέστερόν
1394 1893 1494 1926 μου,·
1517 1880 1581 1917 καὶ
1611 1878 1759 1926 εἴρηκέν

351 1938 418 1972 μοι
435 1924 496 1963 ὅτι
515 1925 724 1983 διογένης
706 1942 726 1965 ο
748 1925 901 1970 κυνικὸς
918 1926 1247 1985 εὕδαιμονέστερος
1262 1928 1332 1964 σοῦ
1351 1926 1451 1965 ἐστὶν
1465 1928 1529 1964 καὶ
1547 1925 1653 1965 ἄλλοι
1668 1929 1758 1964 πολ-

353 1974 425 2010 λοί.
463 1969 507 2011 ὃν
525 1970 848 2034 ἇποπεμψαμενος
872 1972 923 2017 ὥς
947 1975 1080 2034 ἕξηχον
1095 1974 1280 2036 ᾐσθόμην
1303 1971 1438 2032 ᾆρτίως
1459 1990 1518 2013 οτι
1543 1975 1668 2012 πάντα
1686 1975 1759 2011 τοῦ

350 2019 497 2067 κόσμου
523 2020 636 2059 οὐδὲν
664 2022 775 2060 ἐστίν.
810 2024 867 2060 ἴδε
885 2022 956 2070 γὰρ
976 2021 1034 2060 ὅτι
1058 2021 1172 2060 οὐδὲν
1195 2021 1402 2081 ὠφελήθην
1428 2021 1469 2060 ἐκ
1500 2025 1571 2060 τοῦ
1589 2021 1758 2060 πλούτου

353 2070 422 2115 τῆς
438 2070 628 2129 βασιλείας
647 2083 733 2132 '‘¹3⁰¹'‘
767 2072 974 2130 τηνικαῦτα
993 2067 1257 2117 αἰσθόμενος“
1239 2086 1258 2108 ο
1279 2084 1396 2114 κυρος
1412 2069 1458 2108 οὗ
1478 2069 1600 2117 μόνον
1618 2069 1760 2116 ἀτιμώ-

355 2129 471 2162 ρητον
501 2115 620 2154 αυτὸν
649 2118 791 2161 εἴασεν,
816 2116 908 2155 αλλα
933 2118 995 2155 καὶ
1027 2119 1184 2166 τιμήσας
1195 2117 1280 2203 1,σύμ
1310 2121 1423 2155 ουλον
1448 2118 1664 2166 προσήκατο
1694 2117 1759 2155 καὶ

354 2162 598 2213 παιδαγωγόν
614 2167 685 2203 τοῦ
702 2164 841 2209 παιδὸς
857 2163 1066 2215 καμβύσου.
1297 2165 1447 2213 νέβαλλε
1468 2168 1514 2203 A.

259 2278 407 2314 inferius
424 2291 545 2315 rursus
560 2280 804 2317 declarandum
825 2285 1008 2325 occurret3
1033 2281 1191 2329 quamvis
1215 2280 1304 2318 enim
1323 2283 1536 2318 structuram
1555 2285 1699 2328 urgeret
1723 2285 1761 2317 et

260 2330 419 2362 ornatum
436 2328 511 2362 eius
527 2339 658 2363 omnem
683 2329 926 2364 absolvendum
947 2331 1063 2376 Cyrus
1087 2330 1295 2385 imperaret,
1318 2329 1511 2365 vicinarum
1538 2336 1653 2365 tamen
1670 2341 1760 2376 gen-

261 2373 349 2408 tium
377 2385 419 2408 ac
446 2375 591 2409 maxime
609 2375 788 2411 Samariae
815 2376 1003 2412 incolarum
1033 2381 1208 2424 potestate
1234 2376 1271 2412 in
1298 2376 1510 2413 contrarium
1538 2377 1717 2414 obnitente
1737 2387 1760 2412 a

258 2421 377 2468 ¹ceptis
397 2421 520 2456 Iudaei
537 2423 696 2457 revocati
717 2426 811 2458 sunt.

358 2467 472 2515 Cyrus
494 2469 564 2503 iste
588 2480 655 2504 avo
674 2470 831 2516 Astyage
853 2469 1074 2517 frequentius
1101 2473 1286 2507 memorato
1307 2470 1489 2507 Medorum
1509 2469 1666 2518 principe
1694 2481 1759 2516 po-

263 2516 396 2551 testate
415 2520 603 2560 summoto,
628 2516 794 2551 Persici·
784 2518 920 2563 lmperii
944 2522 1066 2552 auctor
1088 2518 1181 2562 fuit3
1205 2524 1286 2564 post
1305 2519 1601 2564 Sardanapalum,
1627 2518 1670 2552 ab
1691 2519 1760 2552 Ar-

263 2562 354 2598 bace
372 2562 495 2606 Medo,
520 2563 578 2609 qui
609 2575 688 2598 eum
713 2564 855 2599 sustulit
887 2570 924 2599 et
952 2565 1174 2611 Assyriorum
1199 2566 1381 2619 imperium
1402 2565 1555 2608 evertit,
1577 2564 1760 2599 Medorum

264 2609 445 2658 principes
461 2611 559 2646 annis
577 2609 719 2646 circiter
735 2613 805 2648 276
825 2615 1006 2647 steterunt.
1206 2631 1210 2639 ι

360 2656 475 2703 Cyrus
492 2657 582 2693 idem
598 2658 728 2705 regia
715 2658 877 2693 Sardium
893 2662 1083 2714 occupata,
1109 2659 1274 2695 Croesum
1289 2659 1381 2695 bello
1396 2658 1528 2695 victum
1549 2661 1588 2694 et
1607 2658 1682 2694 eius
1700 2669 1760 2694 re-

265 2714 372 2750 gnum
387 2704 505 2751 cepit,
528 2705 743 2762 eundemque
761 2705 927 2752 Cambysi
946 2706 1018 2741 filio
1039 2707 1280 2763 paedagogum
1297 2707 1407 2742 dedit.

358 2730 570 2798 Prophe'tam
585 2752 762 2788 Danielem
779 2765 842 2788 ceu
862 2753 1006 2797 reliquis
1022 2754 1244 2790 illustriorem
1269 2754 1383 2790 auctis
1409 2753 1600 2790 honoribus
1620 2751 1757 2787 extulit.

265 2796 391 2832 Daniel
410 2810 494 2834 vero
515 2811 638 2835 everso
656 2801 905 2847 confractoque
921 2800 1000 2835 Beli
1017 2801 1212 2845 simulacro,
1238 2806 1274 2837 et
1289 2813 1332 2836 ne
1350 2801 1443 2837 ultra
1458 2801 1646 2843 coleretur,
1668 2799 1761 2834 Dra-

264 2855 352 2880 cone
394 2850 566 2903 erempto,
590 2847 626 2882 in
643 2847 778 2882 leonum
794 2848 930 2882 foveam
948 2847 1077 2883 iterato
1094 2848 1270 2883 coniectus
1290 2851 1357 2884 est.

390 2904 446 2929 um
464 2893 517 2930 ita
534 2893 602 2940 sit,
627 2899 667 2931 ut
683 2894 826 2932 divinae
846 2894 1134 2943 Paralipomenon
1155 2896 1376 2943 scripturae,
1398 2894 1496 2931 cuius
1522 2896 1655 2930 textum
1678 2903 1762 2940 pro-
