1800 3236
260 185 365 237 318
728 191 982 238 GEORGII
1009 191 1299 240 SYNCELLI

259 299 561 362 συλλεξάμενος
581 301 821 363 φιλοπόνως
841 306 911 349 καὶ
930 300 1067 364 ταύτῃ
1096 303 1176 362 τὴν
1194 302 1348 350 ἑαυτοῦ
1362 307 1562 366 χρονικὴν
1582 324 1766 368 συγγρα-

260 376 346 436 φὴν
365 374 698 432 κατασεμνύνας,
717 373 796 427 τάς
818 393 863 419 τε
886 375 1156 434 προκειμένας
1167 373 1338 434 χρήσεις
1346 376 1571 436 Διοδώρου
1592 382 1661 423 καὶ
1678 382 1768 424 Κε-

259 447 472 506 φαλίωνος
501 448 679 505 προθεὶς
710 446 754 490 ἓν
782 443 844 499 λζ’
874 449 1093 500 βασιλεῦσι
1121 446 1199 502 τὴν
1224 446 1456 505 Ἀσσυρίων
1475 448 1609 507 ἀρχὴν
1630 450 1766 508 περιέ-

258 522 388 571 λαβεν
398 550 412 571 ,
452 516 558 560 ἔτεσι
578 517 623 559 δὲ
645 513 725 576 ‘az'
735 549 750 570 ,
786 519 847 575 τῷ
869 513 1062 575 Κάστορι
1080 520 1243 571 μᾶλλον
1263 517 1587 575 ἀκολουθήσας,
1625 514 1676 563 οὗ
1697 521 1767 563 καὶ

221 593 254 628 D
263 588 500 646 μαρτυρίαν
518 584 730 644 παρήγαγε
742 619 756 640 ,
790 584 902 647 ‘aaa'
923 585 994 644 ἔτη
1014 584 1260 645 φάσκουσαν
1278 588 1378 639 τοὺς
1391 588 1622 648 Ἀσσυρίων
1636 593 1796 646 βασι-5

260 663 346 710 λεΐς
359 657 496 715 ἄρξαι,
519 658 587 700 καὶ
599 661 724 700 τοῦτο
737 657 806 700 διὰ
827 657 876 701 τὸ
897 655 1219 713 συμβάλλεσθαι
1236 662 1295 717 τῷ
1316 664 1617 720 παραλογισμῷ
1635 660 1766 704 advos

260 728 370 772 κατὰ
399 726 499 779 τοὺς
531 725 736 785 χρόνους,
775 726 822 771 ὃν
850 727 1059 772 πέπονθεν
1080 729 1123 771 ἓν
1142 735 1232 779 τοῖς
1255 729 1338 773 ἀπὸ
1368 734 1445 773 τοῦ
1468 734 1767 787 κατακλυσμοῦ

260 799 340 849 ἕως
367 796 564 855 Ἀβραὰμ
590 796 783 855 χρόνοις,
821 798 880 854 μὴ
905 796 1221 858 χρονολογήσας
1250 799 1356 855 μετὰ
1375 799 1451 843 τὸν
1470 801 1768 857 κατακλυσμὸν

259 871 427 913 Καϊνᾶν
457 868 550 912 υἱὸν
582 872 659 912 τοῦ
688 868 931 927 Ἀρφαξὰδ,
978 867 1025 913 ὃν
1058 867 1080 913 ὃ
1108 874 1228 921 θεῖος
1264 869 1554 928 εὖαγγελιστὴς
1588 874 1769 922 Λουκᾶς

261 941 306 983 ἓν
336 943 396 999 τῷ
421 937 519 982 κατ’
549 938 678 982 αὐτὸν
700 939 915 998 εὐαγγελίῳ
940 938 991 997 ιγ’
1015 939 1096 984 ἀπὸ
1116 944 1192 984 τοῦ
1209 940 1344 996 Ἀδὰμ
1365 940 1700 999 ἐγενεαλόγησεν,
1738 939 1767 999 ἦ
1781 955 1798 990 1

259 1011 308 1053 δὲ
332 1014 408 1066 τῆς
427 1012 469 1053 Γ
465 1009 632 1060 ενέσεως
653 1007 799 1068 πρώτη
821 1010 1043 1062 ΖΠωῢσέως
1070 1012 1219 1065 βίβλος
1247 1015 1306 1072 τῷ
1330 1009 1393 1070 ρλ’
1413 1011 1491 1055 ἔτει
1512 1012 1644 1056 αὐτοῦ
1663 1028 1769 1071 φησι

258 1079 335 1124 τὸν
369 1078 498 1123 αὐτὸν
525 1081 690 1124 Καϊνᾶν
711 1080 986 1137 γεγεννηκέναι
1017 1081 1092 1125 τὸν
1121 1079 1243 1125 Σάλα
1277 1082 1321 1125 ἓν
1350 1089 1445 1133 τοῖς,
1469 1081 1770 1140 ἧκριβωμένοις

259 1154 346 1194 τῶν
374 1148 664 1209 ἀντιγράφων,
704 1148 762 1201 ὡς
789 1152 858 1194 καὶ
885 1148 1004 1208 ἡμεῖς
1034 1149 1390 1209 ἔστοιχειώσαμεν.
1429 1152 1472 1196 ἴν
1494 1170 1575 1197 τισι
1598 1153 1678 1212 γὰρ
1707 1157 1767 1214 τῷ

263 1218 362 1279 ρλθ’
385 1221 553 1279 φέρεται
578 1221 708 1264 αὐτοῦ
729 1224 908 1266 Καϊνᾶν.

105 1291 148 1327 V.
176 1293 243 1329 135
373 1289 602 1353 Θαυμάσαι
633 1292 682 1335 δέ
698 1310 770 1347 μοι
789 1290 980 1348 μεγάλως
1000 1289 1161 1336 ἔπεστιν
1185 1289 1301 1345 ὅπως
1321 1290 1342 1337 ὃ
1373 1292 1502 1345 αὐτὸς
1521 1290 1630 1337 κατά
1651 1297 1798 1345 τινας1

107 1340 151 1377 P·
170 1343 240 1379 169
263 1363 435 1419 κληθεὶς
474 1360 678 1420 φρόνιμος
718 1362 948 1417 Εὐσέβιος,
988 1363 1151 1420 δηλαδὴ
1193 1364 1301 1407 κατὰ
1344 1363 1618 1423 ἀντίφρασιν,
1657 1363 1769 1408 οὕτω

260 1430 485 1490 προδήλως
515 1439 609 1483 ταῖς
636 1433 776 1483 θείαις
801 1440 985 1491 γραφαῖς
1015 1433 1243 1477 ἇντιπεσεΐν
1269 1432 1533 1491 τετόλμηκεν,
1573 1432 1595 1478 ὅ
1626 1439 1768 1479 πᾶσαν

204 1524 206 1526 ·
260 1502 478 1561 ἀκρίβειαν
492 1501 835 1561 ἐπαγγειλάμενος
853 1505 922 1546 καὶ
941 1504 1158 1560 τάληθοῦς
1181 1502 1361 1560 εὕρεσιν,
1386 1504 1443 1556 ὥς
1463 1521 1606 1564 φησιν,
1629 1506 1673 1548 ἔκ
1691 1509 1770 1562 τῆς

261 1573 371 1631 παρ’
384 1571 596 1631 Ἑβραίοις
617 1575 685 1617 καὶ
697 1575 980 1632 Σαμαρείταις
1000 1576 1068 1627 καὶ
1090 1582 1178 1625 τοῖς
1196 1573 1230 1618 ο’
1248 1573 1518 1632 ἑρμηνευταῖς
1537 1575 1770 1634 φερομένης

264 1645 637 1702 ὃιαπεφωνημένης
654 1649 821 1703 γραφῆς
844 1644 913 1688 διὰ
938 1644 987 1688 τὸ
1011 1649 1095 1689 τῶν
1119 1644 1387 1704 ἀντιγράφων
1408 1643 1678 1704 ἀσύμφωνον,
1700 1648 1800 1690 καὶΞ

265 1718 418 1773 τριχῶς
446 1715 740 1773 παραθέμενος
759 1714 858 1767 τοὺς
870 1713 1076 1774 χρόνους,
1112 1717 1156 1760 ἐν
1176 1715 1349 1779 οὐδεμιᾷ
1377 1721 1463 1761 τῶν
1480 1720 1609 1776 τριῶν
1627 1734 1769 1776 παρα-

359 1837 397 1872 2.
422 1835 612 1882 διοδώρου
632 1837 675 1873 Β.
699 1835 887 1885 Διοδώρῳ
907 1838 956 1874 G.
1061 1838 1095 1875 5.
1121 1837 1314 1886 παρήγαγε
1333 1839 1376 1875 Β.
1409 1839 1525 1887 Vulgo
1545 1836 1768 1886 προήγαγεν.

428 1883 506 1931 ἔτη]
534 1885 604 1923 ἔτει
625 1887 667 1922 Β.
771 1888 805 1923 9.
829 1885 875 1923 ὃν
894 1886 937 1920 B.
962 1879 1016 1922 ὦν
1038 1887 1079 1921 Α.
1106 1882 1174 1928 οὓς
1194 1887 1242 1921 G.
1346 1888 1402 1924 18.
1425 1891 1491 1924 καὶ
1510 1885 1706 1933 τάληθοῦς
1723 1888 1767 1926 Β.

357 1930 456 1967 κατὰ
477 1931 649 1980 ἀληθοῦς
670 1934 718 1968 G.
831 1935 887 1970 19.
913 1933 1156 1982 ἑρμηνευταῖς
1181 1946 1246 1968 om.
1272 1934 1320 1972 G.
1431 1936 1492 1973 20.
1519 1935 1769 1980 διαπεφωνη-

356 1978 470 2025 μένης
494 1981 535 2016 Β.
567 1980 634 2018 διὰ
662 1984 729 2028 τῆς
753 1980 978 2029 φωνημένης
1004 1982 1053 2019 G.
1168 1979 1212 2018 τὸ
1237 1993 1302 2017 om.
1326 1981 1369 2018 B.
1495 1984 1557 2020 21.
1582 1983 1698 2029 τριῶν
1723 1982 1767 2019 Β,

357 2028 494 2073 τριχῶν
517 2031 558 2064 Α.
582 2031 716 2076 τριχῶς
740 2030 789 2067 G.

263 2129 332 2166 lem
350 2129 431 2166 hinc
452 2131 535 2167 inde
556 2144 623 2168 non
639 2133 838 2181 indiligenti
854 2133 978 2170 mentis
996 2133 1112 2170 studio
1132 2133 1169 2169 in
1192 2146 1295 2171 unum
1313 2133 1542 2182 congesserit,
1566 2145 1636 2181 qua
1652 2133 1768 2170 Chro-

265 2178 378 2212 nicum
397 2190 486 2224 opus
503 2191 526 2214 a
545 2192 583 2215 se
603 2181 731 2216 editum
750 2182 937 2217 adornavit
954 2194 995 2217 ac
1019 2183 1152 2217 demum
1172 2182 1319 2218 Diodori
1334 2181 1654 2229 Chephnlionisque
1672 2182 1770 2217 dicta

265 2224 455 2271 protulerit
473 2226 508 2260 in
527 2227 698 2270 medium3
723 2229 880 2265 castoris
901 2234 1017 2265 tamen
1040 2229 1260 2275 Assyriorum
1282 2229 1419 2276 imperii
1444 2234 1582 2275 tempus
1601 2240 1768 2264 annorum

268 2273 360 2308 1280
382 2272 550 2308 limitibus
567 2274 776 2311 includentis
795 2277 1005 2312 auctoritate
1034 2278 1206 2323 producta
1226 2282 1263 2312 et
1279 2277 1494 2324 approbata,
1519 2276 1702 2322 imperium
1723 2275 1770 2310 il-

264 2317 327 2353 lud
352 2330 451 2354 omne
468 2320 686 2367 Assyriorum
705 2335 824 2368 regum
844 2326 890 2360 36
909 2325 1074 2359 laterculo
1093 2330 1130 2359 et
1150 2335 1315 2359 annorum
1335 2327 1428 2361 1000
1456 2327 1493 2359 et
1517 2324 1590 2360 300
1619 2324 1769 2358 decursu

263 2367 544 2411 comprehensum
573 2370 743 2412 asseruit3
779 2383 820 2405 eo
846 2370 1002 2406 nimirum
1031 2371 1197 2413 consilio,
1225 2375 1264 2406 ut
1292 2382 1447 2406 errorem
1472 2369 1571 2405 falsis
1601 2381 1769 2405 annorum

263 2412 458 2448 ratiociniis
487 2415 584 2460 prius
613 2417 792 2451 collectum
824 2417 919 2453 circa
947 2429 1054 2453 annos
1086 2430 1107 2452 a
1135 2418 1268 2453 diluvio
1299 2419 1344 2453 ad
1366 2418 1543 2454 Abraham
1573 2417 1712 2464 elapsos
1731 2420 1770 2452 et

265 2464 346 2506 post
366 2459 534 2495 diluvium
554 2462 690 2498 Cainan
709 2465 901 2510 Arphaxad
921 2465 984 2499 filii
1015 2478 1035 2501 a
1061 2465 1178 2500 divino
1207 2465 1423 2511 evangelista
1447 2465 1542 2500 Luca
1562 2470 1643 2511 post
1671 2464 1770 2499 Ada-

262 2518 353 2542 mum
371 2506 448 2542 loco
471 2510 515 2545 13
542 2511 713 2544 numerati
738 2522 858 2546 nomen
883 2516 920 2546 et
944 2524 1052 2547 annos
1076 2516 1360 2558 praetergressus
1384 2517 1582 2559 repararet.
1629 2511 1768 2546 Primus

263 2558 380 2590 autem
409 2554 592 2590 Geneseos
623 2568 645 2591 a
671 2557 773 2592 Mose
804 2558 1022 2605 conscriptus
1049 2559 1160 2602 liber,
1185 2560 1216 2594 si
1243 2560 1344 2594 modo
1368 2558 1582 2595 correctiora
1609 2562 1769 2604 prostent

264 2601 498 2648 exemplaria,
522 2614 565 2638 ea
588 2615 657 2650 qua
684 2604 880 2650 putavimus
907 2605 1044 2641 ratione
1074 2606 1208 2641 Cainan
1235 2607 1364 2642 aetatis
1381 2617 1470 2641 anno
1494 2607 1680 2640 centesimo
1700 2604 1769 2640 tri-

265 2647 418 2695 gesimo,
443 2649 523 2684 aliis
541 2649 623 2686 licet
643 2652 710 2688 139
732 2652 962 2687 scribentibus
976 2678 987 2695 ‚
1012 2653 1146 2688 Cainan
1162 2653 1268 2688 filium
1292 2653 1376 2688 Sala
1395 2652 1558 2699 genuisse
1576 2656 1740 2687 testatur.

359 2695 448 2730 Illud
477 2701 591 2732 eutem
617 2698 736 2733 mirari
761 2710 829 2734 non
857 2699 1001 2742 desino,
1035 2700 1129 2746 quod
1159 2711 1234 2734 cum
1265 2699 1441 2734 Eusebius
1466 2698 1606 2734 solertis
1633 2698 1768 2734 nomine

264 2741 464 2787 (contrario
483 2743 639 2780 nimirum
658 2747 782 2791 sensu)
809 2745 1017 2791 insignitus,
1040 2747 1127 2781 adeo
1147 2747 1330 2781 manifeste
1349 2746 1478 2781 divinis
1492 2746 1677 2793 scripturis
1699 2746 1767 2781 ad·-

266 2790 402 2824 versari
430 2802 535 2826 ausus
554 2792 682 2835 fuerit,
706 2798 744 2828 et
767 2805 812 2827 ex
827 2792 983 2839 vulgatis
1011 2793 1232 2840 receptisque
1252 2805 1328 2828 curn
1351 2794 1444 2841 apud
1463 2793 1667 2835 Hebraeos,
1691 2797 1765 2827 tum

263 2836 480 2880 Samaritas,
503 2842 574 2874 tum
605 2851 711 2885 penes
734 2840 961 2887 septuaginta
989 2841 1206 2887 Interpretes
1229 2840 1387 2875 textibus
1415 2840 1650 2887 requirendae
1672 2838 1770 2874 veri-

264 2883 331 2917 tati
357 2884 571 2929 diligentiam
593 2898 723 2922 omnem
751 2899 773 2923 a
796 2900 835 2922 se
859 2887 1090 2922 adhibendam
1114 2886 1308 2933 pollicitus,
1342 2888 1386 2922 ob
1413 2887 1661 2933 exemplarium
1693 2885 1768 2920 dis-

263 2930 417 2967 cordiam
438 2931 541 2968 aunis
559 2933 731 2970 trifariam
754 2933 946 2983 expositis,
970 2934 1006 2970 in
1023 2935 1118 2971 nulla
1135 2933 1288 2982 triplicis
1305 2934 1407 2971 istius
1425 2933 1670 2981 descriptionis
1689 2931 1767 2968 edi-
