1800 3236
556 187 1089 260 CHRONOGRAPHIA.
1489 212 1591 263 115

73 322 205 381 νομὸς
222 321 410 382 ἐκλήθη,
447 323 496 370 οῗ
517 325 588 369 καὶ
610 325 655 369 ἓν
673 329 735 386 τῷ
754 327 971 385 Σεθροΐτῃ
989 329 1110 389 νομῷ
1130 324 1253 372 πόλιν
1268 324 1436 374 ἴκτισαν
1444 363 1460 385 ,
1499 329 1584 390 ἀφ’
1610 336 1653 375 Ρ.
1672 341 1721 379 62

72 389 127 454 ἧς
139 392 376 454 ὁρμώμενοι
397 396 661 453 Αἰγυπτίους
682 394 971 456 ἐχειρώσαντο.

175 462 222 521 β’
255 468 384 510 Βνῶν
399 464 472 523 ἴτη
493 463 554 523 μ’.

174 533 216 594 γ’
240 534 436 595 ’Άφωφις
454 536 526 594 ἔτη
544 533 600 581 ιδ’
601 571 613 583 .

31 610 57 648 5
173 606 308 652 Μεθ’
335 605 384 651 ὃν
393 605 576 666 ’Άρχλης
597 606 668 666 ἔτη
692 605 743 653 λ’.

169 673 305 733 Ὁμοῦ
325 676 398 735 ἔτη
427 676 505 737 ργ’.

173 747 304 791 Κατὰ
324 746 504 800 τούτους
522 749 772 806 Αἶγυπτίων
787 747 988 806 βασιλεὺς
1002 747 1158 808 Ἰωσὴφ
1178 750 1399 801 δείκνυται.

172 818 438 875 Σημειωτὲον
470 823 563 872 πῶς
593 818 615 864 ὅ
647 819 855 876 Εὐσέβιος
886 820 994 879 πρὸς
1022 820 1098 864 τὸν
1137 822 1287 865 οἰκεῖον
1308 824 1469 869 σκοπὸν
1485 825 1586 878 τοὺς

66 890 146 944 τῆς
175 888 548 948 πεντεκαιδεκάτης
577 893 826 943 δυναστείας
848 890 968 949 παρὰ
986 894 1047 951 τῷ
1062 890 1304 952 Ἀφρικανῷ
1325 896 1584 954 φερομένους

11 965 58 1002 10
68 957 179 1003 κατὰ
211 959 290 1016 τὴν
314 958 366 1014 ιζ’
385 962 637 1007 δυναστείαν
655 962 861 1020 γεγονέναι
882 962 1000 1019 λέγει.
1040 961 1104 1005 ἐπὶ
1122 962 1203 1021 γὰρ
1225 968 1328 1007 πᾶσι
1347 965 1620 1026 ‘tuensqui-B

66 1046 190 1086 νηται
217 1028 283 1074 ὅτι
313 1030 379 1074 ἐπὶ
397 1030 629 1091 Ἀφώφεως
655 1027 782 1091 ἧρξεν
806 1032 963 1090 Ἰωσὴφ
995 1037 1073 1089 τῆς
1099 1031 1324 1090 Αἰγύπτου
1333 1069 1349 1090 ,
1387 1036 1448 1094 μὴ
1478 1037 1583 1094 ἔχων

66 1097 264 1145 ὅπωσοῦν
293 1101 359 1144 ἐπὶ
385 1102 515 1146 ἄλλου
536 1103 647 1155 τινὸς
667 1103 798 1148 αὐτὸν
825 1103 1107 1162 παραθέσθαι
1124 1102 1332 1163 μετήγαγε
1355 1106 1583 1166 τὸνἌφω-

64 1187 139 1230 φιν
170 1169 253 1216 ἀπὸ
278 1176 355 1229 τῆς
371 1170 418 1217 ιε’
448 1175 698 1226 ὁύναστειάς
721 1176 778 1226 εἷς
796 1174 875 1233 τὴν
897 1173 970 1229 ιζ,
1008 1172 1256 1230 κολοβιῦσας
1279 1176 1332 1220 τὰ
1356 1176 1428 1236 ἔτη
1450 1178 1583 1223 αὗτοῦ

65 1239 132 1294 ξα’
161 1239 409 1300 ὑπάρχοντα
438 1245 498 1296 εἰς
515 1243 568 1290 λ’.
606 1245 660 1289 τὰ
681 1246 728 1289 δὲ
749 1250 826 1302 τῆς
848 1244 950 1303 ὅλης
965 1246 1216 1298 δυναστείας
1235 1244 1329 1306 ρνα’
1355 1246 1419 1307 (ιγ’
1438 1267 1580 1308 παρα-

8 1318 55 1357 15
66 1313 160 1364 θεὶς
177 1313 248 1357 καὶ
270 1312 364 1358 ἀντὶ
382 1318 468 1359 τῶν
481 1313 527 1368 (ἐξ
548 1316 758 1371 βασιλέων
778 1314 818 1360 δ’
839 1314 1012 1373 μόνους.

455 1435 667 1477 ΚΑΤΑ
713 1435 1179 1480 ΛΦΡΙΚΑΝΟΝ.

148 1518 532 1579 Ὀκτωκαιδεκοῖτη
563 1522 804 1567 δυναστεία
831 1525 1147 1567 Διοσπολιτῶν
1174 1506 1398 1581 βασιλέων
1428 1525 1481 1577 ις’

58 1601 125 1653 ’ὧν
157 1611 327 1668 πρῶτος
353 1606 517 1664 Ἀμώς,
557 1608 631 1667 ἐφ’
672 1602 723 1652 οὗ
756 1611 955 1666 Μωϋσῆς
973 1610 1149 1668 ἐξῆλθεν
1169 1611 1214 1663 ἐξ
1234 1609 1482 1669 Αἷγίπτου,
1522 1611 1581 1666 ὥς

165 1710 199 1746 1.
217 1705 423 1756 σαιθροΐτῃ
438 1707 481 1742 Β.
501 1706 693 1755 σεθρωΐτῃ
711 1707 901 1743 scholiasta
911 1707 1071 1744 Platonis
1079 1721 1124 1766 p.
1140 1708 1222 1748 425.
1233 1710 1290 1745 ed.
1310 1711 1462 1747 Bekker.
1473 1713 1575 1758 (202.

157 1754 320 1800 Ruhnk.)
400 1754 595 1803 ἐκτίσαντο
614 1757 658 1791 Β.
742 1757 778 1792 8.
802 1754 908 1812 βηώυ
927 1767 972 1790 ιιι.
1052 1768 1081 1802 μ
1103 1758 1135 1792 Β
1154 1770 1231 1793 cum
1247 1757 1404 1793 Eusebio
1421 1765 1458 1794 et
1474 1761 1579 1796 scho-

158 1803 276 1838 liasta.
293 1799 354 1848 μγ’
374 1804 422 1838 G.
492 1801 527 1840 4.
551 1800 583 1850 y'
599 1815 665 1838 om.
678 1803 720 1840 A.
741 1803 815 1846 Qm
832 1803 892 1839 hic
903 1803 1033 1839 tertius
1048 1812 1249 1841 numeratur
1271 1817 1349 1848 rex,
1359 1807 1451 1853 apud
1461 1808 1577 1843 Euse-

156 1850 254 1885 bium
271 1855 309 1884 et
327 1850 550 1886 scholiastam
570 1858 719 1897 quartus
741 1853 807 1887 est.
888 1852 925 1888 5.
951 1846 1015 1894 ὃν]
1042 1847 1097 1888 ὦν
1115 1853 1158 1887 Β.
1247 1854 1282 1889 6.
1310 1851 1390 1899 ἔτη]
1417 1853 1516 1891 ἐστὶν
1527 1856 1577 1893 G.

158 1898 195 1934 7.
219 1893 382 1941 τούτους
406 1899 484 1933 Bm.
507 1897 662 1942 τούτοις
683 1899 733 1936 G.
830 1900 887 1936 11.
919 1895 1042 1946 οἶφαῖφ
1069 1899 1141 1942 ἕως
1158 1901 1201 1936 Α.
1227 1896 1350 1946 ἆφώφ
1370 1901 1440 1944 ἕως
1463 1902 1507 1937 Β.

160 1945 217 1980 12.
243 1942 365 1982 αὐτὸν
386 1945 463 1981 Bm.
499 1942 625 1983 αὐτοῦ
654 1948 703 1983 G.
809 1943 971 1992 ἀφωφὶν
997 1949 1040 1984 Α.
1149 1946 1205 1983 14.
1241 1947 1288 1994 λ’]
1314 1946 1364 1985 ιό’
1382 1962 1438 1984 m:
1463 1956 1576 1986 recte.

157 1991 252 2076 ἶέᾶο
281 1992 442 2076 infraGp.
472 1995 520 2031 69
546 2006 578 2030 c.
698 1996 755 2032 16.
791 1997 925 2031 ΚΑΤΑ
964 1997 1275 2033 ΑΦΡΙΚΑΝΟΝ
1306 2008 1373 2032 om.
1405 1998 1481 2033 ΑΒ.

206 2066 216 2075 .
235 2042 351 2087 ‚Amnis
411 2067 421 2075 .
1096 2072 1098 2074 ,

63 2132 100 2167 in
117 2132 298 2170 Sethnoite
319 2135 545 2182 praefectura
562 2135 740 2173 civitatem
756 2136 1017 2180 aedificavere,
1040 2148 1086 2173 ex
1118 2149 1191 2184 qua
1214 2137 1435 2186 profectione
1458 2149 1577 2174 susce-

61 2184 127 2226 pta
142 2182 341 2228 Aegyptios
356 2182 424 2217 sibi
446 2183 651 2220 subdidere.

157 2230 192 2264 2.
216 2230 317 2264 Beon
335 2230 436 2264 annis
452 2230 512 2266 43.

157 2276 194 2312 3.
217 2277 400 2323 Aphophis
417 2278 518 2313 annis
540 2277 597 2316 14.

157 2324 308 2359 Archles
326 2325 500 2360 successit
515 2324 615 2361 annis
629 2325 690 2363 30.

155 2370 297 2406 Summa
308 2374 378 2409 106
394 2372 489 2407 anni.

159 2417 293 2453 Eorum
309 2423 469 2465 tempore
486 2419 615 2466 Ioseph
632 2418 885 2466 Aegyptiorum
903 2430 1049 2465 regnum
1070 2420 1281 2456 moderatur.

158 2465 344 2508 Observa,
365 2466 556 2501 Eusebium
572 2466 711 2512 privam
730 2467 799 2502 sibi
815 2467 886 2502 fine
900 2467 1113 2514 praestituto
1126 2493 1137 2510 ,
1158 2479 1264 2513 reges
1281 2467 1327 2502 ab
1350 2466 1515 2502 Africano
1536 2467 1572 2501 in

64 2510 233 2547 decimam
254 2513 411 2559 quintam
428 2513 624 2560 dynastiam
640 2513 772 2550 relatos
782 2539 794 2557 ,
821 2514 956 2550 decima
972 2515 1122 2562 septima
1134 2515 1266 2550 vixisse
1283 2526 1455 2549 asserere.
1492 2515 1574 2548 Una

62 2558 155 2594 enim
181 2561 331 2596 omnium
359 2572 448 2596 voce
478 2562 612 2603 fertur,
638 2561 702 2595 sub
732 2562 897 2609 Aphophi
924 2563 1058 2609 loseph
1079 2567 1290 2609 potestatem
1319 2561 1356 2596 in
1373 2563 1574 2607 Aegyptum

61 2606 286 2650 exercuisse3
321 2611 358 2642 at
374 2620 451 2643 cum
478 2609 636 2644 nesciret
656 2620 728 2654 quo
746 2621 824 2644 eum
849 2609 926 2644 loco
948 2615 1137 2656 reponeret
1154 2609 1352 2651 Eusebius,
1376 2607 1574 2654 Aphophim

61 2664 86 2687 a
105 2655 150 2690 15
169 2655 207 2688 in
227 2657 272 2692 17
288 2655 491 2698 transtulit,
513 2661 551 2691 et
572 2667 617 2690 ex
633 2655 731 2691 annis
752 2659 796 2694 61
815 2656 888 2704 ipsi
904 2656 1034 2692 debitis
1055 2657 1145 2692 solos
1162 2657 1208 2694 14
1225 2655 1439 2701 assignavit3
1464 2654 1574 2689 totius

61 2711 148 2735 vero
169 2701 357 2747 dynastiae
385 2714 495 2738 annos
519 2705 590 2740 251
618 2702 812 2747 imminuit,
842 2704 1007 2752 solosque
1034 2705 1104 2742 103
1129 2705 1349 2746 numeravit3
1372 2714 1415 2738 ac
1438 2701 1573 2737 demum

61 2751 214 2795 quatuor
230 2749 347 2795 solos,
369 2762 492 2797 regum
508 2762 573 2787 sex
588 2750 669 2787 vioe
685 2751 907 2799 conscripsit.

558 2832 597 2876 E
608 2832 653 2876 X
683 2835 720 2877 A
734 2833 767 2877 F
780 2834 819 2878 R
830 2833 853 2877 I
862 2834 897 2878 C
911 2835 947 2877 A
961 2833 1004 2876 Ν
1015 2833 1068 2876 Ο.

120 2887 319 2942 Dynastin
348 2892 506 2933 decima
535 2900 683 2934 octava
709 2908 852 2948 regum
879 2899 935 2939 16
958 2893 1305 2948 DiOSPOIit³r¹1m2
1337 2902 1513 2943 ‘luorum

152 2958 295 2997 Primus
324 2962 394 2999 fuit
411 2964 537 3008 Amos,
561 2966 627 3000 sub
658 2977 729 3012 quo
748 2967 870 3002 Moses
896 2977 1062 3013 egressus
1089 2969 1143 3000 est
1172 2974 1216 2998 ex
1246 2964 1432 3009 Aegypto,
1464 2962 1573 3008 Pfflut
