1800 3236
207 163 314 213 300
670 171 924 219 GEORGII
953 172 1244 222 SYNCELLI

311 280 510 339 Καδμεία
528 282 706 342 ἐκτίσθη
726 286 796 329 καὶ
815 287 922 343 ,Σίὸη
944 286 988 332 ἓν
1007 290 1191 352 Κιλικια.

310 350 525 399 Διονύσου
544 354 699 414 γένεσις
719 357 764 400 ἐκ
782 356 982 414 Σεμέλης.

686 474 1023 518 ΚΟΣΜΟΥ
1064 476 1233 521 ΕΤΗ.

236 562 286 610 Ὁ
301 563 472 624 Ἰσραὴλ
491 562 744 624 ἁμαρτήσας
763 565 987 627 παρεδόθη
1012 575 1101 621 τοῖς
1117 569 1379 623 Μαδιναίοις
1398 567 1469 630 ἔτη
1491 568 1539 626 ζ’.
1578 577 1654 617 τοῦ
1675 574 1723 618 δὲ

345 633 506 692 κόσμου
529 631 581 693 ἦν
604 635 696 688 ἴτος
719 636 841 698 ,δρη’.
1724 652 1749 688 5

46 707 90 746 P.
114 709 182 746 159
240 705 405 751 Γεδεὼν
431 705 561 766 ἔκρινε
580 707 655 751 τὸν
671 707 842 768 Ἰσραὴλ
866 706 938 766 ἴτη
958 705 1019 766 μ’.
1056 714 1134 755 τοῦ
1153 711 1199 756 δὲ
1219 708 1379 769 κόσμου
1400 708 1454 770 ἦν
1477 711 1569 765 ἴτος
1589 712 1716 775 ,δριε’.

309 780 353 821 Γ
349 775 476 821 εδεών
511 778 752 831 ἐπαναστὰς
783 780 893 824 κατὰ
923 779 1175 840 ἀλλοφύλων
1205 780 1227 827 ὃ
1261 784 1307 826 ἐκ
1338 787 1475 842 φυλῆς
1498 787 1720 842 Μανασσῆ

205 847 296 899 υἱὸς
311 846 433 899 Ἰωᾶς
454 852 531 892 τοῦ
543 848 755 908 Ἀβιεζρεὶ,
776 850 949 909 ἀγγέλου
973 852 1196 916 ἐπιστασίᾳ
1213 851 1309 897 τότε
1327 853 1531 913 πατρικὸν
1549 860 1721 900 καθεῖλε

52 922 99 959 V.
120 922 186 959 127
209 915 520 978 θυσιαστήριον
552 921 622 963 καὶ
650 925 769 965 θεῖον
792 920 1115 982 ἄντῳκοδόμησε
1126 957 1139 977 ,
1176 923 1350 976 ἀνοίσας
1369 925 1444 970 τὸν
1463 925 1625 982 μοσχόν
1646 927 1722 971 τὸν

188 978 397 1034 -σιτευτὸν
430 993 491 1050 τῷ
519 994 609 1051 θεῷ
654 990 940 1037 ὁλοκαύτωσιν
970 995 1013 1037 ἐν
1043 1002 1134 1046 τοῖς
1164 993 1302 1047 ξύλοις
1334 1000 1411 1039 τοῦ
1447 995 1630 1051 ἄλσους,
1668 991 1719 1041 οὗ
1733 1005 1779 1042 10

208 1060 380 1117 ἐξέκοψε
404 1064 481 1104 τοῦ
512 1059 651 1107 Βαάλ.
701 1057 826 1115 οὗτος
853 1063 902 1109 τὸ
931 1068 1095 1120 πνεῦμα
1124 1069 1231 1109 θεοῦ
1264 1066 1409 1122 λαβὼν
1435 1068 1506 1111 καὶ
1534 1075 1623 1119 τοῖς
1652 1069 1720 1112 ἐπὶ

207 1134 268 1191 τῷ
287 1128 404 1193 πόκῳ
423 1133 610 1188 σημείοις
625 1135 921 1190 πεπιστευκὼς,
948 1136 1051 1180 ποτὲ
1071 1136 1147 1192 μὲν
1168 1134 1298 1197 ὑγρῷ,
1334 1138 1439 1182 ποτὲ
1456 1138 1502 1181 δὲ
1519 1141 1633 1199 ξηρῷ
1651 1156 1720 1197 γε-

174 1199 377 1260 Βγονότι,
416 1201 669 1261 παραδόξως
697 1205 775 1249 σὺν
804 1203 972 1262 λάψασι
1016 1208 1271 1265 τριακοσίοις
1309 1205 1366 1264 ιβ’
1401 1206 1614 1267 μυριάδας
1645 1211 1721 1254 ἇν-

207 1274 321 1331 δρῶν
354 1271 636 1331 ἒτρωπῶσατο
648 1308 662 1330 ,
703 1277 928 1331 συλλαβῶν
954 1277 1029 1322 τὸν
1052 1277 1190 1336 Ὠρὴβ
1210 1279 1281 1322 καὶ
1302 1278 1377 1323 τὸν
1399 1279 1499 1336 Ζὴβ
1528 1282 1598 1324 καὶ
1620 1281 1722 1332 τοὺς

206 1341 284 1387 δύο
306 1340 513 1401 μεγάλους
543 1343 751 1403 ἄρχοντας
764 1347 950 1405 Ἀμαλὴκ
969 1350 1039 1392 καὶ
1060 1348 1134 1393 τὸν
1156 1350 1286 1405 Ζεβεὲ
1307 1351 1378 1393 καὶ
1398 1349 1473 1394 τὸν
1491 1352 1712 1408 Σαλμανὰ,
1731 1360 1776 1397 15

208 1411 285 1458 δύο
313 1418 500 1469 βασιλεῖς
530 1416 743 1474 Μαὸιᾶμ,
781 1420 851 1462 καὶ
880 1418 1037 1464 ἀνελὼν
1070 1419 1226 1471 αὐτοὺς
1256 1421 1300 1464 ἐν
1327 1420 1532 1483 ῥομφαίᾳ.
1579 1421 1719 1482 τούτῳ

206 1488 267 1544 τῷ
290 1487 333 1529 Γ
329 1484 455 1529 εδεών
486 1482 523 1529 ο’
538 1486 621 1531 υἱοὶ
640 1486 855 1546 γεγόνασιν
874 1490 919 1534 ἐκ
941 1494 1028 1534 τῶν
1045 1495 1251 1548 γυναικῶν
1270 1491 1402 1535 αὐτοῦ
1413 1525 1430 1547 ,
1467 1494 1538 1537 καὶ
1550 1492 1720 1551 Ἀβιμέ-

206 1558 279 1612 λεχ
297 1555 364 1599 ἐπὶ
384 1553 552 1608 τούτοις
574 1555 597 1602 ὃ
620 1559 666 1602 ἔκ
683 1564 760 1618 τῆς
780 1564 999 1618 παλλακῆς
1022 1561 1168 1606 αὐτοῦ.

307 1625 526 1683 Ἀβιμέλεχ
545 1626 616 1685 ἔτη
636 1627 688 1687 γ’.
726 1634 804 1675 τοῦ
827 1631 874 1676 δὲ
898 1630 1059 1688 κόσμου
1079 1628 1132 1690 ἦν
1152 1632 1244 1684 ἔτος
1263 1628 1402 1694 Ιδρνέ.

315 1700 482 1741 Τοῦτον
511 1697 586 1743 τὸν
611 1698 828 1759 Ἀβιμὲλεχ
854 1704 924 1746 καὶ
952 1703 1053 1754 τοὺς
1074 1701 1110 1748 0'
1138 1703 1349 1763 ἀδελφοὺς
1365 1702 1498 1748 αὐτοῦ
1518 1702 1547 1763 ἦ
1567 1705 1718 1762 βίβλος
1729 1713 1777 1749 20

304 1800 336 1834 1.
372 1797 547 1843 Καδμεία
577 1798 752 1846 Scaliger.
797 1802 913 1849 Vulgo
941 1802 1109 1850 Καδμία.
1238 1803 1273 1849 6]
1300 1803 1413 1839 Iudic.
1448 1816 1529 1851 cap.
1557 1805 1620 1841 VI.

303 1845 339 1879 8.
367 1841 558 1893 Ἀβιεζρεὶ]
581 1844 705 1892 Ἐσδρὶ
726 1848 839 1884 Iudic.
943 1854 979 1889 9.
1004 1849 1162 1894 ἀνοίσας
1182 1851 1225 1886 Β.
1251 1849 1395 1892 ἀνύσας
1412 1851 1461 1887 G.
1496 1852 1586 1888 Vide
1605 1852 1717 1891 Iudic.

303 1890 367 1935 VI,
389 1893 449 1931 26.
544 1895 600 1931 11.
623 1896 723 1933 θεοῦ
744 1897 787 1932 Β.
811 1897 884 1934 τοῦ
905 1899 1005 1935 θεοῦ
1025 1899 1074 1936 G.
1170 1899 1226 1935 13.
1253 1898 1325 1935 σύν
1342 1897 1515 1945 λαμψοὶσι
1533 1901 1623 1945 (sic)
1643 1900 1716 1937 Bm.

302 1939 552 1986 συμλαμψάσι
576 1942 624 1978 G.
745 1942 801 1980 14.
826 1942 922 1994 ὀρὴβ
950 1947 990 1981 Β.
1108 1945 1174 1983 καὶ
1197 1945 1288 1990 τούς
1314 1947 1360 1984 Β.
1392 1946 1457 1984 καὶ
1483 1959 1550 1985 om.
1574 1948 1622 1983 G.

302 1987 363 2024 18.
388 1983 409 2024 ὁ
426 1987 489 2025 ἐπὶ
512 1990 560 2027 G.
665 1992 726 2038 19]
751 1991 863 2030 Iudic.
884 2006 962 2040 cap.
981 1993 1079 2029 VIII.
1104 1994 1169 2030 IX.

305 2067 472 2105 Caducea
489 2074 526 2105 et
543 2070 630 2107 Side
644 2071 682 2107 in
700 2072 828 2110 cilicia
851 2078 1086 2113 constructae.

305 2115 440 2153 Bacchi
457 2117 626 2155 nativitas
644 2131 666 2156 e
683 2120 832 2158 Semele.

758 2195 969 2235 MUNDI
998 2195 1171 2238 ANNI.

219 2288 223 2293 .
258 2254 368 2292 Israel
394 2258 659 2343 prazxizigcatus
684 2262 837 2299 traditus
862 2265 919 2300 est
943 2263 1152 2300 Madianitis
1180 2263 1282 2301 annis
1305 2264 1352 2308 7,
1378 2265 1457 2301 erat
1485 2275 1572 2301 vero
1600 2263 1719 2300 mundi

330 2315 442 2339 annus
560 2333 567 2341 .

259 2349 409 2386 Gedeon
426 2351 599 2390 iudicavit
616 2355 727 2393 Israel
745 2357 845 2393 annis
863 2355 931 2403 40,
955 2358 1075 2395 mundi
1096 2370 1182 2395 vero
1198 2358 1304 2395 4115.

306 2398 456 2434 Gedeon
475 2412 495 2435 e
515 2401 609 2436 tribu
631 2403 797 2440 Manasse
815 2405 949 2442 ducens
972 2406 1163 2453 originem,
1187 2406 1280 2441 filius
1299 2406 1401 2451 Ioas,
1422 2404 1489 2441 filii
1505 2405 1637 2450 Esdri,
1661 2417 1721 2442 ar-

211 2444 324 2486 reptis
342 2445 512 2483 adversus
532 2449 749 2497 alienigenas
770 2452 874 2488 armis
887 2478 898 2496 ,
921 2454 1040 2500 angeli
1060 2454 1198 2489 monitis
1216 2458 1398 2500 paternum
1417 2453 1529 2488 diruit
1546 2453 1657 2489 altare
1677 2466 1720 2489 ac

213 2492 310 2528 aliud
325 2492 362 2528 in
380 2493 552 2534 honorem,
565 2497 624 2532 dei
643 2500 838 2535 construxit
857 2504 1063 2548 taurumque
1082 2502 1246 2548 pinguem
1272 2501 1308 2536 in
1330 2502 1566 2536 holocaustum
1593 2500 1722 2535 obtulit

212 2551 258 2575 ex
281 2539 386 2586 lignis
408 2541 482 2577 luci
502 2543 613 2587 Baal,
639 2556 740 2591 quem
764 2547 925 2585 exscidit.
971 2548 1035 2584 Ille
1061 2550 1181 2584 divino
1203 2548 1330 2595 spiritu
1347 2553 1459 2584 motus
1475 2559 1517 2583 ac
1547 2548 1722 2594 portentis

211 2586 249 2622 in
268 2587 422 2633 vellere,
446 2601 537 2626 nunc
556 2591 697 2638 quidem
712 2595 832 2629 rorido
845 2620 857 2637 ,
881 2607 972 2630 nunc
989 2599 1104 2632 autem
1125 2596 1300 2632 exsiccato
1328 2596 1416 2631 visis
1435 2594 1608 2638 confisus,
1633 2595 1722 2630 duo-

212 2634 327 2670 decim
345 2637 523 2674 exercitus
549 2639 692 2675 adversi
724 2642 922 2688 myriades,
947 2642 1029 2678 solis
1046 2643 1214 2679 trecentis
1235 2643 1323 2678 viris
1354 2641 1568 2688 lampadibus
1587 2643 1722 2678 instru-

212 2682 283 2718 ctis
308 2683 483 2731 stipatus,
507 2690 649 2733 praeter
667 2700 800 2724 omnem
823 2690 1119 2736 exspectationem
1143 2690 1254 2725 vertit
1273 2690 1310 2724 in
1330 2690 1471 2735 fugam3
1495 2689 1666 2736 Orebque
1685 2692 1722 2725 et

213 2730 289 2765 Zeb
317 2732 528 2780 praecipuos
545 2735 813 2771 Amalecitarum
841 2737 1020 2784 principes
1044 2741 1082 2773 et
1109 2738 1228 2773 Zebee
1249 2741 1286 2771 et
1310 2737 1486 2779 Salmana,
1506 2736 1593 2772 duos
1617 2748 1722 2784 reges

215 2777 384 2822 Madian,
407 2780 524 2825 gladio
547 2782 712 2818 confecit.
760 2783 827 2818 Isti
844 2784 994 2820 Gedeon
1014 2785 1238 2831 septuaginta
1263 2783 1329 2819 filii
1351 2795 1396 2820 ex
1417 2783 1528 2820 variis
1550 2785 1722 2821 uxoribus

217 2826 372 2873 suscepti
390 2832 472 2863 sunt
494 2840 536 2865 ac
555 2829 690 2866 demum
709 2830 910 2867 Abimelech
930 2843 973 2867 ex
990 2832 1116 2879 pellice
1134 2835 1247 2867 natus.
1448 2834 1450 2837 “

310 2873 513 2911 Abimelech
553 2877 692 2924 epulum
708 2878 804 2914 rexit
823 2879 924 2914 annis
943 2880 1060 2915 tribus
1072 2905 1084 2922 ‚
1107 2891 1197 2915 anno
1215 2878 1334 2915 mundi
1350 2875 1456 2916 4155.
1564 2904 1566 2907 »
1694 2925 1705 2935 .

312 2921 516 2960 Abimelech
533 2929 638 2963 ustum
656 2927 693 2962 et
710 2926 938 2976 septuaginta
956 2927 1032 2965 eius
1048 2928 1180 2965 fratres
1197 2926 1288 2964 liber
1311 2925 1467 2964 Indicum
1479 2951 1491 2971 ,
1515 2925 1626 2976 primo
1645 2937 1723 2975 qm-
