1800 3236
226 153 330 202 718
687 157 943 205 GEORGII
974 157 1265 205 SYNCELLl

320 270 462 326 Ἄξιον
491 271 539 316 δὲ
574 272 644 316 καὶ
678 271 910 316 Διονυσίου
943 274 1021 315 τοῦ
1060 269 1246 329 μεγάλου
1286 267 1514 317 ἐπισκόπου
1549 270 1744 325 Ἀλεξαν-

226 344 369 405 δρείας
395 343 680 403 παραθέσθαι
711 342 790 393 τὰς
812 339 987 400 χρήσεις
1015 344 1108 400 περὶ
1137 348 1223 387 τῶν
1253 343 1396 388 αὐτῶν
1427 343 1638 400 βασιλέων
1674 345 1744 387 καὶ

225 421 304 461 τοῦ
325 415 423 460 κατ’
446 414 603 466 αὐτοὺς
625 416 811 471 διωγμοῦ
834 414 905 457 καὶ
927 418 1005 471 τῆς
1023 414 1176 466 οἰκείας
1197 415 1242 459 ἐν
1259 418 1438 476 Χριστῷ
1464 416 1655 471 σπουδῆς
1674 415 1744 458 καὶ

227 485 469 545 ὁμολογίας,

66 605 109 644 V.
131 605 204 644 305
255 599 509 647 Διονυσίου
544 594 798 642 ἐπισκόπου
825 593 1154 653 Ἀλεξανδρείας
1192 597 1242 644 ἐκ
1278 600 1357 658 τῆς
1385 597 1500 657 πρὸς
1523 595 1714 657 Ἑρμαμ-
1749 602 1773 639 5

785 670 913 726 μῶνα
946 666 1191 726 ἐπιστολῆς.

188 761 221 797 Β
336 758 425 803 Καὶ
449 761 509 817 τῷ
536 753 710 815 Ἰωάννῃ
739 756 785 799 δὲ
810 753 1151 800 ἀποκαλύπτεται
1182 756 1250 800 διὰ
1273 751 1447 801 τούτων.
1498 753 1634 812 ἐδόθη
1662 755 1744 814 γὰρ

228 829 344 890 αὐτῷ
358 863 371 883 ,
405 830 533 888 φησὶ,
571 825 712 883 στόμα
741 831 899 871 λαλοῦν
923 825 1086 885 μεγάλα
1111 829 1182 872 καὶ
1208 825 1473 886 βλάσφημα·
1511 829 1581 871 καὶ
1609 825 1744 884 Ξ-ὃόθη

229 901 345 961 αὐτῷ
371 900 541 953 ἐξουσία
576 900 647 942 καὶ
673 902 803 956 μῆνες
831 895 1150 956 τεσσαράκοντα
1182 896 1274 944 δύο.
1314 895 1538 957 ἀμφότερα
1568 898 1617 942 δέ
1632 899 1744 941 ἐστιν

229 973 296 1017 ἐπὶ
322 971 610 1029 Οὖαλεριανοῦ
631 967 883 1026 θαυμάσαι,
922 971 992 1013 καὶ
1011 967 1172 1014 τούτων
1191 967 1379 1026 μάλιστα
1401 969 1456 1013 τὰ
1476 969 1558 1027 πρὸ
1582 969 1714 1013 αὐτοῦ
1731 983 1740 992 ·
1756 971 1800 1009 10

231 1042 290 1095 ὥς
318 1041 452 1094 οὕτως
474 1041 566 1098 ἴσχε
594 1047 807 1094 συννοεῖν,
849 1037 906 1092 ὥς
936 1041 1013 1096 μὲν
1046 1039 1171 1098 ἤπιος
1203 1043 1271 1085 καὶ
1307 1038 1530 1100 φιλόφρων
1556 1035 1609 1097 ἦν
1640 1040 1747 1099 πρὸς

229 1114 330 1166 τοὺς
361 1110 619 1171 ἀνθρώπους
642 1113 711 1155 καὶ
741 1113 885 1163 δεξιῶς
916 1111 1023 1169 πρὸς
1058 1111 1214 1164 αὐτοῦς
1246 1112 1430 1169 διετέθη.
1478 1111 1575 1156 οὐδ’
1607 1111 1647 1155 οἳ
1676 1115 1746 1155 λε-

225 1185 406 1243 χθέντες
435 1183 680 1243 ἀναφανδὸν
713 1184 968 1241 Χριστιανοὶ
989 1183 1197 1241 γεγονέναι
1230 1181 1287 1235 ὥς
1312 1184 1470 1227 ἐκεῖνοι.
1510 1181 1746 1227 οῗκειότατα

230 1257 275 1309 ἐξ
306 1256 438 1314 ἀρχῆς
467 1256 537 1299 καὶ
564 1254 910 1313 προσφιλέστατα
941 1259 1136 1312 φανερῶς
1160 1249 1213 1312 ἦν
1251 1254 1407 1306 αὐτοὺς
1435 1251 1745 1310 ὗποὸεχόμενος

230 1328 299 1371 καὶ
322 1330 407 1378 πᾶς
433 1323 521 1384 τεὸ
556 1323 668 1376 οἶκος
699 1324 831 1369 αὐτοῦ
859 1329 1077 1381 θεοσεβῶν
1100 1322 1349 1384 πεπλήρωτο
1373 1326 1444 1369 καὶ
1464 1319 1516 1381 ἦν
1546 1324 1743 1381 ἐκκλησία
1758 1330 1800 1366 15

230 1402 352 1442 θεοῦ.
404 1394 787 1441 ἀποσκευάσασθαι
817 1396 864 1440 δὲ
894 1397 1140 1454 παρέπεισεν
1171 1396 1302 1441 αὐτὸν
1337 1394 1359 1441 ὃ
1390 1393 1645 1448 διδάσκαλος
1675 1397 1746 1438 καὶ

195 1471 322 1513 curm
351 1467 427 1512 ἀπ’
457 1465 681 1526 Αἰγύπτου
716 1465 861 1526 μάγων
898 1465 920 1512 ὅ
956 1465 1326 1526 ἀρχισυνάγωγος,
1363 1466 1464 1518 τούς
1487 1467 1565 1523 μὲν
1600 1470 1747 1510 καθα-

231 1539 333 1598 ροὺς
356 1541 426 1584 καὶ
445 1537 586 1591 ὁσίους
611 1538 771 1598 ἄνδρας
791 1537 1002 1583 κτιννύναι
1024 1537 1200 1585 κελεύων
1222 1537 1279 1591 ὥς
1302 1535 1556 1590 ἀντιπάλους
1573 1539 1643 1582 καὶ
1663 1555 1748 1582 κω·-

233 1611 365 1662 λυτᾶς
398 1614 484 1655 τῶν
518 1608 776 1670 παμμιάρων
811 1611 881 1655 καὶ
913 1612 1155 1666 βδελυκτῶν
1195 1611 1405 1655 ε’παοιδῶν
1450 1607 1744 1667 ὑπάρχοντας·

234 1683 303 1726 καὶ
325 1679 405 1742 γάρ
435 1683 513 1726 εἶσι
546 1684 616 1726 καὶ
645 1677 756 1741 ἦσαν
780 1682 914 1726 ἱκανοὶ
943 1680 1149 1742 παρόντες
1175 1683 1245 1727 καὶ
1277 1678 1482 1740 ὁρώμενοι
1513 1681 1584 1724 καὶ
1613 1677 1744 1736 μόνον
1756 1687 1800 1725 20

327 1807 365 1843 5.
388 1806 447 1842 Ex
466 1806 614 1843 Eusebii
637 1806 774 1842 Hister.
795 1807 922 1843 eccles.
939 1807 1022 1850 VII,
1047 1808 1080 1844 9.
1194 1808 1230 1844 7.
1254 1803 1426 1854 Ἰωάννῃ]
1452 1806 1563 1852 Apoc.
1578 1804 1609 1848 Ι,
1633 1806 1668 1842 2.

330 1855 389 1891 11.
416 1853 536 1899 ,,πρὸς
552 1853 644 1898 τούς
656 1852 888 1901 ἀνθρώπους
898 1856 969 1893 τοῦ
985 1857 1094 1892 θεοῦ.
1122 1853 1213 1892 ου’δὲ
1231 1855 1304 1902 γάρ
1325 1853 1437 1897 ἄλλος
1455 1853 1558 1892 οὕτω
1578 1854 1654 1889 τῶν
1672 1851 1747 1898 πρὸ

330 1900 456 1960 αὐταῦ
476 1903 659 1950 βασιλέων
677 1903 844 1951 εὐμενῶς
863 1903 928 1941 καὶ
947 1904 1081 1950 δεξιαῖς
1098 1903 1269 1941 Barber.”
1294 1905 1416 1940 Gom.
1538 1902 1597 1938 18.
1632 1900 1747 1947 Vulgo

329 1963 514 1987 τιννυναι.

331 2056 438 2092 Nunc
457 2069 548 2104 quae
565 2056 618 2094 'de
635 2058 909 2106 Imperator-ibus
935 2057 1058 2094 iisdem
1084 2061 1121 2094 et
1147 2057 1194 2094 de
1221 2059 1317 2093 mota
1347 2056 1410 2092 sub
1440 2067 1559 2091 eorum
1582 2053 1750 2101 auspiciis

238 2104 509 2149 persecutione,
538 2117 603 2141 nec
631 2119 699 2142 non
728 2106 772 2142 de
798 2107 941 2154 proprio
969 2119 1030 2142 suo
1055 2106 1093 2142 in
1120 2106 1303 2141 Christum
1326 2104 1444 2140 studio
1467 2109 1504 2139 et
1528 2102 1750 2138 confessione

239 2151 430 2233 Ditongsius
450 2165 598 2200 magnus
615 2154 852 2191 Alexandriae
877 2154 1029 2191 antistes
1048 2153 1191 2202 scriptis
1212 2152 1434 2199 consignavit
1449 2163 1579 2199 operae
1597 2150 1749 2197 pretium

239 2211 278 2234 es
314 2211 334 2234 a
359 2211 515 2246 iungere.

281 2283 347 2324 Ex
367 2283 555 2338 Dionysii
572 2286 844 2329 Alexandrini
861 2287 1045 2342 episcopi
1065 2287 1117 2327 acl
1130 2276 1495 2327 'Hermammonem
1513 2282 1699 2338 epistola.

333 2351 435 2389 Haec
463 2355 602 2400 quidem
630 2356 752 2391 Ioanni
778 2355 993 2392 revelatione
1021 2355 1262 2401 praecognita.
1309 2353 1359 2388 Et
1383 2352 1501 2388 datum
1529 2356 1586 2387 est
1614 2351 1669 2394 ei,
1695 2351 1750 2385 in-

240 2401 345 2450 quit,
372 2413 412 2438 os
434 2401 580 2449 loquens
601 2415 727 2449 magna
750 2409 787 2439 et
806 2404 1049 2449 blasphemias.
1098 2403 1149 2437 Et
1168 2403 1253 2436 data
1273 2404 1328 2436 est
1348 2401 1383 2436 ei
1409 2403 1567 2448 potestas
1593 2404 1630 2434 et
1653 2410 1750 2433 men-

241 2463 298 2486 ses
321 2450 390 2487 duo
411 2453 450 2484 et
465 2450 715 2496 quadraginta.
762 2451 924 2496 Utraque
951 2451 1039 2485 haec
1068 2449 1165 2485 circa
1185 2450 1407 2484 Valerianum
1429 2453 1466 2483 et
1483 2459 1573 2494 quae
1591 2451 1750 2493 tempore

240 2498 379 2545 priores
395 2497 482 2534 licet
499 2498 663 2533 admirari
677 2510 688 2541 ;
713 2510 782 2545 qua
799 2499 957 2532 nimirum
982 2496 1121 2533 ratione
1138 2508 1373 2544 praenoscere
1390 2499 1428 2532 et
1446 2495 1542 2530 clare
1562 2499 1751 2541 penetrare

242 2546 420 2592 potuerit,
447 2557 524 2580 eum
544 2546 715 2588 humano,
738 2545 815 2580 miti
840 2549 876 2580 et
901 2545 1172 2592 philosophicum
1199 2557 1298 2581 omne
1322 2543 1542 2579 moderamen
1569 2541 1751 2576 redolente

244 2606 331 2639 erga
344 2594 404 2629 dei
422 2593 577 2628 homines
597 2593 761 2628 affectum
779 2593 889 2628 fuisse
916 2594 1050 2636 animo,
1074 2593 1163 2628 adeo
1184 2598 1226 2629 ut
1246 2604 1363 2639 neque
1380 2591 1470 2638 ipsi,
1498 2589 1559 2636 qui
1581 2601 1621 2624 se
1642 2587 1751 2623 Chri-

243 2641 375 2676 stianos
395 2641 536 2688 publice
554 2641 704 2688 professi
725 2643 809 2675 sunt
831 2644 900 2675 tam
915 2641 1136 2676 familiariter
1155 2645 1193 2676 et
1214 2640 1323 2676 amice
1341 2651 1364 2674 a
1382 2637 1556 2685 principio
1574 2648 1634 2672 eos
1650 2647 1753 2671 rece-

243 2688 382 2735 perint3
416 2689 511 2724 unde
536 2693 573 2724 et
595 2689 670 2724 eius
692 2688 812 2723 domus
839 2688 1015 2733 religiosis
1033 2689 1120 2724 viris
1141 2689 1276 2724 referta
1294 2686 1465 2723 ecclesiae
1491 2685 1550 2720 dei
1575 2683 1752 2730 specimen

243 2736 434 2771 referebat.
482 2736 523 2771 In
549 2736 705 2772 deterius
725 2741 840 2771 autem
866 2740 992 2770 cuncta
1014 2736 1099 2771 haec
1119 2741 1261 2771 vertere
1280 2734 1461 2781 nequitiae
1487 2731 1657 2779 magister
1677 2742 1753 2764 ma-

243 2795 434 2830 gorumque
454 2787 576 2819 coetus
592 2796 655 2831 per
667 2785 864 2831 Aegyptum
883 2795 1027 2830 praeses
1046 2784 1178 2826 suasit3
1202 2783 1291 2818 adeo
1303 2787 1344 2817 ut
1361 2780 1523 2817 innoxios
1539 2781 1753 2823 sanctosque

244 2830 362 2874 viros,
387 2842 449 2866 ceu
470 2833 694 2868 scelestarum
714 2837 751 2867 et
769 2830 1062 2866 exsecrandarum
1082 2830 1356 2866 incantationum
1371 2829 1493 2864 hostes
1510 2831 1547 2862 et
1565 2836 1753 2872 oppugna—

239 2881 337 2912 tores
356 2878 546 2914 crudeliter
571 2878 734 2915 mulctari
759 2878 926 2922 iusserit,
958 2878 1060 2923 (sunt
1087 2879 1179 2914 enim
1206 2889 1326 2920 nunc,
1359 2881 1469 2924 prout
1501 2880 1585 2910 tunc
1610 2882 1754 2926 quoque

240 2925 397 2961 nonnulli
425 2925 501 2963 eius
523 2927 666 2963 virtutis
686 2927 813 2970 fuere,
851 2930 893 2962 ut
917 2930 1123 2973 praesentes
1151 2929 1191 2961 et
1219 2924 1399 2972 conspicui
1424 2920 1635 2959 solummodo
1655 2920 1754 2961 facti,
