1800 3236
212 143 316 194 476
684 119 937 196 GEoRGn
964 149 1251 198 sYNCELm

177 259 372 312 Οἴθνους
382 264 440 321 τῷ
453 257 752 321 ἑβδομηκοστῷ
773 259 851 304 ξ’τει
870 260 953 305 ἀπὸ
972 264 1049 305 τοῦ
1067 258 1269 319 τετάρτου
1290 258 1409 312 ἴτους
1423 259 1624 317 Ἰωακεὶμ,
1636 280 1714 306 κα·-

215 332 272 376 'toi
293 331 370 388 τὴν
391 331 649 389 προφητείαν
659 329 869 389 Ἱερεμίου,
892 332 962 373 καὶ
982 335 1058 373 τοῦ
1077 330 1267 389 ἀριθμοῦ
1290 336 1374 375 τῶν
1397 330 1713 376 ἐπανελθόντων

215 403 260 446 ἐκ
290 405 366 459 τῆς
391 401 679 457 αἰχμαλωσίας
706 403 761 451 εἷς
777 398 1048 457 Ἰερουσαλὴμ
1059 433 1073 454 ,
1113 405 1197 445 τῶν
1218 419 1263 445 τε
1283 402 1402 460 ἱερῶν
1424 405 1606 456 σκευῶν,
1645 404 1721 445 καὶ

215 470 332 524 ὅπως
359 469 443 515 ὗπό
478 474 563 514 τῶν
584 471 627 513 ἓν
662 471 884 531 ,Σαμαρείᾳ1
907 470 1199 528 φθονηθέντες
1229 470 1506 529 ἐκωλύθησαν
1529 471 1713 528 ἀναστῆ-

215 559 289 587 σαι
317 540 390 586 τὸν
419 539 522 585 ναὸν
549 540 618 583 καὶ
651 539 727 596 τὴν
758 538 906 594 πόλιν,
943 538 1200 599 γραψάντων
1222 541 1327 599 πρὸς
1347 545 1494 601 Κῦρον
1513 542 1609 585 κατ’
1633 541 1743 586 αἶ’-5

215 617 323 657 τῶν·
359 612 429 655 καὶ
463 609 634 669 προσέτι
665 611 759 668 περὶ
787 614 863 667 τῆς
890 608 967 666 μβ’
1001 609 1072 667 ἔτη
1091 611 1155 653 ἐπὶ
1175 613 1361 669 Δαρείου
1379 617 1455 656 τοῦ
1472 608 1715 655 ίΥστάσπου

215 683 427 740 γεγονυίας
459 680 654 736 δευτέρας
689 680 877 738 ἀφέσεως
910 684 986 724 τοῦ
1008 684 1112 724 λαοῦ
1133 682 1201 724 καὶ
1224 681 1355 738 αὐτῆς
1374 682 1445 726 διὰ
1465 680 1717 740 Ζοροβάβελ

216 753 284 796 καὶ
310 751 448 808 Ἰησοῦ
479 754 555 794 τοῦ
580 750 767 794 Ἰωσεδὲκ
794 750 1014 808 ἀρχιερέως
1022 784 1036 805 ,
1079 752 1148 794 καὶ
1178 750 1476 803 ἄνακαινίσεως
1503 756 1580 795 τοῦ
1601 751 1716 796 οἴκου

215 826 291 866 τοῦ
324 825 457 877 θεοῦ,
493 821 562 864 καὶ
599 815 727 872 αὖθις
752 825 829 878 τῆς
860 822 927 863 ἐπὶ
948 821 1223 880 Ἀρταξέρξου
1252 823 1396 880 τρίτης
1414 823 1626 879 γεγονυίας
1646 821 1717 864 διὰ

179 893 403 948 ΒΝεεμίου
432 889 675 950 καὶἜσδρα
705 888 970 943 ἀνανεώσεως
991 896 1068 950 τῆς
1085 890 1245 943 πόλεως
1268 893 1338 936 καὶ
1364 896 1448 937 τῶν
1465 892 1627 949 τειχέων
1642 889 1715 936 Ἱε-
1729 904 1774 940 lo

218 959 453 1022 ρουσαλήμ.

747 1074 940 1129 Περσῶν
975 1074 1187 1131 βασιλεῖς.

58 1176 102 1213 V.
125 1175 197 1214 200
253 1164 435 1222 Περσῶν
463 1156 495 1205 ε’
523 1159 763 1216 ἐβασίλευσε
795 1159 958 1219 Ξέρξης
983 1159 1074 1211 υἱὸς
1091 1158 1277 1219 Δαρείου
1298 1156 1370 1217 ἔτη
1390 1156 1442 1205 κ’.
1478 1162 1555 1203 τοῦ
1580 1159 1625 1203 δὲ
1645 1154 1718 1203 mi-

358 1249 467 1287 σμου
490 1227 542 1288 ἦν
564 1230 655 1281 ἔτος
673 1227 783 1291 ,fimf-

324 1301 488 1359 Ξέρξης
503 1300 722 1357 Αἴγυπτον
747 1299 969 1358 παρέλαβε.
1732 1302 1776 1340 15

324 1371 488 1430 Ξέρξης
516 1372 572 1421 εἷς
605 1368 790 1428 Ἀθήνας
819 1369 959 1414 ἐλθών
980 1367 1201 1429 ἐνέπρησεν
1227 1367 1361 1420 αὐτὰς
1379 1368 1447 1413 ἐπὶ
1472 1365 1719 1413 Καλλιάδου

214 1443 453 1500 Ἀθηναίων
476 1439 692 1499 ἄρχοντος.

326 1512 446 1563 Τινές
467 1526 595 1569 φασιν
615 1509 678 1554 ὅτι
689 1509 874 1568 Ἔσδρας
892 1505 1030 1569 τούτῳ
1050 1513 1111 1569 τῷ
1130 1507 1270 1568 Ξέρξῃ
1289 1496 1575 1568 υἶῷΔαρείου
1597 1508 1720 1566 φίλος

219 1583 278 1628 ὢν
311 1583 376 1625 ἐπὶ
399 1581 528 1625 αὐτοῦ
559 1580 742 1638 ἀνῆλθεν
767 1582 824 1631 εἷς
845 1578 1118 1637 Ἰερουσαλὴμ
1142 1578 1305 1631 διδάξαι
1333 1577 1407 1622 τὸν
1427 1583 1546 1622 θεῖον
1568 1576 1713 1633 νόμον,

220 1652 279 1705 ὥς
307 1650 474 1696 πάντων
503 1655 587 1695 τῶν
618 1650 727 1694 κατὰ
756 1647 907 1694 τούσδε
938 1650 1037 1701 τοὺς
1063 1647 1242 1707 χρόνους
1274 1646 1563 1707 ἐμπειρότερος
1583 1665 1718 1706 γραμ-
1730 1656 1778 1691 20

218 1723 377 1778 ματεῦς
408 1723 476 1765 καὶ
509 1718 662 1781 ἱερεύς·
706 1718 807 1778 ἡμῖν
839 1721 886 1764 δὲ
915 1725 1041 1765 τοῦτο
1073 1720 1120 1764 οὐ
1155 1722 1271 1764 δοκεῖ
1299 1717 1527 1778 σύμφωνον
1559 1722 1612 1777 τῇ
1645 1722 1721 1762 τοῦ

213 1792 375 1852 Ἔσδρα
391 1796 548 1851 γραφῇ.

315 1893 352 1928 3.
378 1891 431 1933 εἰς
455 1890 537 1926 add.
561 1890 604 1926 B.
713 1889 749 1926 4.
776 1886 1040 1936 φθονηθὲνπες
1058 1888 1100 1923 Β.
1125 1884 1404 1935 φθονησάντων
1427 1887 1475 1922 G.
1582 1887 1617 1923 6.
1643 1883 1722 1932 ἔτη]

316 1937 391 1975 ἔτει
415 1949 459 1972 m.
606 1938 641 1973 8.
674 1934 955 1983 ἀνακαινήσεως
978 1937 1022 1972 Β.
1169 1939 1227 1973 10.
1259 1933 1410 1981 τειχέων
1432 1934 1474 1971 Β.
1509 1934 1643 1979 τειχαῖν
1673 1934 1724 1967 G.

400 1987 456 2021 12.
489 1985 644 2030 Περσῶν
672 1986 834 2032 βασιλεῖς
858 1983 978 2019 addidi
1005 1994 1049 2018 ex
1073 1983 1116 2021 B.
1226 1979 1309 2020 ’Λπό
1341 1980 1627 2029 Ναβονασοὲρου
1653 1978 1724 2021 ἕως

317 2031 462 2078 Ξέρξου
488 2031 551 2078 ἔτη
577 2032 655 2068 ‹ms'
678 2030 781 2082 (σπβ’
800 2032 864 2078 m.)
889 2042 1010 2078 margo
1028 2031 1103 2067 AB.
1230 2031 1288 2084 18.
1311 2027 1409 2072 τινὲς
1426 2029 1470 2065 Β.
1493 2028 1590 2072 τινὲς
1611 2026 1652 2065 δὲ
1675 2028 1722 2062 G.

385 2083 445 2118 20.
470 2081 548 2116 τῶν
573 2091 638 2116 om.
663 2081 712 2117 G.

225 2175 303 2217 est,
327 2174 524 2210 libertatem
551 2173 787 2220 exponendam
814 2172 941 2219 stylum
960 2170 1153 2214 convertit3
1179 2170 1223 2206 ad
1245 2171 1333 2206 haec
1357 2170 1565 2206 Iudaeorum
1592 2180 1635 2203 ex
1664 2180 1726 2203 ca-

224 2221 393 2269 ptivitate
415 2221 634 2256 Hierusalem
660 2231 876 2256 reversorum
904 2223 1088 2264 percenset
1106 2230 1304 2260 numerum3
1338 2229 1417 2252 mox
1446 2221 1486 2252 ut
1504 2216 1666 2261 templum
1687 2218 1725 2250 et

225 2269 345 2303 urbem
365 2267 640 2302 instaurantibus
663 2269 707 2302 ab
735 2266 973 2302 invidentibus
994 2265 1174 2299 Samariae
1199 2265 1390 2311 praefectis
1409 2268 1446 2299 et
1462 2275 1579 2299 eorum
1595 2263 1724 2297 litteris

226 2315 272 2351 ad
291 2315 422 2360 Cyrum
447 2315 539 2349 datis
564 2314 701 2349 obiecta
722 2317 802 2348 sunt
821 2312 1084 2358 impedimenta,
1108 2316 1253 2354 narrat3
1278 2323 1319 2347 ac
1334 2311 1475 2347 tandem
1505 2311 1550 2344 de
1572 2309 1725 2344 secunda

227 2362 349 2408 populi
368 2361 581 2396 relaxatione
599 2362 663 2395 sub
689 2359 796 2395 Dario
808 2385 819 2402 ‚
846 2358 1035 2404 Hystaspis
1052 2358 1122 2392 filio
1135 2384 1147 2400 ‚
1171 2364 1252 2405 post
1277 2370 1401 2394 annum
1420 2371 1441 2394 a
1457 2357 1566 2404 prima
1585 2356 1631 2392 42
1652 2357 1723 2391 Ζο-

226 2408 372 2444 robabel
391 2411 428 2442 et
454 2407 536 2442 Iesu
566 2408 639 2442 filio
659 2407 802 2442 Iosedec
820 2406 987 2452 pontifice
1008 2406 1170 2450 obtenta,
1194 2405 1309 2452 deque
1332 2406 1451 2441 domus
1473 2403 1601 2438 domini
1621 2413 1725 2438 reno-

226 2455 366 2491 vatione
385 2459 423 2490 et
441 2454 585 2489 civitate
604 2453 823 2489 Hierusalem
840 2457 877 2488 et
896 2452 974 2488 eius
997 2453 1175 2488 moenibus
1190 2453 1361 2489 Neemiae
1386 2456 1424 2488 et
1441 2451 1580 2488 Esdrae
1604 2449 1724 2485 studio

227 2501 402 2549 reparatis
423 2512 611 2542 sermonem
629 2500 797 2535 contexit.
1126 2541 1131 2546 ἡ

275 2550 462 2585 Persarum
478 2559 543 2583 rex
562 2548 584 2583 5
603 2547 763 2589 Xerxes9
788 2546 889 2581 Darii
906 2546 1019 2590 filius,
1042 2546 1140 2582 annis
1158 2548 1228 2590 20,
1251 2545 1369 2582 mundi
1386 2556 1472 2581 vero
1491 2545 1598 2582 5028.

325 2596 463 2631 Xerxes
482 2597 677 2641 Aegyptum
699 2593 849 2629 invadit.

321 2643 417 2678 Idem
432 2641 601 2678 adversus
618 2642 791 2683 Athenas,
804 2640 963 2677 Cauiade
982 2652 1098 2676 earum
1117 2640 1300 2688 praeside,
1325 2637 1543 2688 profectione
1561 2638 1726 2684 susqepta

227 2690 374 2726 flammis
397 2701 457 2727 eas
475 2693 606 2725 vastat.

320 2736 470 2771 Esdram
486 2735 599 2771 Xerxi
616 2733 820 2770 familiarius
841 2733 1060 2770 coniunctum
1085 2746 1127 2770 ac
1145 2733 1254 2770 veluti
1282 2733 1429 2768 scribam
1450 2734 1487 2767 et
1508 2730 1726 2766 sacerdotem

227 2795 342 2820 rerum
361 2783 580 2830 experientia
597 2785 831 2830 praestantem
850 2781 989 2816 divinae
1005 2781 1094 2827 legis
1108 2781 1332 2828 exponendae
1353 2791 1471 2821 causa,
1497 2791 1538 2813 eo
1555 2781 1727 2823 regnante

229 2830 450 2866 Hierusalem
468 2841 647 2865 reversum
675 2829 814 2875 quidam
842 2831 1038 2872 autumant3
1063 2841 1155 2876 quae
1175 2840 1259 2865 sane
1288 2827 1399 2875 ipsius
1417 2825 1557 2862 Esdrae
1581 2823 1725 2871 scriptis

230 2882 392 2914 constare
408 2888 576 2924 nusquam
595 2876 695 2915 nobis
710 2876 788 2912 visa
803 2879 897 2915 sunt.
