1754 3236
149 162 220 212 42
526 209 529 211 ,
627 162 874 209 GEORGII
903 158 1191 207 SYNCELLI

1496 223 1521 238 s

148 278 250 337 ἡμῖν
279 277 324 323 ἐκ
352 280 438 322 τῶν
468 275 539 322 διὰ
561 275 783 325 Μωῢσέως
801 269 1095 318 θεοπνεύστων
1123 272 1300 329 γραφῶν
1320 269 1660 328 κατειλημμένων

147 349 340 410 περιττὸν
359 347 423 393 ἂν
446 347 507 405 εἴη
528 347 742 406 προσέχειν
754 346 1020 393 Χαλδαϊκαΐς
1042 342 1112 385 καὶ
1123 343 1434 398 Αἷγυπτιακαῖς
1455 341 1660 399 ἷστορίαις

147 421 251 473 τοὺς
269 417 530 469 ἆὸιστάκτως
549 414 819 466 πιστεύοντας
832 412 896 458 ὅτι
916 411 1146 468 ὅκοσμικός
1165 412 1229 454 ἐπὶ
1242 414 1341 455 Νῶε
1361 412 1660 469 κατακλυσμὸς

146 492 286 551 γέγονε
317 494 377 550 τῷ
410 486 555 550 βσμβ’
584 487 662 532 ἔτει
689 489 766 530 τοῦ
800 483 974 540 κόσμου.
1013 482 1140 527 αὐταὶ
1171 482 1252 541 γὰρ
1265 480 1435 541 χρόνων
1462 482 1661 542 ἀπείρους

23 573 68 612 P.
90 570 140 611 24
159 560 399 620 εἰσάγουσαι
427 556 639 617 μυριάδας
657 556 761 615 πρὸς
780 553 1023 614 ἀνατροπὴν
1042 557 1119 611 τῆς
1138 553 1345 611 ἀληθείας
1363 551 1502 598 πάντα
1522 559 1690 598 κατα-5

145 631 439 686 σκευάζουσιν,
477 631 512 673 εἰ
538 630 607 672 καὶ
629 630 823 672 δοκοῦσιν
852 627 895 670 ἓν
925 624 1041 683 μέρει
1068 626 1165 684 περί
1189 642 1234 669 τε
1259 629 1563 682 Δκατακλυσμοῦ
1588 627 1662 669 καὶ

147 702 371 766 γιγάντων,
409 700 477 744 καὶ
509 699 638 743 αὐτοῦ
659 701 782 752 Νῶε,
821 700 898 741 τοῦ
931 697 1001 739 καὶ
1022 694 1275 754 Ξισούθρου
1302 696 1524 754 λεγομένου
1547 695 1657 755 παρ’
1708 700 1710 702 ’

148 777 306 828 αὐτοῖς,
333 777 568 829 συμφωνεῖν
586 774 637 828 τῇ
650 765 921 828 θεοπνεύστῳ
930 771 1088 826 γραφῇ,
1111 767 1155 819 ἐξ
1168 760 1227 811 ὧν
1246 768 1315 811 καὶ
1337 768 1660 827 ἐσφετερίσαντο

152 850 239 891 πᾶν
271 840 409 900 νόημα
437 840 624 900 χρηστὸν
644 840 683 884 οἳ
717 843 854 883 ταῦτα
873 836 1166 890 συντάξαντες.
1207 836 1304 882 ἀλλ’
1330 838 1496 883 ἐπειδὰν
1515 839 1585 882 καὶ
1606 837 1661 882 τὰ

152 912 386 974 ὃηλητήρια
405 910 659 970 ἀγνοούμενα
678 907 872 968 θάνατον
893 907 978 954 οἶδε
990 906 1192 961 πολλάκις
1208 916 1297 961 τοῖς
1317 908 1504 968 ἇπείροις
1520 908 1661 954 αὐτῶν
1676 921 1721 958 10

151 987 372 1046 μετέχουσι
390 987 621 1042 προξενεῖν,
658 981 880 1039 ἀναγκαῖον
898 978 1081 1038 ἥγοῦμαι
1101 980 1255 1040 μικρὰς
1270 978 1443 1039 χρήσεις
1463 979 1664 1040 παραθεῖ-

153 1063 262 1104 σθαι
293 1057 339 1100 ἐκ
366 1052 637 1113 παραλλήλου
669 1056 754 1096 τῶν
785 1052 1025 1110 ἐγκειμένων
1055 1049 1156 1109 ἡμῖν
1183 1051 1265 1097 ἀπὸ
1289 1056 1376 1096 τῶν
1405 1052 1538 1096 θείων
1557 1068 1665 1110 γρα-

155 1134 275 1189 φῶν,
315 1125 364 1170 οὗ
391 1126 495 1185 πρὸς
528 1126 732 1168 πίστωσιν
762 1122 903 1167 αὐτῶν
913 1157 929 1178 ,
965 1122 1026 1180 μὴ
1063 1123 1246 1181 γένοιτο·
1284 1122 1392 1182 πρὸς
1420 1121 1586 1181 ἔλεγχον
1618 1122 1667 1166 δὲ

116 1204 234 1257 Βτῆς
265 1198 427 1242 ἐκείνων
447 1196 741 1254 ψευδηγορίας.
780 1193 861 1253 πρὸ
881 1194 928 1238 δὲ
947 1191 1156 1251 τούτωνῆ
1186 1194 1280 1253 περὶ
1308 1198 1394 1238 τῶν
1429 1190 1666 1254 ἕγρηγόρων

153 1268 394 1319 ἀκόλουθος
422 1268 586 1326 ἱστορία
613 1267 658 1310 ἐκ
685 1269 761 1310 τοῦ
793 1262 964 1324 πρώτου
999 1262 1126 1323 λόγου
1146 1264 1280 1322 Ἒνώχ
1303 1262 1360 1317 ὦς
1379 1266 1449 1310 καὶ
1471 1281 1663 1323 συγγενε-
1676 1278 1723 1316 15

152 1341 286 1400 στέρα
323 1346 417 1390 ταῖς
453 1336 674 1397 ἡμετέραις
701 1343 886 1396 γραφαῖς
914 1334 1212 1393 ἓκτεθήσεται,
1251 1338 1288 1381 εἰ
1317 1337 1388 1381 καὶ
1417 1332 1665 1397 ἀπόκρυφός

153 1412 244 1457 ἔστι
263 1412 335 1456 καὶ
361 1409 404 1455 ἕν
424 1426 530 1454 τισιν
549 1408 787 1468 ἀμφίβολος
796 1440 812 1463 ,
847 1404 1002 1465 ἔχουσά
1020 1421 1112 1460 πως
1133 1401 1230 1453 ὧδε.

468 1529 565 1573 ΕΚ
614 1528 770 1572 ΤΟΥ
809 1527 1082 1572 ΛΟΓΟΥ
1122 1527 1344 1572 ΕΝΩΧ.

574 1614 641 1661 To?
669 1613 805 1661 λοιπὰ
833 1615 938 1674 περὶ
966 1611 1240 1674 ἐγρηγόρωυ.

258 1701 369 1750 Τότε
389 1700 573 1762 ἐβόησαν
591 1703 632 1748 οἱ
652 1702 875 1763 ἄνθρωποι
896 1705 955 1756 εἷς
971 1703 1047 1749 τὸν
1078 1702 1273 1764 οὗρανόν,
1309 1701 1510 1762 λέγοντες,
1547 1702 1665 1748 εἲσα-
1675 1717 1725 1754 20

250 1821 284 1857 1.
318 1813 358 1854 ἐκ
377 1816 452 1853 τῶν
475 1815 558 1852 add.
582 1816 623 1852 A.
692 1816 729 1854 5.
752 1816 821 1863 τῆς
844 1814 926 1852 add.
945 1816 989 1853 A.
1073 1817 1109 1854 7.
1135 1815 1207 1853 τοῦ
1220 1814 1284 1852 καὶ
1304 1815 1349 1852 A.
1372 1816 1446 1854 τοῦ
1464 1815 1506 1853 δὲ
1531 1815 1581 1851 G,
1604 1812 1671 1853 λό-

248 1878 318 1913 γον
336 1867 481 1907 ποιεῖν,
504 1863 553 1900 τὰ
573 1862 615 1900 δὲ
638 1875 684 1899 ιιι.
755 1866 790 1902 8.
816 1866 1035 1912 συμφωνεῖν
1054 1863 1097 1899 Α.
1122 1866 1322 1911 συμφωνεῖ
1342 1864 1391 1900 G.
1464 1859 1533 1911 ὦν]
1559 1858 1604 1912 ἧς
1622 1876 1669 1900 ιιι.

316 1911 375 1951 14.
404 1911 555 1950 ἐκείνων
578 1911 660 1947 add.
683 1910 726 1947 A.
822 1913 881 1949 18.
904 1912 1071 1958 ΕΝΩΧ]
1085 1912 1187 1968 ΙἯάο
1211 1923 1318 1959 supra
1341 1923 1378 1960 p·
1403 1912 1450 1949 13
1474 1924 1510 1949 a.

158 2032 225 2057 mo.
247 2018 315 2056 His
334 2017 435 2054 nobis
451 2016 489 2053 in
504 2016 682 2064 scriptura
689 2016 784 2052 Mosi
799 2017 945 2053 caelitus
964 2016 1140 2064 inspirata
1157 2016 1385 2065 consignatis,
1407 2016 1471 2061 eis,
1489 2016 1551 2064 qui
1568 2020 1670 2053 certa

158 2068 230 2103 fide
244 2066 444 2108 suadentur,
465 2064 629 2111 generale
639 2066 778 2100 Noeum
796 2065 961 2101 diluvium
975 2064 1072 2103 2242
1091 2065 1207 2101 mundi
1225 2077 1314 2100 anno
1334 2065 1539 2111 contigisse,
1558 2065 1668 2100 Chal-

159 2115 274 2151 <laicis
300 2117 337 2149 et
355 2111 583 2159 Aegyptiacis
598 2112 700 2158 nugis
721 2113 932 2159 superfluum
950 2118 1005 2149 est
1018 2116 1166 2148 mentem
1184 2113 1385 2151 advertere.
1414 2113 1502 2148 Illae
1519 2124 1671 2159 namque

157 2161 306 2198 infinitis
323 2172 487 2196 annorum
503 2159 716 2206 myriadibus
733 2160 770 2195 in
785 2160 933 2196 medium
950 2161 1146 2208 productis,
1172 2161 1323 2207 quadam
1342 2161 1427 2196 licet
1443 2172 1488 2195 ex
1505 2164 1610 2207 parte
1625 2160 1671 2196 de

159 2209 306 2252 diluvio,
323 2208 367 2243 de
385 2207 610 2253 Gigantibus,
627 2219 669 2242 ac
683 2207 727 2243 de
742 2207 819 2254 ipso
836 2208 918 2244 Noe
935 2208 1117 2244 nonnullas
1133 2208 1345 2244 interserant
1357 2208 1558 2251 relationes,
1575 2207 1673 2243 veri-

159 2257 229 2293 tati
246 2254 463 2292 nihilominus
475 2255 686 2290 evertendae
703 2255 896 2291 machinam
915 2267 1048 2291 omnem
1067 2256 1253 2292 admovere
1264 2256 1538 2303 conspiciuntur.
1562 2255 1672 2291 Xisu-

160 2304 235 2340 thri
254 2314 351 2345 vero,
368 2302 419 2337 sic
434 2302 528 2349 apud
546 2314 608 2337 eos
621 2302 738 2337 vocati
756 2306 858 2349 gesta
875 2302 1005 2338 divinis
1019 2308 1210 2339 consonant
1223 2303 1387 2350 scriptis,
1406 2303 1600 2351 eygquibus
1611 2301 1673 2350 qui

161 2364 205 2387 ea
222 2350 450 2395 collegerunt,
465 2361 583 2384 veram
599 2361 729 2385 omnem
743 2351 947 2387 sententiam
964 2351 1112 2387 mutuati
1128 2355 1219 2387 sunt.
1242 2351 1372 2387 Verum
1387 2349 1572 2386 enimvero
1582 2362 1673 2397 quo-

160 2398 253 2434 niam
264 2396 457 2444 inexpertis
477 2396 639 2442 ignorata
657 2409 792 2433 venena
812 2402 956 2434 mortem
973 2399 1074 2434 solito
1088 2399 1228 2446 saepius
1239 2403 1515 2445 promereantur,
1537 2398 1673 2433 alieno-

160 2457 236 2482 rum
251 2457 273 2482 a
294 2443 424 2480 nostris
447 2449 624 2479 auctorum
639 2456 750 2491 pauca
760 2446 930 2491 quaedam
941 2446 1038 2481 dicta
1052 2446 1181 2482 divinis
1200 2447 1382 2493 scripturis
1397 2446 1491 2493 apud
1499 2457 1564 2481 nos
1584 2445 1673 2480 huc-

160 2504 272 2539 usque
292 2491 441 2527 servatis
459 2502 503 2525 ex
513 2491 660 2527 adverso
678 2493 913 2538 comparanda
928 2494 1088 2541 proferre
1103 2506 1233 2541 operae
1249 2494 1398 2541 pretium
1419 2494 1532 2536 duco;
1547 2504 1617 2528 ιιοιι
1633 2496 1674 2528 ut

160 2540 266 2576 fidem
283 2538 354 2575 iuis
375 2538 579 2580 conciliem,
605 2543 744 2575 avertat
762 2540 828 2575 hoc
850 2540 936 2576 deus
949 2567 960 2584 ‚
986 2542 1050 2577 sed
1066 2545 1107 2576 ut
1134 2541 1216 2577 falsi
1244 2542 1446 2577 convincam
1470 2545 1508 2576 et
1530 2539 1676 2576 menda-

161 2588 254 2623 cium
273 2590 428 2622 evertam
445 2585 593 2620 omniuo.
617 2585 712 2621 Prae
725 2588 859 2623 cunctis
883 2592 997 2624 autem
1022 2600 1240 2636 consequens
1260 2599 1508 2635 egregororum
1529 2586 1676 2622 historia

162 2635 299 2670 incerta
312 2633 398 2669 licet
415 2636 452 2668 et
469 2632 577 2667 dubia
600 2632 672 2668 fide
688 2637 806 2677 nutet,
831 2638 872 2669 ut
893 2636 1023 2671 nostris
1041 2639 1158 2671 tamen
1177 2636 1337 2673 historiis
1362 2635 1508 2682 reliquis
1528 2633 1669 2671 coniun-

159 2682 270 2726 ctior,
289 2692 335 2718 cx
354 2679 466 2729 primo
483 2682 638 2716 tractatu
654 2680 778 2716 Enoch
795 2682 1031 2729 depromenda
1054 2683 1220 2719 occurrit.
1270 2683 1332 2719 Sic
1352 2694 1438 2719 vero
1455 2683 1576 2719 habet.

594 2759 691 2806 EX
720 2761 943 2807 LIBRO
973 2763 1230 2811 ENOCH.

668 2843 729 2884 De
760 2846 960 2899 egregoris
988 2847 1162 2901 reliqua.

257 2913 362 2951 Tunc
392 2910 551 2949 homines
579 2910 619 2949 in
638 2911 771 2950 caelum
798 2914 1081 2953 exclamaverunt
1104 2915 1262 2953 dicentes
1277 2928 1288 2953 ι
1306 2915 1446 2954 deferte
1467 2914 1514 2953 ad
1541 2913 1674 2953 altissi-
