1800 3236
260 191 366 249 244
388 168 401 170 ‘⁷
731 202 982 251 GEORGII
1009 166 1321 252 SYNCELLI‘

267 306 402 362 δὲκαὶ
423 305 552 364 ,τοῦτο
580 313 630 358 τὸ
661 312 933 375 ἀδιάφθορον
959 319 1037 359 τοῦ
1063 312 1309 361 δεσποτικοῦ
1341 312 1540 372 σώματος
1562 314 1676 359 Ικατὰ
1701 314 1776 359 τὸν

269 387 414 447 καιρὸν
434 390 510 443 τῆς
526 382 630 443 ὓπερ
652 384 772 442 ἡμῶν
794 386 926 430 αὐτοῦ
947 390 1087 444 ταφῆς
1095 392 1113 441 ,“
1149 390 1320 446 σταυρῷ
1343 387 1420 443 μὲν
1449 387 1520 430 καὶ
1548 391 1637 436 τοῖς
1657 384 1777 442 ἥλοις

269 460 340 502 καὶ
358 461 412 516 τῇ
434 454 560 514 λόγχῃ
580 460 767 514 φυσικῶς
785 456 1001 506 πεπονθὸς
1020 454 1297 512 ὃμοιοπαθῶς
1317 454 1417 513 ἡμῖν
1431 456 1485 500 τὰ
1505 459 1581 512 τῆς
1601 459 1776 514 φθορᾶς

268 525 460 586 νύγματα
482 526 543 570 δι’
580 524 719 569 οἶκτον
742 527 874 584 χωρὶς
897 523 1036 583 πάσης
1068 524 1305 586 ἁμαρτίας,
1344 525 1592 585 διαφθορὰν
1624 526 1671 569 δὲ
1704 526 1776 569 καὶ

239 597 468 643 Οδιάλυσιν
484 597 573 653 μηδ
579 595 592 612 ²
620 594 728 647 ὅλως
744 594 1068 653 ὖπομεμενηκός.
1101 596 1180 654 ἔχει
1198 591 1429 653 μέντοικαὶ
1450 596 1605 647 ἄλλους
1626 593 1800 653 λόγουςᾶ

269 672 482 726 μυστικῶς
508 667 780 719 εἷκονίζοντας
803 664 900 710 τόδε
924 665 974 710 τὸ
1004 664 1144 723 μάννα
1177 664 1255 724 τήν
1289 685 1334 711 τε
1367 664 1579 724 πάναγνον
1609 664 1776 723 θεομή-

269 757 377 798 τορα
401 739 471 781 καὶ
490 735 563 780 τὸν
584 736 682 780 κατ’
710 736 862 796 ἀρετὴν
880 738 976 793 βίον
986 769 1000 790 ,
1037 739 1130 796 περὶ
1153 731 1210 781 ὧν
1231 736 1280 780 οὗ
1299 735 1512 795 πρόκειται
1532 740 1607 780 νῦν
1629 736 1771 794 λέγειν.

270 814 396 854 τοῦτο
415 808 492 864 μὲν
514 801 588 850 οὖν
609 807 657 851 τὸ
676 804 826 863 μάννα·
839 808 1043 862 κομισθὲν
1062 807 1107 851 ἐκ
1126 811 1203 864 τῆς
1218 811 1447 864 Παρθικῆς
1474 805 1584 851 εἶδον
1604 806 1683 864 ἐγὼ
1705 807 1776 850 καὶ

270 878 471 937 μετέσχον
500 876 655 932 αὐτοῦ,
693 882 771 934 τῆς
796 877 928 934 αὐτῆς
950 875 1127 935 γεύσεως
1156 877 1228 930 ὃν,
1267 877 1363 921 ἀλλ’
1394 877 1472 934 οὐχ
1499 875 1610 921 οὕτω
1641 881 1776 920 πλου-

273 943 375 1001 σίως
399 946 487 992 οἷον
508 946 638 1006 ὤφθη
659 949 776 1002 ποτὲ,
813 948 910 992 οὐδὲ
929 948 1037 991 κατὰ
1056 946 1179 1005 τήνδε
1197 947 1275 1005 τὴν
1294 947 1464 1006 ἔρημον.
1502 946 1612 992 κατὰ
1632 948 1679 990 δὲ
1698 947 1800 998 vagi

272 1019 450 1078 ἑσπέρας
470 1017 613 1069 αὐτοῖς
634 1016 743 1070 εῗδος
761 1023 959 1062 πετεινῶν
982 1018 1170 1074 ἀνέβαινε
1195 1020 1263 1062 καὶ
1284 1017 1485 1062 ἐκάλυπτε
1509 1017 1587 1075 τὴν
1612 1035 1777 1075 παρεμ-

273 1085 442 1147 βολὴν.
479 1086 774 1147 ὀρτυγομήτρα
805 1087 1045 1147 λεγόμενον,
1094 1089 1202 1148 πρὸς
1227 1093 1400 1148 βρῶσιν.
1449 1088 1605 1147 ἔφαγον
1635 1089 1776 1132 τοίνυν

274 1156 333 1206 τὸ
354 1158 495 1217 μάννα
523 1156 838 1218 τεσσαράκοντα
870 1159 941 1216 ἔτη
971 1157 1170 1211 πολλάκις
1212 1159 1315 1203 αὐτὸ
1348 1157 1669 1216 βδελυξάμενοι,
1719 1155 1778 1208 ὥς

235 1228 468 1276 Ῑ)διάκενον
506 1228 635 1287 ἄρτον
646 1262 661 1284 ,
711 1230 751 1273 οἳ
778 1234 864 1274 τῶν
897 1234 1028 1274 θειῶν
1064 1228 1222 1282 ἀνάξιοι
1251 1234 1463 1289 παροχῶν.
1518 1229 1700 1273 ἀπέθετο
1731 1229 1778 1272 δὲ

274 1303 343 1346 καὶ
367 1299 529 1359 Ἀαρών
563 1299 606 1343 ἐν
633 1297 807 1359 στάμνῳ
833 1305 972 1359 χρυσῇ
1004 1303 1046 1344 Γ
1044 1300 1149 1359 ομόρ
1178 1304 1255 1344 τοῦ
1285 1298 1451 1356 μάννα,
1491 1299 1677 1343 ἐναντίον
1698 1302 1800 1343 τοῦ]

274 1375 381 1416 θεοῦ
401 1372 458 1422 εἷς
475 1370 551 1421 τὰς
568 1371 707 1427 γενεὰς
725 1371 878 1424 αὐτῶν,
901 1369 947 1415 ὃν
961 1369 1117 1429 τρόπον
1134 1369 1275 1428 κύριος
1295 1371 1490 1422 συνέταξε
1507 1374 1567 1430 τῷ
1587 1372 1774 1428 Μωϋσῇ.

376 1440 480 1485 Ἀπὸ
515 1444 592 1496 τῆς
624 1439 782 1497 ἐρήμου
810 1445 915 1485 Σινᾶ
935 1439 1174 1499 ἀπάραντες
1191 1441 1260 1485 διὰ
1281 1439 1469 1500 ῥήματος
1493 1441 1662 1499 κυρίου,
1698 1434 1778 1495 ἦλ-

276 1517 360 1557 θον
402 1510 459 1562 εἷς
492 1508 699 1568 Ῥαφιδεὶν
730 1510 913 1569 ἄνυδρον
947 1509 1102 1566 τόπον,
1140 1510 1248 1555 ἔνθα
1280 1512 1546 1570 λοιδορηθεὶς
1580 1513 1777 1566 Μωῢσῆς

277 1579 447 1641 σφόδρα
467 1580 572 1640 πρὸς
603 1585 680 1624 τοῦ
694 1584 814 1625 ’λαοῦ
836 1578 1058 1637 εὐξάμενος
1083 1585 1142 1642 τῷ
1165 1585 1254 1642 θεῷ
1269 1583 1620 1640 χρησμοδοτεῒται
1637 1578 1776 1623 πατά-

275 1655 342 1706 ξαι
364 1649 512 1713 ῥάβδῳ
542 1651 620 1708 τὴν
650 1651 808 1711 πέτραν
842 1653 912 1696 καὶ
942 1654 1090 1696 δοῦναι
1117 1659 1206 1703 τοῖς
1228 1658 1593 1711 παραπικρασταΐς
1617 1649 1800 1695 wara}

371 1766 404 1800 1.
427 1761 491 1799 καὶ
513 1775 579 1799 om.
599 1764 648 1799 G.
741 1765 776 1801 2.
801 1761 927 1800 αὐτοῦ
944 1775 1010 1799 om.
1031 1764 1082 1800 G.
1174 1765 1210 1801 3.
1232 1762 1431 1806 πεπονθὸς
1452 1764 1526 1799 ΑΒ·
1621 1761 1683 1809 τά]
1710 1776 1778 1800 κα·

367 1810 417 1847 τοὶ
441 1812 485 1847 Β.
608 1812 643 1847 5.
668 1808 960 1859 ὖπομεμενηκώς
982 1814 1025 1847 Α.
1152 1811 1283 1857 μέντοι
1310 1812 1389 1858 καὶ]
1423 1812 1494 1857 μὲν
1513 1809 1607 1852 τούς
1632 1812 1681 1846 G.

369 1860 403 1896 6.
426 1856 514 1894 τόδε
534 1856 593 1904 τὸ]
618 1857 660 1895 τὸ
684 1856 725 1895 δὲ
751 1859 799 1894 G.
904 1857 973 1905 τήν
990 1859 1044 1905 τε]
1068 1871 1109 1895 τε
1126 1870 1192 1894 om.
1205 1860 1253 1894 G.
1347 1862 1382 1896 8.
1406 1859 1610 1908 παρθηκῆς
1626 1859 1713 1895 ἴδον
1729 1859 1775 1893 Β.

438 1906 474 1940 9.
501 1901 559 1950 ὂν]
586 1899 641 1941 ὦν
661 1906 706 1940 Β.
813 1907 869 1942 12.
894 1904 1093 1953 λεγόμενον
1109 1907 1151 1940 Β.
1177 1905 1328 1953 λέγομεν
1349 1907 1396 1941 G.
1500 1907 1556 1943 15.
1580 1904 1708 1952 γομώρ
1728 1906 1773 1941 13.

438 1949 579 1997 μάννα]
608 1952 720 1998 Vulgo
749 1950 838 1998 μᾶν.
965 1955 1023 1990 16.
1056 1952 1231 1997 συνέταξε
1256 1951 1386 1999 κύριος
1411 1952 1465 2001 τῷ
1492 1957 1612 1998 μωσεῖ
1637 1955 1682 1990 Β.

369 2000 426 2036 18.
450 1999 630 2046 ῥαφιδεῖν
655 2000 698 2036 Β.
732 1998 907 2048 ραφιδήμ
929 2001 970 2036 Α.
995 2000 1164 2048 Ραφιδὶν
1187 2001 1237 2036 G.
1262 2001 1355 2037 Vide
1375 2000 1489 2037 Exod.
1509 2000 1626 2044 XVII,
1652 2004 1687 2037 1.

371 2048 426 2084 19.
450 2047 558 2094 πρὸς]
575 2044 672 2092 ’ὑπὲρ
695 2058 739 2083 m.

276 2141 568 2187 corrumpebatur.
629 2141 873 2189 Incorruptum
898 2153 1003 2191 porro
1034 2142 1196 2180 dominici
1227 2144 1387 2192 corporis
1415 2146 1543 2180 statum
1557 2168 1567 2186 ‚
1599 2142 1774 2178 toleratae

276 2198 342 2234 pro
361 2188 461 2223 nobis
489 2189 689 2235 sepulturae
704 2194 880 2236 tempore,
903 2191 1100 2235 referebat3
1124 2204 1228 2228 cruce
1252 2193 1422 2239 siquidem
1442 2195 1479 2227 et
1502 2189 1610 2226 clavis
1636 2194 1672 2224 et
1696 2189 1776 2224 lan·

275 2246 339 2277 cea
355 2246 402 2269 ex
426 2235 657 2271 miserationis
675 2237 806 2272 affectu
822 2243 858 2272 et
877 2239 1010 2284 absque
1029 2244 1173 2285 peccato
1196 2240 1347 2275 naturali
1377 2239 1456 2284 lege
1484 2242 1520 2273 et
1547 2237 1624 2283 pari
1653 2237 1774 2270 nobis—

276 2287 352 2316 cum
377 2282 533 2329 patiendi
558 2295 674 2326 more,
698 2285 929 2331 corruptionis
946 2285 1092 2321 vulnera
1110 2287 1285 2332 persensit
1309 2287 1387 2328 ine,
1412 2283 1667 2330 corruptionem
1690 2294 1773 2318 vero

275 2328 333 2365 vel
351 2329 537 2374 perniciem
560 2331 655 2364 nulla
679 2336 781 2366 tenus
800 2332 973 2368 sustinuit.
1020 2333 1138 2368 Habet
1160 2335 1303 2380 insuper
1320 2333 1406 2369 alias
1422 2333 1575 2368 rationes
1593 2330 1773 2377 mysticum

274 2375 453 2422 quidpiam
468 2377 661 2412 referentes
682 2378 748 2413 hoc
765 2391 898 2422 manna,
921 2379 1138 2426 purissimam
1161 2385 1247 2427 puta
1263 2381 1323 2415 dei
1339 2384 1483 2416 matrem
1508 2383 1545 2414 et
1566 2378 1675 2413 vitam
1694 2388 1774 2412 cum

275 2421 407 2458 virtute
423 2424 652 2466 coniunctam,
676 2424 720 2459 de
740 2426 863 2471 quibus
882 2438 973 2461 nunc
992 2427 1087 2473 loqui
1105 2439 1173 2462 non
1186 2434 1242 2463 est
1257 2428 1399 2463 animus.
1447 2424 1658 2470 Huiusmodi
1675 2435 1774 2459 man-

273 2480 319 2504 na
335 2482 355 2504 e
374 2469 540 2505 Parthica
567 2471 710 2515 regione
739 2473 889 2508 delatum
907 2473 1002 2517 vidi,
1024 2474 1214 2521 eodemque
1245 2486 1370 2522 sapore
1395 2472 1593 2520 praeditum
1611 2470 1774 2518 probavi,

275 2519 313 2551 at
331 2526 397 2551 non
425 2517 513 2552 adeo
534 2517 632 2552 suavi
652 2518 742 2554 sicut
759 2519 794 2554 in
821 2520 960 2556 deserto
987 2521 1168 2557 collectum
1189 2522 1275 2556 illud
1293 2522 1504 2557 abundabat.
1554 2517 1773 2564 vespertinis

274 2562 371 2598 horis
386 2564 539 2599 volucris
554 2564 692 2611 species
717 2567 885 2612 quaedam
903 2568 1140 2603 adscendebat
1166 2574 1203 2604 et
1220 2581 1282 2604 coo
1309 2569 1445 2604 eriebat
1462 2569 1602 2607 castra,
1627 2569 1775 2610 ortygo-

273 2614 417 2646 metram
447 2610 609 2653 dicimus,
634 2623 702 2658 qua
730 2613 928 2649 fruerentur
956 2615 1001 2649 ad
1027 2615 1217 2651 obsonium.
1274 2581 1519 2660 (Suadragiuta
1535 2613 1647 2658 igitur
1674 2611 1773 2647 annis

271 2658 526 2693 manducabant
550 2669 694 2701 manna,
718 2659 763 2694 ab
793 2672 922 2706 eoque,
948 2673 1011 2697 ceu
1038 2663 1082 2697 ab
1105 2663 1200 2698 inani
1222 2663 1321 2706 cibo,
1346 2661 1473 2697 divinis
1500 2659 1637 2704 indigni
1661 2658 1775 2701 donis,

272 2708 481 2740 nauseantes
500 2706 742 2741 abhorrebant.
779 2707 946 2753 Reposuit
967 2720 1106 2755 quoque
1126 2711 1242 2745 Aaron
1262 2710 1300 2744 in
1318 2720 1406 2744 urna
1426 2719 1543 2750 aurea,
1569 2707 1702 2741 Gomor
1720 2705 1773 2740 di-

272 2754 376 2797 cunt,
400 2751 437 2787 in
457 2757 645 2799 conspectu
661 2752 790 2788 domini
815 2765 955 2798 manna,
983 2761 1022 2790 ut
1041 2756 1145 2791 etiam
1163 2756 1254 2803 apud
1272 2761 1454 2804 posteros,
1476 2757 1584 2801 prout
1601 2752 1695 2789 Mosi
1710 2751 1771 2787 do-

270 2797 383 2833 minus
400 2804 646 2846 praeceperat,
670 2811 738 2835 non
754 2800 908 2846 ignotum
927 2802 1020 2836 foret
1037 2803 1246 2838 miraculum.

366 2846 395 2881 A
414 2846 552 2883 deserto
563 2847 659 2882 ¹Sina
677 2847 735 2882 dei
754 2847 852 2882 iussu
869 2848 1046 2883 solventes
1056 2855 1227 2885 venerunt
1243 2848 1418 2897 Raphidin
1437 2858 1606 2894 aquarum
1625 2844 1772 2892 penuria

270 2890 483 2929 laborantem
512 2893 646 2936 locum,
669 2906 738 2940 quo
765 2894 931 2941 conviciis
957 2907 979 2930 a
1006 2896 1134 2942 populo
1166 2898 1286 2932 Moses
1315 2901 1504 2942 exceptus,
1529 2894 1618 2929 fusis
1646 2904 1708 2938 pro
1727 2896 1770 2926 eo

269 2939 434 2985 precibus
456 2941 576 2978 divino
593 2945 769 2980 movetur
781 2942 920 2979 oraculo
934 2947 1071 2990 petram
1089 2949 1275 2992 percutere
1297 2948 1334 2982 et
1351 2942 1493 2993 procaci
1510 2940 1641 2990 populo
1659 2944 1770 2986 aquas
