1800 3236
220 157 324 224 502
682 162 935 211 GEORGn
961 162 1246 211 sYNCELm

321 273 591 334 Ἀλέξανδρος
602 268 676 320 οὖν
698 271 735 319 κ’
754 274 865 334 ι’ίγων
887 273 993 331 ἔτος,
1016 274 1124 320 κατὰ
1136 273 1365 329 Δέξιππον,
1386 276 1529 317 πᾶσαν
1546 270 1724 330 ἄσκησιν

219 345 453 406 ἠσκημένος
464 344 719 403 σωματικὴν,
741 346 871 390 αὐτοῦ
882 363 925 390 τε
935 343 1218 403 γνησιώτατος
1226 344 1538 403 Ἀριστοτέλους
1549 343 1725 402 γεγονώς

221 421 299 462 τοῦ
319 419 617 473 δαιμονιῶντος
636 416 851 474 φοιτητὴς,
876 416 941 460 ἐπὶ
959 416 1035 473 τὴν
1054 414 1256 475 πατρῴαν
1277 418 1472 475 παρῆλθε
1490 415 1720 470 βασιλείαν.

76 494 115 531 Ρ.
136 491 209 535 264
224 490 294 533 καὶ
324 492 491 547 πρῶτος
524 487 600 542 μὲν
636 483 809 548 Θρᾴκης
841 488 911 531 καὶ
938 483 1137 538 Ἑλλάδος
1168 483 1337 543 ἁπάσης
1366 485 1475 542 πλὴν
1502 485 1727 530 Λακεδαί-

223 575 353 617 μονος
382 556 515 615 μόνης
542 554 782 616 κρατήσας,
820 558 878 609 εἷς
906 556 984 614 τὴν
1011 555 1195 615 μεγάλην
1211 556 1354 601 Ἀσίαν
1377 555 1447 600 διὰ
1470 555 1542 600 τὸν
1562 558 1754 613 Heme-5

226 630 300 675 κᾶν
328 632 572 687 περαιοῦται
601 625 806 684 πόλεμον,
850 628 893 672 ἔν
925 631 1120 689 Γρανικῷ
1151 645 1196 672 τε
1225 631 1404 687 ποταμῷ
1425 623 1629 685 πρότερον
1649 643 1729 669 κα-

225 695 561 758 ταγωνισάμενος
590 702 676 743 τῶν
705 701 928 757 Περσικῶν
946 695 1297 757 στρατευμάτων,
1335 697 1475 742 ἔπειτα
1495 698 1563 741 καὶ
1585 697 1627 740 ἓν
1644 695 1729 740 Ἰσ-

227 775 288 831 σῷ
330 773 408 827 τῆς
444 770 638 820 Κιλικίας
664 768 779 830 αὐτῷ
815 773 990 825 πολεμεῖ
1017 770 1214 828 Δαρείῳ,
1254 769 1323 812 καὶ
1359 771 1594 811 τελευταῖον
1631 766 1729 810 εἴσω

223 847 358 898 χωρεῖ
381 844 458 897 τῆς
480 839 717 898 Ἀσσυρίας.
764 839 1018 895 καταλαβὼν
1048 840 1093 884 δὲ
1130 841 1318 898 Δαρεῖον
1338 836 1420 882 {ma
1448 841 1600 894 Βησσᾶ
1619 854 1732 887 τινος

228 916 313 958 τῶν
336 909 549 970 ἀρχόντων
571 909 848 970 ἀναιρεθέντα
870 907 1027 955 θάπτει
1047 913 1384 968 μεγαλοπρεπῶς,
1422 907 1528 965 ἔχων
1547 907 1630 965 ἤδη
1651 907 1729 964 τὴν
1743 920 1788 955 10

230 981 363 1031 αὐτοῦ
381 981 564 1040 γαμετὴν
584 980 665 1025 ἀπὸ
688 985 763 1038 τῆς
782 981 825 1024 ἓν
836 980 958 1041 Ἰσσῷ
975 978 1129 1037 μάχης,
1166 979 1244 1024 σὺν
1262 984 1314 1039 τῇ
1336 980 1470 1038 μητρί
1488 996 1531 1022 τε
1554 980 1622 1022 καὶ
1642 985 1732 1029 τοῖς

231 1052 400 1103 τέκνοις.
438 1048 647 1107 βασιλεύει
680 1052 725 1095 δὲ
747 1052 964 1107 βασιλείαν
980 1050 1195 1110 Περσικὴν
1215 1048 1304 1106 ἅμα
1322 1054 1373 1108 τῇ
1391 1046 1599 1109 βαρβάρῳ
1622 1049 1732 1092 διαί-

230 1140 297 1184 τῃ.
335 1120 552 1180 γενόμενος
579 1121 625 1165 δὲ
654 1123 724 1166 καὶ
743 1123 787 1166 ἐν
807 1118 1023 1181 Καυκάσῳ
1054 1127 1203 1180 κρατεῖ
1216 1125 1301 1164 τῶν
1321 1118 1475 1164 αὐτόθι
1499 1117 1731 1178 βαρβάρων

195 1190 488 1244 ΒΜαιώτιδος
514 1193 662 1249 λίμνης
689 1189 843 1237 ἐλθών.
882 1192 1074 1236 κάκεῖθεν
1103 1189 1408 1249 μεταχωρήσας
1434 1191 1500 1239 ἐπὶ
1531 1189 1631 1241 τοὺς
1652 1190 1734 1233 Ἰν-

234 1262 334 1314 δούς
363 1260 523 1314 παντός
548 1280 592 1307 τε
619 1260 833 1321 κρατήσας
863 1260 1017 1314 ἔθνους
1042 1262 1217 1306 Ἰνδικοῦ
1250 1262 1370 1320 μέχρι
1401 1265 1594 1316 ποταμοῦ
1619 1263 1660 1304 Γ
1658 1258 1734 1317 άγ-
1747 1269 1791 1307 15

233 1351 318 1394 γου,
341 1331 465 1377 πάλιν
488 1330 753 1390 ἀναζεύγνυσι
776 1331 845 1376 διὰ
864 1337 939 1376 τοῦ
954 1332 1088 1376 Ἰνδοῦ
1113 1336 1308 1388 ποταμοῦ
1328 1330 1449 1389 μέχρι
1468 1335 1545 1387 τῆς
1562 1330 1736 1388 Ἰνδικῆς

233 1401 473 1460 θαλάσσης,
486 1404 555 1446 καὶ
574 1401 709 1454 οὕτως
727 1405 784 1454 εἷς
795 1402 871 1460 τὴν
882 1402 1110 1458 Ἀσσυρίαν
1130 1400 1309 1447 ἐπάνεισι
1322 1405 1578 1457 Βαβυλῶνα,
1593 1405 1735 1445 πᾶσαν

235 1472 338 1530 ἔχων
374 1471 584 1531 Εὖρώπην
610 1470 694 1519 ὗπὸ
723 1475 846 1531 χεῖρά
879 1475 949 1519 καὶ
980 1473 1057 1530 τὴν
1079 1472 1236 1519 Ἀσίαν.
1273 1476 1445 1533 τελευτᾷ
1478 1472 1524 1516 δὲ
1545 1471 1618 1516 τὸν
1641 1473 1736 1527 βίον

236 1545 321 1589 ἐκεῖ
335 1541 444 1603 νόσῳ
465 1540 623 1599 καμών.
660 1540 871 1587 θάπτεται
895 1544 941 1588 δὲ
956 1542 1064 1600 μετὰ
1081 1542 1222 1602 βραχὺ
1244 1543 1293 1588 τὸ
1315 1547 1439 1599 σῶμα
1461 1544 1518 1593 εἷς
1536 1542 1613 1600 τὴν
1633 1540 1734 1585 κατ’

236 1614 459 1670 Αἴγυπτον
488 1611 822 1672 Ἀλεξάνδρειαν,
858 1611 911 1672 ἢν
949 1613 1057 1670 μετὰ
1093 1613 1169 1672 τὴν
1208 1614 1251 1658 ἓν
1287 1613 1408 1674 Ἰσσῷ
1437 1610 1578 1669 μάχην
1607 1612 1735 1668 αὐτὸς
1747 1621 1796 1658 20

237 1681 540 1745 ᾠκοδομήσατο
550 1717 565 1738 ,
605 1682 748 1743 Τύρον
778 1685 846 1727 καὶ
876 1682 1017 1739 Γάζαν
1046 1685 1116 1728 καὶ
1146 1683 1225 1735 τὰς
1254 1684 1403 1735 λοιπὰς
1432 1679 1576 1734 πόλεις
1598 1700 1740 1741 παρα-

239 1752 499 1811 στησάμενος
511 1787 526 1808 ,
561 1753 668 1812 πλὴν
692 1752 993 1813 Ἰεροσολύμων
1007 1788 1021 1810 ,
1060 1754 1131 1800 διὰ
1154 1754 1231 1812 τὴν
1263 1753 1359 1812 ἑξῆς
1386 1753 1739 1813 παρατεθησομέ-

334 1840 370 1879 4.
394 1842 543 1888 πρῶτος
557 1842 601 1880 Β.
624 1843 777 1889 πρῶτον
794 1843 843 1881 G.
955 1844 989 1880 7.
1015 1842 1056 1880 ἐν
1074 1841 1178 1889 νήσῳ
1200 1844 1268 1891 τῆς
1287 1842 1361 1879 ΑΒ.
1473 1845 1507 1880 8.
1534 1843 1672 1889 δαρείῳ
1695 1843 1739 1877 Β.

337 1892 502 1934 Δαρεῖον
527 1890 576 1923 G.
700 1892 755 1926 11.
778 1887 883 1938 Ἰσσῷ
901 1890 1072 1937 Scaliger.
1111 1891 1223 1936 Vulgo
1247 1889 1359 1939 νήσῳ.
1481 1892 1537 1927 12.
1560 1888 1740 1940 βαρβάρῳ

336 1937 461 1984 διαίτῃ
484 1935 654 1982 Scaliger.
686 1938 923 1988 βαρβαρώδει
946 1936 1213 1989 (βαρβαρώδη)
1240 1937 1303 1984 ἔτη
1330 1966 1339 1975 .
1362 1964 1372 1974 .
1395 1963 1403 1973 .
1428 1938 1546 1985 vulgo.
1580 1939 1741 1974 Lacunae

337 1982 440 2028 signa
466 1994 532 2019 om.
551 1986 594 2018 Α.
618 1983 680 2031 ἔτη
706 1983 735 2024 ς’
756 1987 895 2033 supplet
912 1996 958 2022 111.
1076 1984 1135 2024 14.
1167 1984 1369 2028 νοιώτιδος
1388 1985 1432 2024 B.
1547 1986 1609 2022 20.
1635 1983 1741 2033 Ἰσσῷ

336 2029 511 2076 Scaliger.
556 2030 670 2078 Vulgo
687 2030 801 2081 νήσῳ.

339 2099 536 2137 Alexander
554 2100 753 2138 vicesimum
764 2128 775 2145 ,
799 2106 840 2138 ut
857 2102 933 2138 vult
949 2099 1132 2150 Dexippus
1143 2128 1154 2146 ‚
1179 2114 1289 2150 agens
1307 2113 1449 2145 annum,
1475 2101 1565 2138 omni
1583 2101 1741 2148 corporis

246 2146 517 2183 exercitamento
541 2152 578 2185 et
607 2148 727 2184 habitu
746 2150 835 2185 bene
856 2149 1049 2187 instructus
1061 2176 1071 2193 ‚
1094 2149 1277 2197 ipsiusque
1294 2149 1490 2185 Aristotelis
1509 2154 1655 2184 naturae
1675 2161 1741 2195 ge-

246 2192 297 2228 nii
317 2194 508 2241 nuncupati
526 2196 782 2234 necessitudine
802 2196 1069 2233 familiarissime
1091 2209 1199 2239 usus,
1225 2201 1406 2243 paternum
1427 2196 1550 2233 solium
1571 2207 1741 2231 conscen-

249 2239 313 2275 dit.
360 2242 412 2275 Ac
432 2241 574 2287 primum
593 2242 731 2288 quidem
753 2243 931 2279 Thraciae
948 2243 1125 2290 totiusque
1144 2243 1318 2278 Graeciae
1346 2242 1479 2289 potitus
1503 2242 1670 2290 imperio,
1694 2243 1740 2278 de

250 2285 393 2322 Persico
420 2288 511 2322 bello
536 2288 702 2324 sollicitus
728 2289 861 2325 traiicit
885 2289 920 2324 in
940 2290 1056 2325 Asiam
1085 2294 1122 2325 et
1140 2290 1184 2327 ad
1204 2290 1392 2325 Granicum
1413 2289 1594 2335 Phrygiae
1614 2291 1741 2326 flumen

247 2332 434 2370 Persarum
462 2334 579 2380 copias
608 2335 720 2379 fudit,
741 2347 819 2374 mox
844 2335 890 2372 ad
907 2336 1015 2372 Issum
1034 2336 1180 2373 Ciliciae
1205 2337 1339 2383 pariter
1362 2337 1506 2372 fluvium
1528 2338 1607 2383 ipso
1629 2338 1739 2372 Dario

250 2385 449 2427 expugnato
473 2380 511 2419 in
531 2382 678 2420 mediam
693 2383 870 2432 Assyriam
890 2390 1074 2430 penetrat3
1099 2384 1201 2421 Darii
1218 2395 1303 2420 vero
1322 2395 1343 2419 a
1365 2384 1475 2419 Besso
1500 2385 1661 2431 quopiam
1682 2397 1740 2420 sa-

250 2430 357 2474 trapa
375 2428 555 2464 interfecti
582 2441 666 2464 nece
695 2434 891 2476 comperta,
917 2430 1020 2466 funus
1051 2431 1167 2477 dignis
1194 2431 1382 2466 honoribus
1415 2437 1645 2478 prosequutus
1673 2437 1739 2475 est,

252 2473 410 2522 defuncti
426 2474 594 2521 coniuge,
619 2471 729 2513 inatre
749 2481 786 2511 et
800 2476 921 2511 liberis
942 2477 1023 2513 data
1052 2479 1095 2512 ad
1115 2478 1224 2514 Issum
1247 2489 1366 2526 pugna
1392 2477 1460 2514 iam
1479 2479 1604 2526 captis.
1650 2479 1740 2515 Per-

253 2521 362 2559 sicum
379 2521 559 2568 imperium
577 2522 759 2558 barbarico
782 2523 938 2568 gaudens
954 2524 1052 2561 victu
1071 2524 1171 2560 anuis
1190 2527 1212 2562 6
1230 2525 1426 2560 moderatus
1455 2530 1520 2561 est.
1569 2525 1623 2561 Ad
1644 2525 1741 2560 Cau-

254 2579 369 2606 casum
395 2569 594 2650 profectus,
617 2570 791 2607 Barbaros
820 2570 865 2605 ad
891 2571 1055 2607 Maeotim
1084 2573 1242 2619 paludem
1268 2572 1400 2619 positos
1422 2572 1600 2619 profligat.
1647 2573 1741 2607 Hinc

251 2627 376 2654 versus
417 2616 501 2652 ndos
527 2615 706 2665 digressus
733 2616 890 2652 nationes
906 2618 1029 2656 Indiae
1059 2626 1202 2657 cunctas
1220 2620 1265 2654 ad
1283 2621 1443 2666 Gangem
1469 2631 1577 2667 usque
1599 2619 1742 2655 fluvium

254 2667 414 2709 superat,
440 2662 595 2710 Indoque
613 2663 724 2698 fluvio
752 2664 901 2710 navigiis
928 2666 1097 2709 traiecto,
1127 2667 1172 2702 ad
1192 2666 1347 2702 Indicum
1367 2679 1460 2702 mare
1486 2666 1661 2710 deflectit3
1687 2672 1741 2701 at-

254 2721 324 2755 que
340 2709 392 2746 ita
408 2710 444 2748 iu
455 2709 629 2758 Assyriam
646 2710 854 2761 Babylonem
872 2713 1073 2756 revertitur,
1096 2713 1240 2761 Europa
1260 2717 1296 2749 et
1311 2714 1396 2748 Asia
1413 2713 1557 2760 imperio
1578 2726 1639 2749 suo
1659 2714 1743 2748 sub-

256 2756 354 2792 actis.
400 2757 455 2792 lbi
481 2757 700 2804 aegritudine
729 2762 911 2804 correptus
935 2759 1010 2798 vita
1037 2761 1214 2807 fungitur,
1238 2761 1408 2807 brevique
1426 2765 1507 2807 post
1531 2761 1644 2807 spatio
1659 2761 1742 2796 Ale-

256 2803 434 2842 xandriam
452 2804 669 2852 sepeliendus
686 2804 849 2848 effertur,
873 2817 973 2862 quam
990 2808 1108 2843 urbem
1129 2812 1230 2855 parta
1247 2807 1291 2843 ad
1311 2807 1422 2845 Issum
1443 2808 1594 2843 victoria
1621 2807 1743 2843 condi-

256 2849 327 2892 dit,
354 2862 431 2886 cum
449 2851 568 2899 Tyro,
594 2851 746 2899 Gazaet
762 2852 964 2888 civitanbus
982 2854 1139 2901 reliquis,
1163 2855 1303 2902 dempta
1319 2855 1635 2900 Hierosolymorum
1658 2855 1744 2890 urbe

257 2901 404 2947 Propter
420 2910 559 2938 causam
579 2899 617 2934 in
633 2899 859 2947 sequentibus
882 2901 1138 2947 exponendam,
1161 2903 1226 2938 sub
1245 2905 1452 2948 potestatem
1471 2902 1605 2946 missis,
1628 2914 1649 2939 e
1671 2902 1742 2938 Pa-
