1800 3236
174 177 279 227 422
656 184 908 231 GEORGII
939 185 1226 232 SYNCELLI

138 299 371 354 Βτελευτῆς
380 294 776 356 Ναβουχοδονόσωρ
794 297 860 341 ἐπὶ
872 296 948 353 τὴν
966 297 1127 341 τελείαν
1147 295 1373 354 οῗκοὸομὴν
1393 300 1471 341 τοῦ
1483 300 1587 341 ναοῦ
1613 299 1683 341 καὶ

175 367 276 419 τοὺς
301 367 623 426 χρηματισμοὺς
651 368 870 425 Ζαχαρίου
888 371 966 411 τοῦ
995 365 1216 425 προφήτου
1244 365 1369 410 πάλιν
1401 365 1438 411 ο’
1459 366 1531 424 ἵτη
1553 384 1684 411 συνα-

178 442 394 497 ριθμεῖται
415 436 549 489 οὕτως
562 451 572 462 ·
609 437 792 481 Εὖειλάδ
810 437 1030 495 Μαροὸὰχ
1049 436 1120 494 ἔτη
1141 436 1186 482 ε’.
1212 435 1522 496 Νιριγλῆσαρος
1539 436 1609 494 ε’τη
1629 435 1681 495 γ’.

177 509 361 566 Δαρεῖος
383 506 613 565 Ἀστυάγης
640 507 710 564 ἔτη
742 504 806 562 ιζ.
844 509 992 566 Κῦρος
1008 505 1088 553 λα’.
1129 506 1368 565 Καμβύσης
1403 506 1458 565 η’.
1500 509 1686 566 Δαρεῖος

172 575 417 622 ’Υστάσπου
446 575 495 629 ς’.
533 575 755 634 ἐτελειώθη
787 575 894 634 ὁμοῦ
924 575 974 622 0¹.
1021 578 1067 621 ἐκ
1098 576 1256 635 ταύτης
1284 582 1362 636 τῆς
1394 580 1715 635 αἰχμαλωσιάςὸ

176 643 229 706 ἦν
259 648 426 704 Δανιὴλ
447 646 537 704 ἅμα
555 654 644 700 τοῖς
675 647 752 692 σὺν
780 647 895 709 αὐτῷ
914 647 1106 709 Ἀνανίᾳ,
1137 648 1334 710 Ἀζαρία,
1371 647 1562 706 Μιζαήλ.
1610 643 1686 692 οὗ·

177 735 252 769 τος
280 716 302 763 ὃ
326 718 493 775 Δανιὴλ
519 719 763 770 παιδευθεὶς
793 718 871 776 τὴν
890 719 1081 762 παιδείαν
1103 716 1326 777 εὐάρεστος
1346 719 1500 777 ἐγένετο
1522 723 1582 778 τῷ
1600 724 1686 777 ῥζα-

179 787 708 847 σιλεΐΝαβουχοδονόσωρ.
746 793 883 833 ταῦτα
903 787 1274 847 καὶὸἈφρικανὸς
1286 793 1530 847 μαρτυρῶν,
1555 788 1618 833 ὅτι
1642 790 1687 832 ἐκ

178 863 256 916 τῆς
280 856 323 915 β’
343 860 633 915 αῗχμαλωσίας
656 857 799 903 Ἰούδα
819 854 894 916 ἦν,
934 857 957 903 ὅ
985 877 1029 903 τε
1048 860 1216 917 Δανιὴλ
1237 861 1305 904 καὶ
1338 860 1377 904 οἱ
1397 866 1508 918 τρεῖς
1528 861 1686 910 παῖδες.

177 927 443 988 Πανόὸωρος
473 930 519 973 δὲ
547 931 616 974 καὶ
636 929 767 988 ἕτεροι
785 933 870 974 τῶν
890 929 1112 989 ἱστορικῶν
1134 931 1178 974 ἐκ
1200 934 1278 988 τῆς
1298 931 1341 974 ἓν
1364 931 1586 993 Σαμαρείᾳ
1604 928 1687 973 ὑπὸ
1701 939 1746 973 10

142 999 473 1057 ΟΣαλμανασάρ
495 1001 797 1056 αἶχμαλωσίας.

220 1073 312 1114 Τοῦ
345 1068 486 1114 Ἰούδα
517 1067 554 1114 κ’
587 1071 827 1127 ἐβασίλευσε
858 1070 1054 1122 Σεδεκίας
1076 1068 1147 1128 ἔτη
1179 1066 1250 1114 ια’.
1287 1073 1364 1114 τοῦ
1388 1069 1435 1114 δὲ
1454 1066 1615 1126 κόσμου
1637 1064 1691 1127 ἧν
1760 1124 1763 1129 s

319 1138 411 1192 ἴτος
434 1137 589 1202 ‘scobs-2

281 1209 532 1269 Ἀφρικανὸς
562 1209 644 1255 ἀπὸ
673 1213 749 1255 τοῦ
781 1206 822 1254 α’
841 1208 961 1262 ἔτους
982 1209 1176 1254 Σεδεκίου
1200 1208 1254 1254 τὰ
1275 1206 1311 1254 ο’
1331 1207 1403 1267 ἔτη
1435 1214 1512 1268 τῆς
1535 1211 1691 1268 αι’χμα-

183 1281 340 1332 λωσίας
359 1281 546 1339 ἀριθμεῖ.
1702 1290 1749 1328 15

291 1355 366 1410 Τῷ
395 1349 426 1395 ε’
447 1350 525 1395 ἔτει
546 1350 767 1404 Σεδεκιόυ,
805 1347 966 1406 κόσμου
993 1350 1040 1394 δὲ
1060 1346 1188 1411 “59²³'’
1224 1348 1383 1408 ἤρξατο
1415 1347 1692 1409 προφητεύειν

185 1419 208 1466 ὅ
241 1421 370 1478 μέγας
396 1418 618 1479 προφήτης
645 1417 844 1477 ’Ῑεζεκιήλ.
888 1425 948 1480 τῷ
978 1420 1020 1464 ‹5’
1056 1419 1172 1479 αὐτῷ
1205 1418 1282 1463 ἔτει
1306 1424 1382 1476 τῆς
1405 1422 1694 1476 αἰχμαλωσίας

178 1492 369 1546 Ἶωακεὶμ
394 1492 591 1542 Σεδεκίας
622 1498 712 1542 τοῖς
741 1491 783 1534 ἐν
813 1493 1042 1546 Βαβυλῶνι
1076 1488 1357 1547 αἰχμαλώτοις
1385 1489 1592 1547 ἐδήλωσεν
1629 1489 1694 1535 ὅτι

149 1567 182 1602 D
190 1561 297 1618 μετὰ
327 1559 362 1605 ο’
394 1560 466 1619 ἴτη
486 1559 779 1616 ἀναζεύξουσιν
797 1561 843 1606 ἐκ
865 1564 1125 1618 Βαβυλῶνος
1146 1561 1254 1605 κατὰ
1275 1561 1352 1618 τὴν
1370 1559 1566 1621 Ἱερεμίου
1586 1579 1693 1621 προ-

186 1633 377 1691 φητείαν.
1703 1641 1751 1677 20

283 1701 479 1753 Ἀνανίας
527 1699 887 1761 ψευδοπροφήτης
942 1698 1252 1757 ἀνθιστάμενος
1291 1698 1466 1765 Ἱερεμίᾳ
1499 1698 1690 1760 θνήσκει,

187 1771 298 1815 καθ’
325 1771 373 1815 ὃν
390 1769 545 1829 χρόνον
560 1771 748 1829 Ἰεζεκιὴλ
768 1770 1019 1831 προφητεύει
1037 1773 1080 1815 ἓν
1101 1775 1342 1827 Βαβυλῶνι.

290 1842 357 1885 Ἐν
373 1840 648 1900 Ἰερουσαλὴμ
669 1843 853 1900 ἐγένοντο
877 1841 1039 1887 δούλων
1059 1843 1305 1901 ἔλευθερίαι.

282 1941 318 1977 3.
344 1937 718 1988 Εὐιλάδ.Μαρωδοὶχ
739 1941 787 1976 G.
903 1941 967 1990 ἔτη
989 1939 1016 1977 ε’
1040 1941 1083 1976 B.
1109 1940 1173 1988 ἔτη
1193 1953 1259 1976 om.
1279 1941 1333 1976 G.>
1443 1940 1560 1988 Vulgo
1582 1942 1696 1986 Νιρι-

284 1986 487 2034 γλησάρου.
522 1990 774 2034 νιριγλίσαρος
804 1989 846 2024 Β.
981 1987 1016 2026 4.
1064 1988 1178 2036 κύρος
1218 1989 1291 2024 ΑΒ.
1327 1984 1458 2034 Κύρου
1489 1989 1540 2024 G.
1589 1989 1695 2025 Conf-

286 2046 322 2082 p-
342 2036 414 2073 230
431 2035 467 2070 b.
563 2040 621 2073 10.
655 2033 695 2072 ἐκ
713 2037 755 2071 Β.
780 2035 821 2072 ἐν
840 2036 889 2072 G.
985 2035 1042 2073 14.
1068 2033 1098 2073 o‘
1123 2049 1191 2072 om.
1216 2036 1265 2071 G.

192 2114 347 2150 ultimam
362 2116 481 2162 templi
501 2119 702 2153 structurae
716 2129 850 2153 manum
865 2117 1059 2164 impositam
1078 2120 1114 2153 et
1132 2116 1330 2152 Zachariae
1351 2116 1545 2162 prophetae
1563 2115 1697 2152 vatici-

194 2163 252 2198 nia
269 2162 548 2198 intercluduntur
575 2163 681 2206 anni,
717 2165 808 2199 hunc
833 2164 869 2199 in
892 2164 1030 2199 modum
1060 2165 1281 2209 colliguntur.
1338 2163 1470 2198 Evilad
1503 2163 1696 2199 Merodach

195 2208 278 2244 anni
300 2210 323 2247 5
336 2234 346 2251 ,
371 2209 582 2256 Niriglesari
607 2211 687 2245 anni
705 2212 750 2254 3,
775 2210 875 2245 Darii
896 2210 1064 2256 Astyagis
1093 2210 1174 2245 anni
1195 2212 1237 2246 17
1250 2235 1261 2252 ‚
1287 2210 1375 2256 Cyri
1401 2210 1479 2244 anni
1497 2211 1566 2253 31,
1592 2210 1698 2246 Cam-

197 2257 296 2302 bysis
314 2258 349 2298 8,
364 2255 465 2291 Darii
481 2257 671 2303 Hystaspis
689 2257 754 2292 filii
773 2259 816 2293 6:
835 2269 965 2292 summa
983 2263 1039 2292 est
1051 2259 1108 2294 70.
1159 2257 1378 2303 Captivitate
1393 2256 1464 2292 ista
1475 2257 1601 2292 Daniel
1620 2269 1698 2293 cum

197 2302 303 2338 sociis
331 2303 489 2346 Anania,
521 2305 651 2339 Azaria
677 2308 713 2339 et
737 2304 866 2340 Mizael
893 2304 1063 2339 abductus
1091 2308 1158 2339 est.
1207 2304 1333 2339 Daniel
1357 2305 1448 2339 omni
1473 2305 1697 2340 scientiarum

198 2349 296 2384 cultu
312 2354 498 2385 exornatus
515 2350 611 2395 regis
633 2351 956 2386 Nabuchodonosor
974 2350 1120 2386 animum
1138 2351 1205 2386 sibi
1224 2350 1433 2386 conciliavit.
1482 2352 1583 2387 Haec
1602 2352 1698 2387 Afri-

198 2408 330 2440 canus,
353 2397 505 2432 secunda
518 2397 626 2432 Iudae
650 2397 858 2443 captivitate
876 2398 1057 2432 Danielem
1085 2404 1121 2433 et
1141 2398 1255 2433 socios
1277 2410 1402 2444 pueros
1430 2398 1538 2434 fuisse
1563 2399 1697 2434 delatos

198 2447 368 2486 testatusg
393 2444 598 2479 Pauodorus
631 2449 743 2479 autem
771 2448 808 2479 et
841 2444 900 2479 alii
926 2445 1148 2480 historiarum
1174 2446 1366 2491 scriptores
1386 2446 1567 2482 Samariae
1582 2446 1697 2483 servi-

198 2493 299 2533 tute,
323 2491 423 2526 cuius
442 2494 564 2526 auctor
581 2490 650 2526 fuit
666 2491 909 2534 salmanasar,
933 2492 1153 2538 deportatum
1172 2492 1399 2528 contendunt.

247 2537 340 2573 Iuda
354 2549 418 2573 rex
434 2539 481 2574 20
498 2537 665 2573 Sedecias
686 2541 786 2573 annis
807 2541 872 2580 11,
896 2539 1012 2573 mundi
1032 2551 1117 2574 vero
1134 2539 1240 2576 4896.

295 2586 327 2621 A
348 2584 519 2620 Sedeciae
533 2596 620 2620 anno
638 2585 749 2631 primo
767 2585 985 2631 captivitatis
1002 2586 1221 2622 intervallum
1237 2589 1414 2633 computat
1435 2585 1631 2624 Africanus.

296 2631 431 2673 Quinto
446 2631 615 2667 Sedeciae
634 2644 721 2666 anno
733 2657 745 2674 ‚
770 2632 884 2666 mundi
902 2645 986 2667 vero
1007 2632 1100 2670 4900
1119 2645 1264 2679 magnus
1283 2634 1454 2680 propheta
1474 2633 1614 2669 Ezeciel
1642 2634 1700 2669 fu-

143 2705 153 2714 .
202 2681 358 2714 tutorum
378 2682 523 2715 eventus
539 2678 657 2724 coepit
677 2678 902 2725 praedicere3
928 2679 1116 2726 eodemque
1134 2681 1262 2716 Ioacim
1280 2680 1497 2727 captivitatis
1528 2693 1616 2716 anno
1631 2682 1699 2716 Se-

203 2725 324 2760 decias
353 2725 504 2772 captivis
521 2725 701 2771 Babylone
728 2726 879 2761 detentis
902 2731 984 2772 post
1015 2738 1124 2762 annos
1146 2730 1193 2764 70
1223 2739 1265 2763 ex
1286 2728 1468 2774 Babylone
1486 2729 1699 2764 revocandos

206 2771 243 2807 in
256 2772 409 2820 patriam
427 2772 533 2815 iuxta
543 2772 740 2808 Hieremiae
757 2772 921 2808 vaticinia
940 2773 1187 2810 manifestavit.

301 2819 454 2854 Ananias
497 2819 777 2866 seudopropheta
792 2820 992 2855 Hieremiae
1009 2821 1230 2857 adversarius
1248 2820 1385 2858 interiit
1409 2832 1452 2857 ea
1476 2823 1700 2870 tempestate,

208 2875 281 2912 qua
300 2865 443 2902 Ezeciel
490 2867 637 2913 abylone
652 2867 858 2914 prophetiae
871 2867 997 2903 lumine
1017 2868 1139 2904 claret.

303 2912 490 2951 servorum
509 2913 790 2951 manumissiones
805 2915 841 2950 in
858 2914 1076 2952 Hierusalem
1091 2916 1216 2952 factae.
