1800 3236
227 134 332 184 474
694 145 946 192 GEORGII
975 145 1261 193 SYNCELLI

229 254 419 313 πατρίοις
438 251 591 301 ἔθεσιν.
629 255 810 301 ἐπέκτισε
834 259 880 302 δὲ
900 258 977 316 τὴν
998 256 1118 303 πόλιν
1138 258 1246 304 κατὰ
1266 256 1418 318 φυλάς.
1454 258 1482 318 ἦ
1504 261 1551 305 δὲ
1573 260 1733 321 ᾠκοδο-

229 323 352 382 μήθη
387 329 560 370 πλατεῖα
594 329 662 370 καὶ
696 329 922 384 περίτειχος
953 329 1061 372 κατὰ
1093 329 1170 387 τὴν
1197 328 1431 388 πρόρρησιν
1459 332 1626 389 Δανιὴλ
1655 338 1731 377 τοῦ

196 393 479 454 Οπροφήτου,
520 398 690 456 εἶκοστῷ
720 397 799 440 ἔτει
826 398 1102 457 Ἀρταξέρξου
1130 404 1207 444 τοῦ
1227 398 1527 460 ΖΙἸακρόχειρος
1547 401 1730 459 ἀρξαμέ-

229 483 305 510 νου
334 471 409 510 τοῦ
448 465 568 524 ἴργου
604 469 673 510 καὶ
701 469 995 521 τελειωθέντος
1038 470 1148 513 κατὰ
1176 470 1224 514 τὸ
1258 468 1325 526 λβ’
1357 471 1449 523 ἔτος
1481 472 1634 527 αὐτοῦ,
1675 472 1732 525 ὡς

229 536 391 594 ἱστορεῖ
404 534 430 592 ἦ
441 540 515 579 τοῦ
524 535 685 594 Ἔσδρα
703 538 846 596 γραφὴ
859 539 923 583 ἐπὶ
938 539 1160 598 ἀρχιερέως
1174 539 1320 584 Ἰωδαέ
1331 541 1426 585 υἱοῦ
1443 541 1577 597 Ἰασίβ
1590 557 1600 567 ·
1620 544 1727 600 μετὰ
1737 548 1760 584 5

230 607 277 650 δὲ
307 606 380 650 τὸν
397 606 539 650 Ἰωδαὲ
557 605 752 665 Ἰωάννης
772 606 793 652 ὃ
816 609 907 660 υἱὸς
929 609 1062 654 αὐτοῦ
1085 608 1399 669 ἆρχιεράτευσεν
1423 611 1495 669 ἔτη
1510 647 1520 657 .
1540 647 1550 657 .
1571 648 1581 658 .
1599 648 1609 658 .
1625 614 1732 669 μετὰ

229 678 276 720 δὲ
300 676 373 720 τὸν
401 674 598 733 Ἰωάννην
619 676 642 722 ὃ
665 678 774 723 κατὰ
797 678 1073 740 Ἀλέξανδρον
1093 678 1312 739 γενόμενος
1329 680 1504 742 ὕστερον
1527 683 1602 728 τὸν
1621 688 1731 728 Μα-

229 744 379 791 κεδόνα
400 745 602 799 Ἰασδούς.

323 827 431 880 Ἕως
460 829 557 891 μὲν.
579 824 654 873 οὖν
676 829 838 890 ’Ἐσδρα
868 832 938 876 καὶ
970 831 1152 888 Νεεμίου
1180 832 1226 876 αἱ
1256 830 1489 878 ἔνδιάθετοι
1512 832 1729 894 Ἕβραῖκαὶ

226 901 389 958 γραφαὶ
420 898 762 957 ε’κκλησιάιζεσθαι
794 900 1099 961 παρεδόθησαν
1133 900 1218 947 ὗπό
1252 907 1338 948 τῶν
1368 907 1587 964 μακαρίων
1621 907 1728 951 ἄπο·
1741 919 1788 954 10

228 969 392 1014 στόλων
414 972 482 1014 καὶ
500 976 711 1027 μαθητῶν
732 976 808 1015 τοῦ
828 975 973 1031 κυρίου
993 975 1062 1016 καὶ
1080 978 1186 1017 θεοῦ
1210 975 1277 1017 καὶ
1300 979 1491 1033 σωτῆρος
1509 974 1629 1032 ’ἡμῶν
1646 977 1729 1035 Ἰη-
1773 974 1775 976 ’

228 1045 305 1084 σοῦ
333 1043 525 1098 Χριστοῦ
557 1043 625 1084 καὶ
657 1046 742 1085 τῶν
775 1040 900 1099 ἁγίων
920 1043 1112 1100 πατέρων
1132 1046 1200 1087 καὶ
1221 1043 1485 1089 διδασκάλων
1504 1045 1635 1102 ἡμῶν.
1674 1049 1728 1092 τὰ

228 1111 274 1154 δὲ
301 1111 407 1166 μετὰ
426 1115 561 1154 ταῦτα
584 1110 808 1167 συμβάντα
831 1112 857 1170 ἢ
882 1114 1128 1172 πραχθέντα
1150 1114 1226 1165 ἕως
1243 1119 1319 1171 τῆς
1338 1117 1460 1166 θειάς
1479 1116 1728 1174 σαρκώσεως

187 1181 317 1232 Βτοῖς
343 1181 563 1232 Ἰουδαίοις
588 1179 822 1238 Ἰιῦσηππος
872 1185 915 1227 ἐν
949 1190 1037 1235 τοῖς
1068 1186 1398 1240 Μακκαβαϊκοῖς
1438 1186 1606 1246 ἶστορεῖ.
1657 1190 1727 1232 καὶ

220 1251 471 1311 ,Ἀφρικανὸς
488 1251 585 1308 μετ’
609 1252 737 1296 αὐτὸν
757 1253 800 1296 ἒν
820 1251 1018 1314 ἒπιτόμῳ.
1738 1267 1782 1304 15

336 1333 428 1384 Τὰς
443 1333 583 1388 με’ντοι
595 1331 631 1377 0'
648 1332 889 1390 ἑβδομάδας
904 1335 1021 1395 παρὰ
1039 1339 1100 1397 τῷ
1116 1336 1282 1394 Δανιὴλ
1300 1335 1377 1389 ἕως
1393 1339 1585 1396 Χριστοῦ
1598 1337 1724 1396 ἤγου-

226 1403 353 1460 μὲνου
393 1403 586 1447 ἐντεῦθεν
622 1404 903 1462 ἀριθμεῖσθαι
943 1408 1011 1450 δεῖ
1037 1407 1144 1451 κατὰ
1175 1407 1247 1451 τὸν
1270 1407 1521 1466 Ἀφρικανὸν
1547 1409 1616 1466 ἔτη
1645 1408 1720 1468 vb'.

227 1473 432 1529 Εὐσέβιος
463 1474 509 1517 δὲ
536 1472 557 1518 ὅ
587 1474 827 1533 Καισαρεύς
858 1493 985 1535 φησιν
1020 1475 1083 1521 ὅτι
1114 1477 1156 1521 εἶ’
1175 1495 1237 1529 τις
1259 1479 1454 1522 ἐντεῦθεν
1475 1477 1723 1537 ἆριθμήσειε

227 1544 283 1588 τὰ
302 1543 417 1602 παρὰ
438 1548 497 1604 τῷ
515 1545 681 1602 Δανιὴλ
703 1544 740 1590 o'
765 1544 1020 1602 ἑβδομάδας,
1059 1547 1110 1596 αἳ
1122 1549 1304 1605 γίνονται
1326 1547 1396 1605 ἔτη
1414 1545 1498 1604 υ5’,
1536 1549 1647 1609 εῧροι
1672 1550 1723 1593 ἂν

228 1614 362 1666 αὐτὰς
391 1615 458 1658 ἐπὶ
484 1614 664 1674 Νέρωνα
691 1614 906 1673 Ῥωμαίων
932 1616 1224 1677 αὐτοκράτορα
1249 1619 1574 1678 περαιουμὲνας,
1613 1620 1779 1665 καθ’20

319 1740 353 1775 1.
377 1737 553 1785 πατρίοις
570 1739 614 1774 Β.
636 1736 827 1788 πατρῴοις
849 1740 897 1775 G,
1013 1738 1164 1777 ἔθνεσιν
1186 1741 1230 1778 Β.
1345 1741 1585 1790 οἰκοδομήθη
1608 1743 1650 1778 Β.

317 1787 352 1822 3.
378 1783 587 1831 ἀρχομένου
608 1786 655 1821 G.
773 1786 807 1823 4.
842 1784 910 1832 ὥς]
947 1785 999 1829 ὥς
1019 1789 1060 1824 δὲ
1083 1788 1132 1823 G.
1266 1788 1299 1824 5.
1335 1790 1440 1837 ἰασίβ
1459 1790 1500 1826 Β.
1529 1789 1650 1837 Ιοισὴμ
1675 1791 1723 1826 G.

311 1831 483 1878 Ἐλιοισὶβ
500 1846 544 1868 m.
569 1834 682 1869 Iasebi
701 1834 876 1869 Eusebius
902 1847 937 1881 p.
959 1834 1041 1872 340.
1159 1835 1193 1870 6.
1225 1834 1364 1871 Puncta
1383 1849 1448 1872 om.
1472 1839 1524 1880 A,
1548 1839 1653 1872 habet
1679 1838 1721 1874 B.

316 1878 372 1928 253'
399 1880 499 1915 addit
522 1893 567 1916 m.
660 1884 696 1919 8.
722 1881 884 1923 ἰασδούς
904 1883 946 1916 Β.
972 1883 1133 1926 ἰασδοῦς
1155 1885 1199 1919 Α.
1225 1884 1390 1925 Ιαδδοῦς
1412 1896 1456 1919 m.
1482 1886 1616 1920 Iaddus
1647 1885 1722 1919 Eu-

319 1927 437 1963 sebius
460 1940 495 1974 p.
519 1926 602 1966 340.
739 1931 774 1967 9.
807 1924 893 1974 οὖν]
919 1925 992 1965 ὦδε
1016 1942 1060 1964 m.
1202 1930 1258 1965 14.
1292 1927 1313 1967 ὃ
1342 1929 1542 1979 Ιιόσηππος
1567 1933 1616 1967 G.

316 1973 496 2068 ἑξνέιεέ]
521 1974 591 2023 μὲν
615 1977 664 2012 G.
789 1979 847 2016 19.
880 1975 923 2014 αἳ
945 1976 1067 2013 addidi
1087 1989 1133 2014 ex
1157 1977 1325 2014 Eusebio.
1451 1980 1510 2016 20.
1541 1977 1720 2025 περαιού-

227 2128 363 2162 stanter
389 2127 651 2165 commendavit.
697 2128 853 2175 Singulis
873 2129 1036 2165 tribubus
1061 2128 1225 2176 regiones
1241 2127 1338 2165 urbis
1356 2128 1509 2175 singulas
1531 2130 1721 2166 aedifican-

228 2173 293 2208 das
312 2174 501 2211 distribuit.
547 2176 615 2211 Illa
632 2177 743 2223 amplo
763 2177 895 2212 ambitu
913 2177 1107 2223 validisque
1125 2177 1302 2212 moenibus
1313 2202 1325 2219 ‚
1350 2187 1458 2222 opere
1476 2177 1574 2211 iuxta
1591 2178 1721 2212 Danie-

229 2220 274 2255 lis
291 2222 467 2256 oraculum
491 2235 579 2258 anno
601 2224 806 2258 Artaxerxis
826 2224 1029 2270 Longimani
1050 2223 1212 2259 vicesimo
1237 2222 1376 2268 incepto
1400 2226 1437 2257 et
1457 2223 1607 2258 eiusdem
1630 2237 1720 2260 anno

229 2269 383 2303 secundo
401 2280 506 2315 supra
520 2270 729 2305 tricesimum
744 2272 900 2316 perfecto
916 2270 1125 2313 exstruitur3
1149 2270 1166 2304 I
1169 2270 1254 2304 odae
1269 2269 1341 2304 filio
1355 2269 1505 2312 Eliasib,
1527 2277 1566 2305 ut
1583 2271 1721 2307 Esdrae

229 2314 363 2361 scripta
379 2320 574 2359 testantur,
598 2318 836 2363 pontificatum
852 2322 1007 2363 gerente.
1054 2317 1166 2351 Porro
1185 2321 1267 2362 post
1284 2316 1391 2351 Iodae
1409 2317 1499 2352 filius
1519 2318 1593 2352 eius
1616 2319 1720 2353 Ioan-

229 2373 293 2397 nes
313 2362 486 2408 pontificis
502 2369 649 2409 accepta
666 2364 840 2409 dignitate
858 2376 928 2399 rem
946 2363 1119 2410 publicam
1135 2363 1388 2399 administravit
1407 2364 1505 2399 annis
1523 2366 1590 2408 32,
1615 2377 1719 2412 quem

230 2409 388 2455 excepit,
415 2410 477 2455 qui
495 2410 613 2445 ultimo
631 2410 823 2445 Alexandri
841 2411 1043 2446 Macedonis
1062 2417 1218 2457 tempore
1236 2411 1324 2445 vixit
1343 2411 1486 2447 Iaddus.

324 2456 461 2491 Esdrae
479 2457 616 2503 quidem
633 2469 674 2492 ac
691 2457 859 2492 Neerniae
878 2457 1009 2505 scripta
1024 2458 1201 2493 Hebraica
1217 2458 1369 2493 dictione
1387 2458 1578 2504 composita
1596 2469 1616 2493 a
1633 2459 1717 2493 bea-

227 2502 277 2538 tis
297 2503 464 2549 apostolis
487 2515 529 2538 ac
558 2503 738 2550 discipulis
766 2504 894 2539 domini
922 2510 959 2540 et
986 2505 1043 2539 dei
1074 2510 1110 2540 et
1133 2505 1318 2540 salvatoris
1345 2505 1456 2539 nostri
1475 2506 1555 2540 Iesu
1585 2505 1718 2540 Christi

227 2554 266 2585 et
284 2561 306 2584 a
323 2550 452 2594 sanctis
476 2550 635 2596 patribus
657 2557 694 2586 et
711 2551 911 2586 doctoribus
937 2552 1065 2587 nostris
1088 2553 1123 2587 in
1148 2552 1319 2587 ecclesiae
1346 2556 1446 2587 coetu
1466 2552 1604 2598 publice
1624 2553 1717 2587 reci-

226 2597 334 2632 tanda
364 2597 652 2633 commendantur.
701 2598 802 2640 Quae
829 2610 915 2633 vero
953 2599 1176 2646 contigerunt
1199 2599 1364 2646 deinceps
1400 2599 1456 2634 vel
1489 2599 1534 2633 ad
1565 2599 1717 2634 divinum

227 2656 339 2691 usque
357 2644 491 2680 Christi
515 2644 663 2680 natalem
686 2644 777 2679 diem
798 2645 936 2680 Iudaeis
964 2651 1043 2681 acta
1075 2651 1157 2681 sunt
1185 2646 1354 2692 Iosephus
1374 2645 1411 2680 in
1430 2645 1718 2682 Maccahaeorum

227 2691 384 2726 historiis
400 2696 437 2728 et
454 2692 640 2727 Africanus
657 2704 732 2727 eum
752 2696 918 2738 sequutus
938 2693 1180 2739 compendiose
1199 2697 1370 2729 recenset.

322 2739 556 2785 Septuaginta
586 2750 668 2774 sane
696 2739 927 2775 hebdomades
955 2741 1000 2775 ad
1030 2740 1207 2775 Christum
1234 2752 1347 2786 usque
1373 2738 1493 2774 ducem
1527 2751 1597 2774 una
1626 2739 1718 2776 serie

229 2785 482 2821 continuandas
502 2786 634 2821 numeri
655 2786 860 2833 principium
888 2787 968 2822 hinc
990 2799 1125 2822 sumere
1148 2799 1291 2822 necesse
1317 2791 1394 2829 est3
1429 2791 1466 2821 et
1492 2798 1537 2821 ex
1561 2786 1716 2822 Africani

230 2832 370 2877 quidem
396 2833 538 2868 calculis
559 2844 666 2868 annos
684 2832 755 2870 490
778 2838 1006 2879 componunt3
1032 2835 1082 2869 ait
1099 2846 1183 2870 vero
1204 2833 1400 2869 Eusebium
1435 2833 1466 2869 si
1485 2834 1564 2879 quis
1590 2834 1633 2868 ab
1651 2835 1717 2868 hoc

230 2883 388 2928 tempore
411 2882 460 2918 70
480 2880 714 2917 hebdomadas
738 2892 760 2917 a
781 2880 928 2918 Daniele
950 2881 1100 2929 scriptas
1125 2884 1302 2925 numeret,
1335 2892 1427 2929 quae
1450 2881 1587 2917 faciunt
1606 2893 1716 2916 annos
