1800 3236
561 193 1092 240 CHRONOGRAPHIA.
1442 202 1446 203 ⁷
1471 191 1571 241 641

26 342 32 349 .
75 322 146 361 ται
154 302 182 360 ,’
210 302 275 349 ὅτι
302 303 465 362 Ἰησοῦς
498 302 522 349 ὅ
553 302 744 365 Χριστός
769 305 871 349 ε’στι.
911 305 982 349 καὶ
1000 304 1132 356 εὐθὺς
1157 303 1470 361 Οὖεσπασιανὸς
1490 327 1573 355 πο·

75 379 234 434 λιορκεΐ
261 372 431 426 αὗτοῦς.
458 379 607 419 ταῦτα
637 376 715 432 μὲν
738 373 1002 434 Ἡγήσιππος
1027 381 1112 419 τῶν
1135 379 1212 419 τοῦ
1234 377 1343 420 καθ’
1367 376 1478 434 ἢμᾶς
1496 379 1572 438 ὄρ-

73 450 163 489 θοῦ
206 443 333 504 λόγου
372 442 613 497 ἀξιόπιστος
645 445 910 505 συγγραφεὺς
937 445 1082 505 ὀρθῶς
1109 446 1288 503 ἱστορεῖ,
1329 441 1364 506 ᾧ
1390 450 1457 490 καὶ
1479 447 1571 493 Ἰώ-

76 532 242 573 σηππος
259 514 337 560 οὒκ
353 513 576 577 ἀπᾴδοντα
596 524 820 576 συμφωνεῖ
830 514 1004 575 γράφων
1021 514 1182 573 ταύτην
1194 516 1390 574 γενέσθαι
1406 517 1483 574 τὴν
1503 521 1571 561 αἲ-

45 586 171 631 5τίαν
191 590 271 644 τῆς
289 585 399 630 κατὰ
420 585 740 632 Οὐεσπασιανὸν
760 585 957 638 ἁλώσεως
972 586 1199 631 Ἰουδαίων.

476 695 728 757 Ἰωσήππου
756 698 862 756 περὶ
888 701 980 744 τῶν
1014 696 1179 744 αὐτῶν.

179 787 334 828 Ταῦτα
354 785 402 829 δὲ
416 785 679 842 συμβέβηκεν
696 786 915 836 Ἰουδαίοις
934 785 1032 829 κατ’
1054 786 1261 841 ἐκδίκησιν
1272 782 1476 841 Ἰακώβου
1493 790 1613 835 τοῢΒ

72 854 235 899 δικαίου
248 887 263 910 ,
302 853 350 906 ὃς
380 851 434 913 ἦν
451 855 635 914 ἀδελφὸς
652 855 792 912 Ἰησοῦ
812 859 889 899 τοῦ
907 855 1128 912 λεγομένου
1150 859 1343 913 Χριστοῦ
1356 888 1370 908 ,
1408 854 1574 913 ἐπειδή-

70 942 149 982 περ
178 922 446 970 δικαιότατον
471 925 601 970 αὐτὸν
634 925 737 970 ὄντα
750 925 948 969 Ἰουδαῖοι
971 925 1225 969 ἀπέκτειναν.
1265 922 1289 969 ὃ
1312 926 1359 969 δὲ
1375 923 1574 984 νεώτερος

15 994 266 1049 ΙοἌνανος,
306 993 354 1039 ὃν
385 995 465 1053 τὴν
494 993 805 1054 ἀρχιερωσύνην
837 995 1004 1050 εἷ’πομεν
1042 994 1365 1053 παρειληφέναι,
1401 997 1572 1054 θρασὺς
1593 1007 1639 1045 V.
1656 1009 1729 1047 2⁴70

69 1061 123 1122 ἦν
162 1065 239 1110 τὸν
270 1062 430 1124 τρόπον
469 1067 540 1110 καὶ
582 1065 797 1122 τολμητὴς
826 1063 1124 1124 διαφερόντως.
1175 1067 1334 1123 αἵρεσιν
1365 1066 1411 1108 δὲ
1432 1064 1573 1125 μετῄει

69 1135 150 1192 τὴν
179 1136 509 1190 Σαδδουκαίων,
546 1137 664 1194 οἵπερ
695 1138 772 1180 εἶσὶ
801 1137 894 1193 περὶ
924 1135 1001 1186 τὰς
1023 1138 1175 1194 κρίσεις
1199 1134 1307 1190 ὠμοὶ
1333 1135 1451 1194 παρὰ
1467 1135 1577 1180 πάν-

70 1223 149 1258 τας
181 1205 280 1257 τοῧς
295 1205 552 1261 Ἰουδαίους,
591 1206 741 1257 καθὼς
761 1205 843 1263 ἤδη
862 1203 1177 1262 δεδηλώκαμεν·
1213 1204 1288 1249 ἅτε
1309 1204 1362 1262 δὴ
1386 1210 1576 1258 τοιοῦτος

70 1275 131 1320 ὢν
158 1273 181 1321 ὅ
202 1275 380 1328 ’Άνανος
407 1278 586 1333 νομίσας
605 1276 709 1333 ἔχειν
736 1275 881 1334 καιρὸν
911 1274 1166 1333 ἐπιτήδειον,
1206 1274 1277 1319 διὰ
1301 1275 1351 1319 τὸ
1371 1273 1575 1321 τεθνάναι

14 1347 147 1403 15μέν
177 1350 376 1404 Φῆστον,
406 1346 599 1403 Ἀλβῖνον
627 1347 673 1390 δὲ
703 1345 762 1390 ἔτι
793 1346 902 1390 κατὰ
934 1346 1011 1403 τὴν
1032 1345 1132 1390 &sav
1147 1343 1375 1403 ὑπάρχειν,
1411 1347 1575 1400 καθίζει

70 1416 288 1474 συνέδριον
325 1421 479 1475 κριτῶν
510 1419 579 1460 καὶ
607 1416 865 1475 παραγαγών
895 1418 952 1467 εἷς
984 1415 1088 1460 αὐτὸ
1119 1415 1195 1460 τὸν
1226 1414 1409 1473 ἀδελφὸν
1432 1415 1573 1472 Ἰησοῦ

68 1491 147 1532 τοῦ
184 1491 379 1545 Χριστοῦ
413 1484 654 1545 λεγόμενον,
688 1485 889 1542 Ἰάκωβος
917 1485 1051 1541 ὄνομα
1079 1485 1221 1546 αὐτῷ,
1259 1487 1328 1528 καὶ
1350 1484 1468 1536 τινὰς
1485 1483 1574 1529 ἑτέ-

70 1574 198 1615 ρους,
237 1556 296 1609 ὥς
326 1557 437 1601 κατὰ
459 1554 851 1615 παρανομησάντων
871 1558 1123 1613 κατηγορίαν
1146 1552 1447 1611 ποιησάμενος,
1485 1573 1571 1599 πα-

71 1628 280 1687 ραδέδωκε
299 1626 764 1684 καταλευσθησόμενον.
802 1625 894 1671 ὅσοι
914 1627 960 1670 δὲ
977 1624 1149 1670 ἐδόκουν
1170 1624 1461 1669 ἐπιεικέστατοι
1480 1629 1609 1670 τῶνῦ

12 1698 183 1748 Ξοκατὰ
212 1698 291 1755 τὴν
325 1696 447 1742 πόλιν
478 1696 581 1742 εἶναι
608 1699 678 1741 καὶ
702 1696 758 1740 τὰ
792 1698 886 1754 περὶ
915 1695 1015 1746 τούς
1032 1693 1186 1751 νόμους
1208 1695 1390 1751 ἀκριβεῖς
1405 1694 1573 1752 βαρέως

70 1768 247 1826 ἤνεγκαν
274 1770 341 1812 ἐπὶ
368 1766 530 1829 τούτῳ,
568 1769 639 1811 καὶ
668 1767 879 1823 πέμπουσι
904 1765 1011 1825 πρὸς
1031 1765 1106 1810 τὸν
1127 1765 1306 1822 βασιλέα
1328 1768 1468 1823 κρυφῆ
1486 1783 1571 1808 πα-

162 1869 200 1906 5.
233 1868 311 1905 τῶν
329 1867 518 1904 Ιουδαίων
538 1868 587 1902 G.
715 1868 751 1904 6.
781 1861 1014 1911 Ἰωσήππου]
1046 1864 1167 1911 Antiq.
1185 1862 1275 1906 XX,
1296 1865 1334 1900 9.
1457 1862 1495 1898 7.
1528 1859 1573 1898 δὲ

164 1915 248 1954 add.
269 1917 314 1951 B.
429 1916 462 1951 8.
487 1911 687 1961 ἐπειδήπερ
703 1913 747 1950 Β.
773 1912 902 1961 ἐπειδή
922 1909 995 1960 γὰρ
1012 1912 1060 1946 G.
1177 1912 1235 1946 12.
1268 1909 1339 1956 τήν
1357 1909 1399 1944 Δ.
1423 1910 1500 1945 ταῖν
1522 1910 1571 1944 G.

235 1962 293 2002 14.
318 1957 372 1997 ὢν
391 1974 457 1997 om.
476 1963 525 1997 G.
621 1962 678 1997 15.
702 1961 840 2007 φίστον
854 1961 898 1998 Β.
993 1960 1049 1996 17.
1072 1956 1222 2004 ἑτέρους
1240 1957 1313 1992 ΒΡ.
1339 1956 1511 2003 ἑταίρους
1521 1957 1571 1991 G.

237 2012 296 2048 19.
318 2007 746 2056 καταλευσθησομένους
765 2020 812 2044 m.
905 2009 967 2045 21.
989 2003 1129 2055 τούτῳ]
1154 2003 1302 2041 τούτων
1322 2004 1371 2039 G.

70 2090 179 2128 Haud
206 2091 314 2127 multo
345 2102 431 2127 vero
457 2095 540 2138 post
568 2096 725 2136 tempore
754 2088 967 2124 obsidionem
994 2087 1033 2122 in
1063 2098 1123 2122 eos
1148 2084 1386 2132 Vespasianus
1406 2087 1570 2131 apparat.

70 2139 170 2175 Haec
187 2138 287 2173 nobis
308 2138 534 2184 Hegesippus
551 2138 779 2173 sinceriorum
793 2135 1013 2171 historiarum
1026 2138 1221 2174 nostrarum
1242 2132 1314 2167 fide
1335 2131 1463 2178 dignus
1480 2130 1571 2166 scri-

70 2190 153 2233 ptor
168 2187 250 2221 fuco
266 2199 315 2234 .‘.¹
378 2185 390 2211 ¹
414 2190 579 2220 testatum
598 2184 762 2231 reliquit,
786 2182 842 2220 cui
860 2194 929 2217 non
956 2182 1088 2216 absona
1116 2179 1269 2214 concinit
1284 2178 1454 2224 Iosephus
1478 2177 1569 2212 scri-

69 2234 158 2269 bens
172 2259 185 2276 ‚
217 2233 234 2268 l
280 2229 368 2261 '²3¹³
394 2233 547 2269 'aeorum
574 2230 789 2280 captivitatis
819 2242 842 2266 a
869 2228 1060 2276 Vespasian'
1062 2239 1083 2263 ο
1110 2227 1230 2263 illatae
1257 2226 1475 2262 occasionem
1504 2236 1568 2260 ex-

69 2280 100 2315 fi
117 2280 127 2288 .
346 2288 357 2299 ,,

590 2339 787 2394 Iosephus
817 2338 867 2378 de
891 2336 1049 2378 iisdem.

167 2407 208 2442 In
224 2407 343 2443 Iacobi
361 2407 380 2424 ⁷
405 2406 472 2451 sti,
496 2406 556 2454 qui
574 2407 643 2442 suit
658 2408 772 2442 frater
790 2406 892 2448 Iesu,
912 2403 1047 2440 Christi
1062 2402 1245 2439 etiamnum
1262 2397 1467 2445 nuncupati,
1489 2396 1567 2431 vin-

70 2454 203 2490 dictam
215 2454 355 2490 ludae1s
368 2467 464 2499 nae?⁵
474 2454 655 2496 accidere3
679 2455 772 2500 quod
790 2465 866 2488 eum
883 2451 1049 2487 videlieet
1066 2450 1192 2486 eximia
1201 2459 1287 2495 prae
1303 2446 1448 2492 reliquis
1464 2444 1567 2478 iusti-

70 2502 125 2537 tia
142 2505 378 2548 praestantem
390 2498 512 2536 Iu‘daei
527 2502 712 2536 inhumane
728 2498 979 2535 interfecerint.
1020 2498 1140 2534 Iunior
1157 2502 1270 2531 autem
1286 2496 1440 2533 Annuus,
1463 2501 1566 2540 quem

71 2548 315 2595 pontificatum
337 2548 513 2583 invasisse
527 2548 755 2590 narravimus,
778 2547 879 2582 ferox
899 2545 1050 2580 moribus
1069 2549 1106 2580 et
1121 2543 1268 2578 audacia
1284 2550 1414 2575 summa
1428 2538 1568 2590 fereba-

70 2600 144 2630 tur.
192 2595 452 2630 Saducaeorum
478 2600 631 2636 sectam,
662 2599 702 2629 ut
731 2593 904 2635 diximus,
937 2602 1023 2639 prae
1047 2591 1249 2626 Iudaeorum
1280 2586 1387 2622 sectis
1410 2583 1566 2637 ⁰¹¹{n¹‚b¹¹⁸

71 2641 280 2677 iudiciorum
307 2647 344 2676 et
367 2641 406 2676 in
437 2641 581 2675 crimina
609 2641 737 2686 rigoris
761 2641 1002 2676 observantem
1015 2665 1026 2681 ‚
1048 2637 1287 2685 profitebatur.
1334 2630 1436 2686 'rapis
1453 2632 1566 2682 lgttur

71 2700 150 2724 cum
170 2692 265 2724 esset
285 2689 425 2723 Ananus
454 2687 665 2722 commodum
693 2693 829 2734 tempus
853 2687 1047 2722 occurrisse
1069 2690 1188 2726 ratus,
1212 2680 1306 2727 quod
1329 2679 1401 2731 luci
1427 2675 1566 2721 quldem

70 2735 202 2770 Festus
218 2742 381 2781 ereptus,
403 2734 550 2769 Albinus
568 2734 681 2770 adhuc
697 2734 826 2769 itinere
849 2733 1068 2768 detineretur
1082 2757 1094 2774 ‚
1118 2728 1297 2765 concilium
1314 2725 1463 2759 iudmum
1481 2731 1565 2755 con-

71 2788 199 2824 vocat,
223 2781 412 2828 delatoque
428 2782 539 2816 fratre
550 2781 630 2816 Iesu
649 2781 785 2816 Christi
803 2781 974 2827 quondam
990 2778 1077 2814 dicti
1097 2776 1261 2822 (Iacobus
1282 2772 1316 2807 ei
1331 2779 1455 2822 nomen
1468 2767 1566 2811 erat)

73 2834 111 2863 ct
159 2829 340 2864 uibusdam
355 2828 434 2864 aliis
446 2854 457 2871 ,
480 2828 517 2862 in
537 2839 598 2862 eos
609 2854 622 2874 ‚
646 2840 713 2863 ceu
729 2827 843 2874 legum
858 2828 1049 2862 violatores
1068 2822 1287 2859 accusatione
1306 2817 1495 2872 composita
1514 2814 1567 2848 la-

71 2875 146 2921 pidi
173 2887 215 2910 us
233 2876 431 2911 obruendos
448 2874 589 2910 obiecit.
638 2875 714 2917 Qui
727 2886 812 2910 vero
832 2874 869 2908 in
885 2873 1032 2908 civitate
1053 2867 1242 2906 humaniori
1261 2864 1465 2900 iudiciorum
1486 2870 1568 2894 uor-

71 2933 150 2957 mae
169 2922 322 2965 assueti,
347 2927 385 2957 et
399 2922 513 2970 legum
529 2921 738 2958 videbantur
754 2920 984 2958 studiosiores
1000 2917 1160 2966 graviter
1171 2915 1260 2951 haec
1273 2910 1455 2951 ferebant3
1480 2917 1566 2942 ΜΠ·

164 2980 299 3028 Georg.
323 2981 512 3028 Synccllus.
537 2980 568 3015 I.
1230 2972 1286 3017 41
