1800 3236
193 146 298 196 616
674 137 930 199 GEoRGn
957 116 1247 196 SYNCELL1

195 264 328 323 μέχρί
349 267 428 322 τῆς
460 266 664 319 ζωοποιοῧ
701 259 974 314 ἀναστάσεως
1006 260 1220 318 κατὰτὴν
1247 258 1710 318 αὐτὴν-συμπεσοῦσαν

162 335 365 396 Βὴμέραν
384 333 441 380 κε’
466 336 671 393 Μαρτίου
695 335 800 379 ἐτῶν
824 331 885 391 λγ’
909 335 979 377 καὶ
1007 330 1167 390 ἡμέρας
1185 336 1288 388 μιᾶς
1309 335 1369 392 τῷ
1391 330 1500 393 ‘apa'
1527 331 1606 377 ἔτει
1630 333 1710 392 ἀρ-

163 448 167 452 ,
195 407 399 464 ξαμένην,
440 405 523 465 ἀφ’
557 400 608 462 ἧς
640 407 706 450 ἐπὶ
733 404 811 461 τὴν
835 405 894 456 εἷς
922 402 1130 463 οὗρανούς
1147 403 1255 459 μετὰ
1275 400 1473 458 σώματος
1491 407 1709 462 θεοπρεπῆ

195 479 321 523 θείαν
361 476 575 533 ἀνάληψιν
607 474 762 534 ἡμέραι
802 472 863 531 μ’.
912 473 995 518 ἀπὸ
1032 474 1078 518 δὲ
1108 473 1244 530 Ἀδὰμ,
1272 474 1340 517 ἐπὶ
1371 473 1451 531 τὴν
1478 473 1609 531 αὐτὴν
1637 474 1709 531 ἴτη

197 546 341 611 ,εφλγᾏ
379 545 531 605 ’ἡμέραι
552 543 611 603 μ’.
651 548 687 590 εἶ
710 546 759 590 δέ
774 563 838 597 τις
857 544 1029 590 ἀπιστεῖ
1045 551 1133 596 τοῖς
1161 544 1396 602 λεγομένοις
1417 546 1511 603 περὶ
1534 549 1611 601 τῆς
1627 544 1738 589 ati-5

195 625 274 676 τῆς
301 621 516 674 πολλαχοῦ
554 617 779 674 λεγομένης
811 614 876 660 ὅτι
910 617 954 661 ἐν
990 615 1099 674 αὐτῇ
1133 614 1208 659 τὸν
1240 613 1433 660 θάνατον
1469 614 1665 672 πατήσας
1687 613 1710 660 ὃ

197 686 489 748 κύριος’ἦμῶν
523 690 823 775 πρωτοκτίστῳ
853 684 990 748 ἡμέρᾳ
1021 686 1129 743 ζωὴν
1155 683 1257 743 ἡμῖν
1276 687 1321 730 ἐκ
1339 690 1496 744 νεκρῶν
1516 684 1711 744 ε’πήγασε,

199 776 407 804 σκοπειτω
441 760 499 810 εις
526 757 604 814 τὴν
633 756 689 803 ια’
721 759 916 817 περίοδον
944 761 1028 802 τῶν
1059 754 1161 815 φλβ’
1181 761 1385 800 κυκλικῶν
1407 759 1512 801 ἐτῶν
1532 757 1641 802 κατὰ
1662 757 1710 802 τὸ

198 828 280 888 σιγ’
313 830 405 882 ἔτος
423 833 502 886 τῆς
529 829 662 887 αυτῆς
695 827 894 889 περιόδου
915 828 993 886 τὴν
1013 825 1066 871 ιδ’
1090 831 1166 873 τοῦ
1188 827 1293 886 παρ’
1313 825 1524 885 Ἑβραίοις
1549 826 1708 884 πάσχα,

196 903 266 945 καὶ
297 898 461 959 εὖρήσει
491 899 600 944 κατὰ
639 900 716 957 τὴν
744 897 803 958 κγ’
835 903 911 943 τοῦ
947 898 1078 943 αὐτοῦ
1107 900 1311 957 Μαρτίου
1339 898 1475 955 μηνὸς
1505 896 1597 942 ἕν(
1571 899 1710 960 ημέρα
1724 904 1769 941 10

43 979 86 1018 Ρ.
103 981 175 1018 326
198 975 444 1031 παρασκευῇ
477 975 753 1016 καταντῶσαν
787 971 853 1014 ἐπὶ
883 969 933 1014 τὸ
959 967 1168 1027 σωτήριον
1206 967 1376 1023 πάθος,
1417 968 1439 1012 ὃ
1461 967 1565 1027 ὓπερ
1590 967 1712 1026 ἡμῶν

198 1041 398 1093 ἑκουσίως
425 1039 586 1098 ’ὗπέστη
598 1076 611 1097 ,
650 1044 720 1086 καὶ
741 1042 887 1100 ταφεὶς
904 1038 986 1084 ὑπὸ
1005 1040 1161 1099 Ἰωσὴφ
1182 1044 1259 1084 τοῦ
1278 1041 1322 1091 ἐξ
1337 1037 1623 1097 Ἁριμαθαίας
1641 1042 1713 1085 καὶ

197 1111 447 1202 Νικοδήμου
477 1112 629 1170 ἀνέστη
663 1117 715 1171 τῇ
739 1111 846 1168 μετὰ
867 1129 944 1168 την
967 1110 1100 1168 αὐτην
1122 1110 1392 1169 παρασκευὴ-ν
1413 1109 1712 1170 ἐπιφωσκούσῃ

197 1185 319 1242 τρίτη
343 1181 505 1269 ημέρα,
543 1188 621 1244 μιᾷ
643 1180 910 1269 σαββάτων,
941 1179 1089 1240 πρώτῃ
1109 1183 1155 1225 δὲ
1174 1185 1250 1225 τοῦ
1273 1180 1382 1239 παρ’
1399 1178 1608 1267 Ἑβραίοις
1627 1186 1712 1225 Νι-

199 1255 281 1299 σὰν
315 1271 486 1312 πρωτου
515 1254 671 1310 μηνὸς,
707 1270 800 1311 ητις
830 1252 892 1297 ἀεὶ
913 1256 965 1312 τῇ
986 1250 1042 1296 κε’
1062 1256 1138 1297 τοῦ
1163 1253 1368 1311 Μαρτίου
1389 1251 1523 1309 μηνὸς
1543 1254 1622 1308 μία
1641 1255 1711 1297 καὶ
1727 1258 1771 1296 15

196 1344 225 1382 η
246 1323 352 1369 αὗτν
371 1326 497 1369 ἔστιν.

300 1392 350 1439 Ὁ
379 1395 457 1450 μὲν
492 1389 566 1438 οὖν
592 1392 845 1453 Ἀφρικανὸς
868 1391 1106 1454 συμφώνως
1125 1397 1177 1453 τῇ
1200 1392 1459 1451 ἇποστολικῇ
1480 1391 1715 1451 παραδόσει

196 1470 258 1526 τῷ
291 1463 367 1526 ἐφ’
404 1464 484 1509 ἔτει
516 1464 595 1522 τὴν
623 1466 748 1509 θείαν
764 1463 1079 1523 χρονολογήσας
1109 1463 1345 1521 σάρκωσιν,
1388 1464 1548 1521 περὶτὰ
1569 1463 1714 1516 πάθος

198 1538 268 1581 καὶ
288 1535 364 1592 τὴν
379 1533 588 1594 σωτήριον
610 1533 842 1579 ἀνάστασιν
866 1538 986 1580 δυσὶν
1007 1535 1114 1582 ἔτεσι
1134 1533 1352 1594 διήμαρτε,
1376 1534 1485 1581 κατὰ
1505 1534 1553 1580 τὸ
1573 1534 1708 1598 ‘apia'

198 1606 291 1660 ἔτος
307 1611 382 1652 τοῦ
408 1605 570 1663 κόσμου
591 1603 752 1663 ταύτην
776 1605 1035 1666 συναγαγών.
1720 1617 1771 1654 20

292 1743 327 1779 2.
353 1739 467 1790 smol]
494 1739 636 1790 ,,εφλδ’
662 1740 732 1777 P.”
766 1741 887 1778 Gom.
1015 1738 1249 1800 ἀρξαμένης
1256 1742 1303 1777 G.
1439 1741 1475 1778 3.
1499 1738 1575 1787 ἀφ’
1602 1736 1647 1789 ἦς
1668 1743 1712 1780 Β.

295 1787 410 1846 ᾆφεὶς
434 1790 482 1824 G.
592 1789 663 1825 τοῦ
684 1787 856 1835 σώματος
874 1790 922 1825 G.
1035 1793 1070 1827 4.
1097 1790 1152 1825 Ad
1175 1787 1251 1826 απὸ
1277 1789 1454 1832 Gom-us,
1458 1791 1607 1831 ‚Desunt
1624 1792 1713 1827 haec

293 1838 332 1874 in
350 1839 430 1872 MS.
452 1836 630 1872 Patavii?
657 1837 789 1872 Nescio
811 1842 899 1884 quot
912 1836 1024 1872 verba
1040 1838 1128 1873 haec
1149 1838 1254 1872 dicat.
1365 1838 1401 1874 5.
1424 1837 1489 1873 καὶ
1509 1834 1645 1895 ἡμέραι
1664 1852 1710 1875 ιιι.

364 1885 399 1921 7.
424 1881 516 1930 ἡμῖν
535 1884 658 1920 addidi
677 1896 720 1919 ex
740 1885 781 1919 B.
896 1886 930 1921 8.
959 1884 1045 1932 (ρλβ’
1066 1897 1111 1920 ιιι.
1137 1883 1218 1934 sz'
1245 1886 1295 1920 G.
1415 1887 1471 1923 10.
1495 1883 1646 1940 εὑρήσει
1667 1899 1711 1923 m.

294 1928 469 1979 εὑρήσεις
490 1933 539 1968 G.
660 1934 716 1968 12.
742 1934 959 1980 Αριμαθίας
980 1934 1028 1967 G.
1152 1936 1170 1970 1
1200 1959 1209 1969 .
1238 1930 1368 1980 πρώτῃ
1388 1931 1464 1968 ΒΡ.
1489 1931 1641 1979 πρώτου
1664 1935 1714 1969 G.

376 1981 435 2018 18.
460 1979 560 2028 περὶ]
585 1979 691 2027 παρὰ
712 1981 760 2016 G.
856 1982 915 2019 19.
938 1979 1036 2018 nato?
1059 1980 1113 2030 τῷ
1132 1982 1177 2017 A.
1289 1982 1348 2019 20
1375 1978 1460 2023 ἔτος
1477 1981 1520 2017 Β.
1546 1981 1620 2018 ἔτει
1640 1982 1689 2018 G.

203 2098 243 2134 tii
258 2099 304 2135 25
323 2098 491 2144 procedat
510 2110 646 2142 comes,
670 2110 784 2145 usque
806 2097 852 2134 ad
870 2097 1045 2133 vivificam
1065 2097 1385 2135 resurrectionem'
1374 2110 1411 2133 m
1431 2097 1575 2133 eundem
1586 2097 1712 2134 Martii

203 2145 294 2180 diem
315 2147 362 2182 25
387 2146 618 2189 incidentem,
644 2158 712 2193 quo
731 2157 840 2181 annos
859 2147 907 2182 33
929 2146 1118 2193 completos
1142 2152 1180 2182 et
1198 2157 1302 2180 unum
1334 2145 1481 2191 insuper
1502 2145 1592 2180 diem
1611 2158 1712 2181 mun-

203 2192 241 2227 di
261 2191 355 2229 5534
379 2193 488 2239 primo
515 2172 670 2229 exort’um
692 2193 969 2236 numerabimus,
996 2194 1212 2238 postmodum
1237 2192 1282 2227 ad
1303 2202 1439 2226 sacram
1459 2203 1568 2237 usque
1588 2197 1625 2228 et
1642 2194 1710 2228 deo

205 2251 395 2285 congruam
409 2252 482 2275 cum
496 2253 643 2285 corpore
660 2241 697 2275 in
716 2241 831 2275 caelos
848 2240 1107 2275 adscensionem
1125 2241 1200 2275 dies
1212 2237 1260 2275 40
1278 2239 1321 2273 ab
1333 2238 1442 2273 Adam
1461 2244 1574 2274 autem
1591 2245 1713 2276 creato

205 2286 252 2323 ad
269 2286 417 2322 eundem
438 2287 519 2323 anni
536 2288 631 2324 5533
651 2287 712 2322 et
703 2299 847 2333 insuper
864 2287 939 2321 dies
956 2285 1003 2324 40
1017 2287 1259 2322 intercessisse
1277 2297 1455 2331 ponemus.
1503 2288 1632 2322 Verum
1633 2287 1714 2343 qui

205 2334 252 2370 de
271 2334 392 2369 eodem
413 2333 633 2390 frequentius
654 2338 843 2370 memorato
867 2333 924 2369 die
949 2334 1069 2369 relatis
1096 2334 1199 2369 fidem
1221 2333 1465 2378 abrogaverit,
1490 2332 1526 2369 in
1548 2346 1590 2369 eo
1609 2334 1713 2370 nimi·-

205 2392 281 2416 rum
299 2393 364 2416 ceu
381 2380 526 2436 primum
546 2381 687 2417 condito
708 2381 766 2416 die
784 2380 891 2416 vitam
912 2393 932 2415 e
954 2386 1164 2416 mortuorum
1193 2380 1419 2416 monumentis
1437 2386 1549 2415 morte
1569 2381 1712 2417 devicta.

204 2428 303 2464 velut
324 2440 345 2463 e
369 2429 467 2463 tonte
491 2428 573 2463 vivo
603 2428 810 2464 salvatorem
841 2427 1066 2473 profudisse,
1091 2428 1217 2470 adeat,
1241 2439 1346 2473 rogo,
1373 2427 1582 2474 cyclicorum
1599 2441 1711 2464 anno-

203 2486 280 2512 rum
295 2475 367 2512 532
383 2475 565 2521 periodum
584 2477 627 2511 11
650 2481 686 2509 et
701 2475 738 2509 in
755 2487 797 2510 ea
815 2486 904 2509 anno
921 2476 992 2511 213
1007 2479 1187 2517 annotato,
1206 2454 1321 2509 lunam
1339 2475 1511 2510 Hebraici
1530 2475 1710 2522 paschatis

207 2522 255 2558 14
279 2521 417 2567 signet3
440 2522 587 2558 subinde
605 2522 727 2568 procul
749 2521 884 2556 dubio
874 2533 909 2556 ιιι
929 2521 1053 2557 mensis
1076 2502 1197 2559 Martii
1221 2523 1311 2558 diem
1326 2522 1394 2565 23,
1414 2522 1496 2568 (qui
1513 2523 1712 2578 Parasceue

204 2569 399 2625 passionis,
423 2581 526 2616 quam
543 2581 606 2616 pro
624 2569 723 2604 nobis
743 2573 869 2615 sponte
886 2569 1071 2612 sustinuit,
1096 2569 1263 2604 salutaris
1291 2568 1367 2603 dies
1388 2570 1472 2614 est)
1490 2569 1584 2606 illam
1609 2570 1711 2604 inve-

204 2616 281 2652 niet
300 2615 523 2652 incidentem.
557 2616 720 2651 Christus
738 2616 875 2651 demum
897 2616 942 2651 ab
954 2616 1091 2671 Ioseph
1110 2615 1359 2652 Arimathiensi
1377 2622 1414 2651 et
1433 2616 1626 2652 Nicodemo
1653 2629 1711 2652 se-

203 2663 327 2719 pultus
340 2663 398 2699 die
414 2669 500 2708 post
519 2663 738 2699 Parasceuen
760 2664 863 2699 istam
879 2662 987 2699 tertio
1013 2663 1259 2706 illucescente,
1272 2663 1394 2719 primo
1414 2663 1586 2707 Sabbati‚
1612 2676 1712 2699 men-

206 2710 256 2746 sis
275 2710 375 2756 primi
395 2710 512 2748 Nisan
529 2709 700 2747 Hebraici
718 2710 776 2746 die
794 2710 930 2766 primo,
954 2710 1016 2757 qui
1032 2710 1156 2749 Martii
1173 2709 1303 2748 mensis
1329 2722 1419 2746 unus
1437 2722 1480 2747 ac
1499 2710 1590 2747 idem
1606 2711 1711 2759 quin·-

207 2760 267 2793 tus
286 2769 396 2813 supra
414 2760 461 2795 20
479 2769 617 2805 semper
637 2762 715 2801 est,
737 2757 943 2796 resurrexit.

302 2804 488 2840 Africanus
511 2806 632 2853 itaque
659 2805 883 2861 apostolicae
894 2803 1076 2840 traditioni
1096 2817 1242 2842 concors
1259 2804 1402 2841 divinae
1421 2804 1594 2841 incarnat.
1619 2791 1710 2840 anno

207 2850 244 2886 in
268 2851 388 2886 mundi
407 2853 503 2890 5500
520 2852 654 2895 relato,
679 2851 772 2887 circa
789 2852 986 2898 passionem
1006 2858 1044 2888 et
1070 2853 1193 2888 salutis
1217 2852 1489 2889 conciliatricem
1518 2856 1708 2890 resurrect.

207 2898 377 2937 eandem
366 2910 403 2935 ιιι
424 2899 541 2955 mundi
560 2878 654 2939 5531'
672 2898 838 2948 colligens
851 2924 862 2944 ‚
887 2901 911 2938 2
929 2898 1028 2937 annis
1049 2912 1071 2936 a
1090 2912 1174 2937 vero
1191 2899 1381 2938 aberravit.
