1800 3236
225 230 332 280 272
703 233 962 281 GEORGII
991 235 1279 283 SYNCELLI

227 346 613 409 ἐστρατοπέδευσαν
659 347 704 393 ἓν
748 344 983 406 Γαλγάλοις
1031 347 1141 392 κατὰ
1180 346 1392 401 ἀνατολὰς
1426 345 1629 393 ἀπέναντι
1663 344 1741 392 Ἱε-

229 419 346 482 ριχῶ.

335 493 488 535 Ταῦτα
523 484 779 540 ἀκούσαντες
809 487 851 531 οἷ
868 492 1058 545 βασιλεῖς
1076 493 1162 534 τῶν
1177 488 1444 549 Ἀμορραίων
1463 489 1533 533 καὶ
1556 488 1596 533 οἳ
1612 492 1742 544 βασι-

229 569 314 614 λεῖς
346 563 385 607 οἳ
411 559 529 619 παρὰ
559 559 636 619 τὴν
673 557 902 604 θάλασσαν
931 564 1008 617 τῆς
1039 561 1238 618 Φοινίκης
1266 559 1554 618 κατετάκησαν
1585 560 1743 603 ἐκπλα-

227 635 366 694 γέντες
396 638 489 682 ταῖς
518 631 732 682 διανοίαις.
765 629 930 687 Ἰησοῦς
964 631 1010 674 δὲ
1039 632 1140 693 θείᾳ
1170 629 1394 690 προστάξει
1424 630 1634 690 περιέτεμε
1666 629 1772 675 τόν5

229 705 336 750 λαὸν
358 702 586 760 μαχαίραις
605 702 816 760 πετρίναις
837 700 927 746 ὅσοι
951 702 1152 758 διέβησαν
1176 702 1250 746 τὸν
1266 700 1500 761 Ἰορδάνην,
1539 700 1619 756 ὅτι,
1659 718 1746 759 φη-

231 778 327 830 σὶν,
365 775 431 818 ἐπὶ
475 771 791 830 τεσσαράκοντα
827 774 898 816 καὶ
928 770 1003 816 δύο
1031 772 1102 829 ἔτη
1134 771 1416 831 ἀνέστραπται
1438 771 1609 830 Ἰσραὴλ
1630 772 1673 815 ἐν
1691 775 1744 830 τῇ

192 845 376 906 Βὲρήμῳ
390 858 401 869 ·
439 844 508 888 καὶ
540 842 610 886 διὰ
640 847 766 888 τοῦτο
794 838 905 903 ᾖσαν
924 843 964 888 οἳ
986 847 1170 887 πλεῖστοι
1192 848 1277 887 τῶν
1296 845 1493 900 μαχίμων
1514 842 1747 900 ἀπερίτμη-

231 931 321 962 τοι·
360 918 486 960 τοῦτο
518 913 564 958 δ’
597 908 649 970 ἦν
679 914 812 958 αἴτιον
844 913 908 958 ὅτι
926 914 1035 958 καθ’
1064 912 1242 965 ἑαυτοὺς
1261 913 1376 966 ὄντες
1397 912 1556 964 παντὸς
1576 913 1748 970 ἀλλογε-

231 992 332 1039 νοῦς
362 983 655 1044 κεχωρισμένοι
685 986 830 1044 χρείαν
868 984 944 1030 οὒκ
976 983 1083 1041 εἶχον
1110 990 1186 1043 τῆς
1213 989 1454 1043 περιτομῆς.
1494 987 1634 1034 καλῶς
1660 982 1745 1041 ἄρα
1760 995 1800 1031 10

233 1060 395 1119 εἶ’ρηται
415 1061 475 1116 τῷ
503 1057 608 1115 θείῳ
629 1054 851 1116 ἀποστόλῳ
876 1054 940 1100 ὅτι
964 1056 1058 1100 οὔτε
1082 1054 1285 1115 περιτομή
1311 1058 1355 1100 τί
1369 1058 1480 1100 ἐστιν
1501 1053 1596 1099 οὔτε
1619 1054 1749 1112 ἀκρο-

233 1131 390 1188 βυστία
401 1162 415 1183 ,
455 1126 563 1171 ἀλλὰ
581 1125 756 1186 τήρησις
776 1120 969 1172 ἐντολῶν.
1008 1131 1067 1187 τῷ
1090 1128 1135 1170 δὲ
1153 1125 1229 1182 μβ’
1253 1126 1332 1171 ἔτει
1352 1126 1615 1183 πεποιηκέναι
1638 1127 1756 1169 δοκεῖ

235 1218 327 1252 πως
348 1199 508 1258 ἄπορον
540 1195 643 1243 εἶναι
660 1213 670 1222 ·
708 1196 1025 1256 τεσσαράκοντα
1043 1198 1122 1256 γὰρ
1147 1197 1218 1254 ἔτη
1241 1202 1459 1254 πανταχοῦ
1483 1199 1526 1240 ἐν
1549 1203 1639 1247 ταῖς
1660 1200 1751 1240 λοι-

236 1278 337 1323 παῖς
369 1271 508 1320 θειάις
546 1276 731 1328 γραφαῖς
761 1267 782 1312 ὃ
808 1268 980 1327 Ἰσραῶλ
1015 1269 1057 1312 ἓν
1081 1273 1133 1327 τῇ
1156 1266 1297 1328 ἐρήμῳ
1321 1270 1514 1327 φαίνεται
1535 1267 1750 1324 ἀναστρα-

237 1344 344 1401 φεὶς,
385 1343 420 1384 εἴ
437 1338 496 1397 μή
519 1340 600 1384 πού
621 1358 682 1393 τις
706 1341 896 1384 ἐνταῦθα
916 1340 964 1384 τὸ
988 1337 1031 1383 π’
1055 1339 1147 1390 ἔτος
1173 1340 1398 1391 Μωϋσέως
1419 1340 1487 1383 καὶ
1511 1338 1558 1382 τὸ
1584 1342 1752 1395 πρῶτον
1766 1342 1800 1377 1ἐ

235 1413 374 1470 Ἰησοῦ
405 1415 482 1454 τοῦ
513 1413 640 1468 Ναυῆ
685 1415 1047 1468 συναριθμεῖσθαι
1086 1408 1231 1468 νοῆσοι
1260 1417 1349 1462 τοῖς
1377 1411 1420 1454 ἐν
1448 1413 1500 1468 τῇ
1536 1406 1676 1468 ἐρήμῳ
1706 1405 1750 1464 μ’

204 1483 352 1528 Οἴτεσι
383 1483 454 1526 καὶ
491 1479 625 1533 οὕτως
659 1480 761 1526 εἶναι
797 1479 886 1537 μβ’.
926 1475 1041 1534 οὗτοι
1070 1481 1395 1540 περιτμηθέντες
1425 1478 1646 1538 ἡσύχασαν
1675 1479 1754 1530 ἕως

77 1558 124 1595 V.
152 1559 221 1597 115
244 1558 321 1599 ,τοῦ
353 1557 698 1611 θεραπευθῆναι,
737 1554 809 1595 καὶ
838 1549 1000 1609 ἐκλήθη
1027 1551 1077 1596 τὸ
1110 1551 1244 1607 ὄνομα
1274 1556 1351 1596 τοῦ
1382 1549 1515 1596 τόπου
1535 1548 1750 1608 Γάλγαλα.

52 1638 54 1641 ’
241 1627 312 1671 καὶ
343 1624 543 1680 ἐποίησαν
577 1624 616 1668 οἳ
645 1624 730 1667 υἱοὶ
749 1622 920 1681 Ἰσραὴλ
940 1622 988 1667 τὸ
1008 1620 1151 1680 πάσχα
1174 1627 1228 1681 τῇ
1251 1620 1305 1666 ιδ’
1331 1626 1408 1667 τοῦ
1430 1618 1600 1680 πρώτου
1621 1620 1756 1677 μηνὸς

242 1696 327 1741 ἀπὸ
349 1694 526 1753 ἑσπέρας
546 1696 612 1738 ἐπὶ
637 1697 808 1751 δυσμῶν
831 1695 888 1746 εἷς
902 1692 1058 1753 Ἱεριχώ
1077 1695 1119 1738 ἐν
1138 1698 1198 1754 τῷ
1219 1694 1360 1754 πεδίῳ.
1399 1695 1470 1737 καὶ
1490 1691 1646 1750 ἔφαγον
1672 1690 1754 1735 ἀπὸ
1767 1697 1800 1732 2(

241 1771 319 1812 τοῦ
351 1767 469 1811 σίτου
505 1771 583 1824 τῆς
612 1770 689 1824 γῆς
721 1764 860 1821 ἄζυμα
893 1765 1042 1820 καινὰ,
1082 1763 1203 1809 τοῦτ’
1239 1763 1351 1808 ἔστιν
1380 1763 1462 1808 ἀπὸ
1493 1764 1611 1807 σίτου
1644 1762 1755 1817 νέου,

341 1866 380 1911 3]
403 1863 530 1900 Iosuae
554 1877 633 1912 cap.
649 1865 696 1903 V.
810 1863 846 1901 4.
871 1862 1129 1913 κατετᾶγησαν
1150 1865 1199 1900 G.
1320 1866 1357 1902 5.
1382 1866 1466 1907 ταῖς
1482 1864 1526 1901 Β.
1551 1875 1591 1900 τε
1608 1865 1692 1905 ταῖς
1709 1864 1757 1898 Gr.

414 1910 456 1949 δὲ
475 1925 541 1951 om.
563 1915 612 1950 G.
705 1914 742 1950 9.
767 1910 918 1955 ἑαυτοῖς
937 1915 980 1949 Α.
1079 1914 1134 1949 10.
1159 1909 1237 1960 ἄρα
1253 1912 1297 1948 Β.
1323 1909 1390 1957 ἄρ’
1408 1912 1456 1947 G.
1561 1912 1616 1947 11.
1641 1908 1758 1957 ἄκρο-

342 1961 498 2009 βυστεία
521 1962 565 1996 Β.
664 1961 719 1998 15.
743 1959 786 1996 τὸ
804 1961 845 1995 Β.
874 1962 927 2009 τῷ
948 1961 998 1998 G.
1094 1959 1191 2006 ἔτος]
1220 1960 1328 2002 ἔτους
1349 1963 1391 1996 Α.
1488 1959 1546 1995 16.
1574 1961 1759 2003 συναριθ-

344 2010 504 2055 μεῖσθαι
514 2009 557 2046 Β.
577 2009 860 2054 συνοιριθμῆσαι
873 2010 922 2044 G.
1014 2009 1070 2045 17.
1093 2006 1162 2051 ἕως
1174 2007 1294 2043 addidi
1305 2020 1349 2043 ex
1362 2007 1406 2042 Β.
1497 2007 1551 2042 19.
1571 2007 1656 2052 τοῦ]
1669 2004 1760 2043 τού-

342 2068 413 2092 του
425 2056 469 2091 Β.
561 2059 620 2094 20.
647 2055 790 2103 δυσμόν
799 2057 842 2092 Α.
930 2057 989 2094 21.
1007 2054 1121 2093 καινοὶ
1133 2058 1175 2092 Β.
1195 2053 1285 2092 κενοὶ
1299 2056 1345 2093 G.
1361 2053 1426 2091 καὶ
1442 2051 1510 2090 νέα
1521 2053 1627 2090 Iosua
1643 2055 1689 2097 V,
1702 2055 1758 2091 11.

251 2149 338 2175 vero
360 2137 635 2173 conscendentes
658 2138 776 2174 castra
796 2136 918 2174 metati
938 2140 1018 2173 sunt
1036 2135 1072 2173 in
1094 2137 1280 2184 Galgalis,
1305 2137 1352 2173 ad
1370 2139 1506 2185 partem
1527 2147 1621 2184 quae
1639 2140 1697 2172 est
1716 2135 1762 2172 ad

254 2190 367 2222 ortum
388 2185 472 2220 solis
499 2187 543 2220 ab
561 2186 709 2221 Iericho.
1227 2187 1229 2189 ’

348 2232 415 2268 His
436 2232 565 2268 auditis
583 2245 686 2279 reges
705 2234 996 2269 Amorrhaeorum
1015 2235 1051 2269 et
1074 2244 1180 2279 reges
1198 2231 1434 2275 Phoeniciae·‚
1460 2231 1521 2279 qui
1536 2231 1639 2267 iuxta
1656 2242 1763 2272 mare,

254 2291 381 2326 magno
401 2280 527 2315 mentis
547 2285 685 2316 terrore
708 2281 923 2317 consternati
949 2285 1044 2316 sunt.
1091 2281 1141 2316 Iis
1165 2281 1216 2316 ita
1237 2281 1389 2317 turbatis
1410 2280 1508 2315 Iesus
1523 2279 1641 2315 divino
1662 2279 1764 2315 iussu

255 2327 421 2376 populum
441 2339 572 2366 omnem
584 2354 595 2370 ‚
621 2328 681 2374 qui
700 2329 892 2364 transierat
910 2328 1113 2370 Iordanem,
1139 2328 1263 2363 cultris
1284 2327 1434 2374 lapideis
1452 2326 1696 2368 circumcidit3
1720 2337 1763 2361 eo

257 2374 351 2421 quod
364 2399 376 2417 ‚
401 2374 540 2417 aiebat,
565 2376 798 2423 quadraginta
817 2380 853 2412 et
873 2376 1006 2411 duobus
1024 2376 1124 2411 annis
1144 2380 1310 2412 versatus
1335 2380 1390 2410 est
1410 2375 1520 2410 Israel
1548 2374 1586 2409 in
1609 2373 1764 2416 deserto,

257 2433 302 2458 ac
322 2433 398 2456 eam
416 2422 461 2456 ob
478 2434 551 2457 rem
562 2422 802 2469 jncircumcisi
820 2428 921 2459 erant
941 2427 1172 2470 pugnatorum
1196 2421 1360 2470 plurimi3
1385 2422 1484 2457 cuius
1499 2433 1544 2457 ea
1560 2421 1765 2462 fuitcausa,

259 2468 354 2516 quod
380 2468 545 2514 privatim
571 2470 622 2508 ad
651 2482 690 2505 se
713 2471 863 2506 invicem
885 2477 1032 2517 agentes
1058 2474 1164 2517 atque
1191 2472 1236 2506 ab
1262 2470 1355 2505 omni
1383 2469 1583 2515 alienigena
1610 2467 1767 2514 separati

261 2515 525 2552 circumcisione
558 2528 627 2551 non
655 2517 887 2564 indigebant3
923 2524 1182 2565 proptereaque
1212 2517 1393 2565 praeclare
1416 2517 1558 2552 divinus
1587 2515 1767 2561 apostolus

262 2563 482 2599 enunciavit:
507 2575 622 2610 neque
637 2563 852 2600 circumcisio
871 2571 926 2601 est
944 2565 1091 2612 aliquid,
1114 2576 1228 2612 neque
1245 2564 1482 2611 praeputium,
1506 2563 1568 2599 sed
1585 2563 1769 2598 mandato-

261 2610 420 2647 rumrdei
443 2611 678 2647 observantia.
725 2613 804 2647 Hoc
830 2624 916 2648 vero
944 2613 1210 2660 quadragesimo
1239 2611 1391 2647 secundo
1422 2622 1512 2647 anno
1547 2609 1768 2656 praestitisse

262 2657 405 2694 videtur
422 2657 542 2704 aliqua
561 2659 700 2694 ratione
721 2659 871 2695 dubium.
918 2660 1055 2696 Passim
1075 2660 1165 2695 enim
1183 2660 1220 2695 in
1241 2659 1431 2705 scripturis
1451 2657 1685 2704 quadraginta
1702 2668 1766 2692 an-

263 2705 320 2741 nis
340 2704 469 2751 legitur
485 2705 595 2741 Israffl
614 2705 652 2741 in
676 2706 816 2741 deserto
835 2712 1082 2750 conversatus3
1106 2707 1175 2742 nisi
1193 2707 1311 2742 forsan
1329 2705 1456 2751 aliquis
1473 2704 1715 2750 quadraginta.
1729 2704 1768 2738 in

265 2753 407 2788 deserto
426 2752 579 2799 peractis
596 2752 695 2788 annis
712 2753 824 2788 Mosis
843 2750 1088 2800 octogesimum
1112 2759 1150 2789 et
1166 2754 1247 2789 Iesu
1266 2752 1413 2799 primum
1431 2751 1689 2798 adiungendum
1706 2762 1768 2786 ex-

268 2799 498 2845 cogitaverim
519 2803 628 2856 ,atque
646 2800 698 2835 ita
715 2801 952 2846 quadraginta
969 2802 1057 2837 duos
1076 2799 1364 2837 annumerando&
1411 2799 1477 2835 lsti
1493 2811 1597 2846 poi-ro
1614 2799 1770 2834 :circum-

268 2846 412 2882 cisionis
438 2847 562 2883 dolore
576 2847 721 2891 iactati,
744 2848 899 2884 medelae
921 2848 1104 2884 habendae
1121 2859 1229 2883 causa
1244 2846 1476 2894 quieverunt,
1501 2846 1594 2882 unde
1611 2845 1688 2882 loco
1706 2856 1771 2881 no-

268 2905 348 2929 men
373 2893 523 2930 inditum
549 2894 714 2940 Galgala.
762 2895 814 2931 Et
838 2896 998 2931 fecerunt
1019 2896 1085 2931 filii
1106 2895 1217 2931 Israel
1244 2895 1376 2941 pascha
1401 2897 1525 2941 quarto
1553 2893 1693 2929 decimo,
1706 2892 1772 2936 dio

270 2941 398 2976 mensis
416 2941 519 2988 primi
534 2953 556 2977 a
572 2954 722 2989 vespera
741 2943 787 2978 ad
805 2943 1049 2979 succedentem
1068 2942 1151 2979 solis
1173 2953 1332 2978 occasum
1353 2941 1399 2977 ad
1419 2940 1772 2986 occidentalem-par-

270 2990 342 3024 tem
359 2988 525 3026 Hiericho
539 2989 579 3026 in
594 2989 753 3038 planitie.
798 2990 851 3027 Et
871 2990 1101 3027 comederunt.
1112 2990 1160 3027 de
1177 2989 1489 3026 frumento·terrae
1507 2991 1685 3036 azymam.
1708 2997 1773 3022 no-
