1800 3236
225 225 328 274 388
689 224 944 272 GEORGII
970 222 1263 271 SYNCELLI

66 352 111 389 V.
134 350 203 388 165
222 336 385 397 ’χειῶθη
416 334 613 392 ἰδιάζοντι
643 335 727 381 ἀπὸ
758 333 994 394 Ἀρβάκου”
1029 334 1058 392 ᾗ
1091 335 1138 378 δὲ
1163 338 1248 379 τῶν
1280 334 1511 379 Χαλδαίων
1550 332 1731 379 λείπεται

225 412 561 466 στοιχειωθῆναι,
597 406 689 464 ἥτις
711 406 793 450 ἀπὸ
811 405 1119 462 Σαλμανασὰρ,
1158 403 1205 448 ὃν
1223 406 1293 449 καὶ
1311 402 1628 463 Ναβονάσαρον
1652 423 1732 448 κα-

225 485 372 534 λοῦσι,
422 475 683 534 λαμβάνεται
717 474 836 535 παρά
878 493 922 519 τε
968 475 1207 526 Χαλδαίοις
1242 475 1286 519 ἐν
1320 479 1374 534 τῇ
1414 479 1498 519 τῶν
1541 474 1730 532 ἀστέρων

225 549 483 609 ψηφοφορίᾳ
514 549 584 591 καὶ
616 546 733 606 παρὰ
763 553 851 597 τοῖς
871 543 1080 602 Ἑλλήνων
1106 550 1447 602 μαθηματικοῖς,
1489 542 1546 596 ὦς
1563 562 1731 603 μαρτυ-

228 627 295 680 ρεῖ
314 621 383 664 καὶ
406 616 427 662 ὃ
453 614 703 676 σοφώτατος
722 613 940 667 Κλαύδιος
959 619 1228 671 Πτολεμαῖος
1246 615 1290 659 ἓν
1309 619 1371 674 τῇ
1382 612 1544 674 μεγάλῃ
1571 612 1761 659 owni-5

228 694 294 743 ξεῖ
305 693 358 748 τῇ
377 692 453 745 τῆς
473 686 769 745 ἀστρονομίας,
808 693 898 737 τοῖς
918 685 998 730 ἀπὸ
1018 683 1333 743 Ναβονασάρου
1349 683 1566 743 χρώμενος
1585 684 1731 739 ἔτεσιν,

191 760 275 804 Οἴν
303 777 347 804 τε
377 765 472 809 ταῖς
498 762 583 802 τῶν
602 755 678 801 δύο
700 755 938 815 φωστήρων
960 756 1129 813 ἕποχαΐς
1150 753 1344 807 συνόδοις
1363 773 1407 799 τε
1427 757 1497 799 καὶ
1523 753 1734 812 πανσελή-

226 846 315 881 νοις
345 830 414 872 καὶ
449 835 542 879 ταῖς
561 826 661 883 κατ’
694 826 827 878 αὐτὰς
855 823 1187 882 συμβαινούσαις
1219 823 1483 883 σεληνιακαΐς
1510 827 1580 870 καὶ
1609 823 1734 882 ἡλια-

226 907 319 951 καΐς
347 899 602 953 ἔκκλείψεσιν
614 931 628 952 ,
667 895 711 941 ἕν
735 914 779 941 τε
805 903 899 948 ταῖς
916 901 1002 940 τῶν
1022 897 1142 940 πέντε
1163 897 1445 951 πλανωμένων
1467 895 1576 940 κατὰ
1597 899 1734 953 μῆκος

227 972 296 1014 καὶ
337 966 496 1019 πλάτος
538 967 835 1026 ψηφοφορίαις
875 969 944 1010 καὶ
980 971 1067 1011 τῶν
1098 970 1255 1010 λοιπῶν
1285 966 1486 1010 ἀπλανῶν
1528 965 1728 1024 ἀστέρων.
1745 969 1791 1005 10

227 1038 398 1084 πάντων
415 1038 496 1096 γὰρ
522 1037 655 1094 αὐτὴν
683 1037 983 1096 ἀκριβεστέραν
1003 1035 1280 1094 ὁμολογοῦσιν
1304 1035 1431 1091 εἶναι,
1469 1033 1735 1093 συνάγουσαν

230 1110 312 1154 ἀπὸ
343 1113 418 1153 τοῢ
440 1108 571 1152 αὐτοῦ
589 1105 907 1166 Ναβονασάρου
931 1108 998 1150 ἐπὶ
1020 1107 1067 1151 τὸ
1088 1111 1255 1165 πρῶτον
1276 1106 1370 1164 ἤτοι
1389 1105 1422 1161 ζ’
1441 1105 1534 1158 ἴτὀς
1544 1104 1736 1158 Ἀλεξάν-

232 1182 337 1236 δρου
371 1182 447 1223 τοῦ
471 1175 737 1222 ΝΙακεδόνων
770 1179 839 1221 καὶ
858 1180 1040 1235 Περσῶν
1069 1179 1139 1221 καὶ
1169 1174 1307 1233 πάσης
1325 1176 1474 1233 σχεδὸν
1494 1181 1572 1233 τῆς
1593 1178 1736 1220 οἴκου-

230 1250 360 1307 μένης
388 1245 718 1303 βασιλεύσαντος
747 1247 818 1304 ἔτη
854 1245 969 1302 υιθ’,
1009 1248 1076 1291 ἐπὶ
1107 1248 1154 1291 δὲ
1188 1247 1266 1304 τὴν
1287 1247 1480 1304 τελευτὴν
1503 1251 1580 1291 τοῦ
1602 1246 1735 1290 αὐτοῦ

226 1317 500 1377 Ἀλεξάνδρου
530 1318 601 1374 ἔτη
637 1315 744 1362 υκδ’.
783 1319 867 1361 ἐπεὶ
898 1318 944 1361 δὲ
973 1325 1210 1375 συμφωνεῖν
1230 1317 1455 1375 ἀναγκαῖον
1481 1314 1735 1374 ἡγησάμεθα
1748 1321 1794 1358 15

188 1397 221 1434 D
236 1393 365 1442 δεῖξαι
394 1395 483 1439 τοῖς
514 1387 621 1432 καθ’
645 1386 760 1444 ’ἡμᾶς
781 1387 889 1431 ἔτεσι
911 1392 988 1432 τοῦ
1007 1386 1167 1443 κόσμου
1188 1387 1265 1444 τὴν
1284 1391 1370 1432 τῶν
1391 1387 1597 1446 οὐρανίων
1619 1388 1737 1444 κίνη-

230 1477 322 1514 σιν,
361 1456 588 1516 σύμφωνος
621 1459 668 1501 δὲ
701 1464 789 1509 τοῖς
815 1459 1049 1501 Χαλδαίων
1078 1459 1149 1502 καὶ
1181 1455 1391 1515 Ἑλλήνων
1421 1465 1571 1516 σοφοῖς
1601 1455 1623 1501 ὃ
1653 1456 1735 1501 ἀπὸ

231 1526 550 1587 Ναβονασάρου
593 1525 747 1587 χρόνος
777 1526 1120 1586 μεμαρτύρηται,
1160 1525 1276 1585 κοινή
1310 1545 1374 1579 τις
1408 1526 1515 1572 ἴστω
1547 1527 1656 1586 ἀρχὴ
1687 1526 1736 1571 τὸ

234 1597 379 1661 ,δψμζ
409 1598 526 1653 ἔτος,
565 1598 614 1642 τὸ
651 1597 755 1642 αὐτὸ
788 1596 981 1656 ὗπάρχον
1016 1603 1078 1658 τῷ
1107 1595 1262 1658 πρώτῳ
1294 1597 1373 1642 ἔτει
1403 1596 1734 1657 Ναβονασάρου,

229 1670 309 1724 ἵν’,
347 1669 389 1713 εἶ’
411 1686 475 1719 τις
490 1669 725 1726 βουληθείη
745 1668 853 1712 κατὰ
875 1669 952 1720 τὰς
971 1669 1015 1712 ἐν
1035 1673 1088 1727 τῇ
1107 1666 1268 1727 μεγάλῃ
1292 1667 1483 1720 συντάξει
1502 1673 1578 1713 τοῦ
1607 1665 1736 1725 μεγά-
1747 1671 1794 1708 20

234 1746 310 1786 λου
342 1740 611 1795 Πτολεμαίου
634 1739 923 1795 ἐκτεθειμένας
937 1738 1176 1797 γραμμικοὶς
1195 1736 1223 1795 ’ἢ
1241 1738 1463 1790 κανονικὰς
1484 1739 1627 1791 δείξεις
1646 1750 1737 1795 ψη-

326 1841 362 1877 2.
387 1837 710 1887 ναβονοέσαρονΑ.
733 1836 1025 1894 ναβουνᾶσαρον
1045 1838 1089 1874 Β.
1112 1836 1348 1895 Ναβονασοὶρ
1371 1838 1421 1872 G.
1530 1838 1569 1875 5
1593 1834 1614 1874 ὁ
1636 1839 1738 1875 Πτο-

325 1890 479 1932 λεμαῖος
502 1888 550 1922 G.
668 1887 703 1922 6
728 1884 1013 1943 Ναβονοισάρου
1035 1897 1080 1921 ιιι.
1117 1883 1345 1931 Βανασάρου
1370 1886 1420 1919 G.
1539 1887 1573 1920 8.
1606 1885 1671 1921 καὶ
1696 1884 1737 1921 ἐν

328 1937 413 1976 ταῖς
437 1935 486 1970 G.
603 1930 726 1975 αὐτᾶς
747 1945 793 1968 ιιι.
820 1930 957 1976 αυταῒς
984 1934 1032 1968 G.
1137 1935 1193 1970 17.
1219 1931 1260 1969 δὲ
1276 1937 1357 1974 τοῖς
1379 1933 1424 1968 Β.
1448 1928 1490 1968 δε
1507 1932 1667 1974 καὶτοῖς
1686 1933 1737 1969 G.

327 1979 552 2075 ματέιξαςτὲ
551 1981 626 2018 Bm.
657 1981 713 2031 τῷ
736 1982 784 2019 G.
886 1983 948 2019 21.
972 1979 1184 2028 γραμμικάς
1203 1980 1247 2016 Β.
1271 1979 1535 2029 γραμματαίας
1555 1980 1596 2015 A.
1619 1993 1739 2027 γραμ-

238 2111 400 2166 superius
415 2109 629 2156 descriptum
650 2112 716 2146 est.
766 2109 851 2145 Sola
867 2113 1033 2166 superest
1050 2108 1305 2145 Chaldaeorum
1326 2107 1429 2155 regni
1453 2107 1660 2166 exponenda
1679 2121 1737 2144 se·-

236 2157 309 2193 ries
321 2183 332 2200 ,
356 2169 447 2203 quae
462 2170 483 2192 a
501 2157 745 2200 Salmanasar,
774 2158 985 2192 Nabonasar
1003 2157 1054 2192 eis
1071 2158 1205 2203 pariter
1220 2157 1314 2191 dicto
1325 2180 1336 2200 ‚
1361 2156 1465 2192 sumit
1484 2157 1644 2199 initium
1673 2168 1737 2191 cu·-

238 2205 295 2239 ius
314 2204 473 2251 computi
492 2216 567 2239 cum
586 2204 680 2251 apud
698 2204 927 2246 Chaldaeos'
917 2217 953 2238 ιιι
979 2204 1142 2250 putandis
1162 2207 1335 2239 astrorum
1355 2203 1517 2246 motibus,
1550 2208 1623 2238 tum
1643 2203 1737 2249 apud

239 2252 399 2286 Graecos
426 2252 625 2286 matheseon
652 2251 788 2298 peritos
816 2251 1036 2297 frequentior
1056 2254 1112 2285 est
1140 2250 1376 2292 consuetudo,
1407 2255 1512 2297 prout
1538 2250 1739 2285 eruditissi-

239 2310 314 2333 mus
338 2297 507 2333 Claudius
526 2298 745 2333 Ptolemaeus
773 2298 947 2332 luculento
976 2298 1020 2332 de
1047 2297 1256 2332 astronomia
1283 2309 1390 2352 opere
1415 2301 1588 2340 testatur,
1612 2298 1739 2332 Nabo-

240 2344 396 2380 nasareis
418 2345 498 2399 ipse
518 2356 604 2379 usus
624 2345 723 2379 annis
748 2344 824 2379 sive
845 2344 984 2379 maioris
1003 2344 1183 2390 utriusque
1204 2343 1381 2379 luminaris
1410 2349 1525 2379 certos
1545 2347 1659 2379 status
1682 2345 1739 2379 in-

241 2391 414 2438 spiceret,
438 2391 516 2426 sive
536 2403 744 2436 congressus
763 2403 881 2426 eorum
898 2396 959 2426 aut
978 2391 1168 2436 plenilunia
1185 2391 1272 2426 vel
1262 2403 1297 2425 ιιι
1325 2394 1475 2438 utroque
1499 2391 1661 2426 defectus
1678 2403 1740 2426 oc·-

242 2442 423 2473 currentes
449 2439 551 2473 lunae
569 2438 727 2473 nimirum
750 2442 786 2473 et
814 2438 898 2472 solis
927 2437 1095 2484 eclipses,
1119 2438 1197 2473 sive
1216 2438 1351 2473 demum
1376 2438 1563 2473 errantium
1586 2438 1738 2485 quinque

241 2485 392 2520 siderum
419 2488 457 2519 et
480 2484 625 2520 aliorum
643 2485 740 2520 caelo
762 2485 909 2519 fixorum
931 2485 1033 2520 iuxta
1048 2485 1296 2531 longitudinem
1323 2490 1360 2521 et
1384 2485 1600 2521 latitudinem
1618 2497 1738 2520 nume-

241 2544 302 2568 ros
331 2530 526 2577 colligeret.
574 2532 734 2568 Omnium
765 2531 894 2578 quippe
920 2532 1214 2568 accuratissimum
1238 2533 1359 2568 ferunt
1382 2537 1597 2578 computum,
1631 2531 1691 2578 qui
1715 2543 1738 2567 a

242 2579 471 2615 Nabonasaro
496 2579 542 2614 ad
567 2578 714 2624 primum
741 2591 872 2624 usque,
905 2579 1088 2625 septimum
1125 2579 1283 2626 intellige
1303 2579 1496 2615 Alexandri
1519 2578 1737 2620 Macedonis,

242 2625 496 2661 Macedonibus
523 2625 630 2671 ipsis,
655 2625 775 2661 Persis
801 2638 842 2660 ac
862 2626 929 2661 toti
953 2627 1061 2662 ferme
1085 2627 1162 2662 orbi
1186 2626 1394 2662 dominantis
1417 2637 1525 2662 annos
1544 2625 1614 2662 419
1633 2629 1671 2660 et
1691 2624 1736 2660 ad

242 2673 355 2719 ipsius
375 2684 485 2718 usque
503 2672 691 2707 Alexandri
710 2673 841 2707 obitum
869 2685 975 2708 annos
1000 2672 1073 2710 424
1099 2673 1246 2719 colligit.
1295 2676 1344 2709 At
1369 2673 1531 2719 quoniam
1560 2684 1637 2707 cum
1656 2672 1738 2707 vul-

243 2720 388 2766 garibus
406 2723 443 2754 et
459 2718 598 2754 usitatis
613 2719 729 2755 mundi
753 2720 850 2755 annis
872 2720 1070 2755 caelestium
1090 2733 1276 2775 corporum
1294 2725 1406 2755 motus
1424 2719 1643 2755 concordiam
1661 2730 1737 2754 ser-

244 2778 330 2802 vare
361 2767 594 2802 necessarium
613 2766 774 2802 duximus
799 2768 1006 2810 ostendere;
1033 2772 1069 2802 et
1089 2767 1232 2823 insuper
1261 2767 1306 2802 de
1330 2766 1553 2802 Nabonasari
1576 2770 1737 2820 computo

245 2825 346 2849 unam
373 2814 468 2860 apud
496 2814 712 2850 Graecorum
739 2813 1063 2860 Chaldaeorumque
1093 2815 1269 2860 sapientes
1284 2813 1492 2849 sententiam
1517 2813 1630 2848 teneri
1649 2811 1738 2847 fassi

247 2871 387 2902 sumum
412 2860 559 2906 agedum
577 2872 752 2896 commune
767 2861 867 2896 nobis
886 2861 1095 2908 principium
1110 2862 1177 2897 hoc
1194 2866 1354 2908 ponatur.
1401 2861 1521 2895 Annus
1537 2858 1631 2896 4747
1648 2870 1738 2894 anno

248 2884 470 2942 Nabon’asari
485 2907 594 2954 primo
616 2907 770 2963 aequalis
792 2913 868 2951 est;
894 2908 981 2943 adeo
1000 2912 1038 2942 ut
1062 2909 1093 2943 si
1110 2909 1191 2955 quis
1210 2907 1394 2944 secundum
1411 2907 1544 2954 positas
1562 2907 1598 2941 in
1614 2917 1740 2950 magna

248 2953 377 2990 eruditi
398 2954 585 2992 Ptolemaei
597 2954 801 2992 collectione
815 2955 1128 2992 demonstrationes
1145 2959 1182 2993 et
1202 2955 1343 3002 regulas
1365 2954 1565 2991 caelestium
1585 2958 1739 2989 motuum
