1800 3236
194 168 298 217 630
650 170 909 218 GEORGII
938 168 1228 218 SYNCELLI

159 289 191 327 B
423 327 427 331 .
637 285 860 328 KOEMO
871 286 907 326 Y
935 284 1085 327 ETH‘*
1099 279 1250 344 ἐφμςῖ

569 368 662 421 Τῆς
695 365 820 416 θείας
854 362 1104 423 σαρκώσεως
1139 365 1210 423 ἔτη
1246 361 1331 421 μς’.

303 431 454 497 Θρᾴκη
482 433 565 480 ἀπὸ
598 437 723 479 τοῦδε
756 438 835 480 τοῦ
861 432 1020 494 χρόνον
1059 436 1237 496 ἐπαρχία
1266 430 1542 496 ἐχρημάτισε,
1577 439 1705 491 βασι-

195 502 376 552 λεύουσα
395 505 506 564 πρίν.
1620 505 1623 508 ’

299 580 447 633 Νῆσος
466 573 623 632 μεταξὺ
655 571 804 633 Θήρας
824 576 894 619 καὶ
922 575 1145 635 Θηρασίας
1165 577 1349 621 σταδίων
1368 572 1407 620 λ’
1432 572 1581 635 ἐφάνη.
1712 576 1735 613 5

296 645 366 691 Ἓν
384 652 477 698 ταῖς
494 643 670 704 ἡμέραις
691 649 777 689 τῶν
798 644 968 703 ἀζύμων
982 644 1178 698 ,στάσεως
1195 646 1413 704 γενομένης
1434 647 1477 689 ἐν
1495 644 1707 703 Ἰερουσα-

197 716 296 774 λὴμ,
314 716 664 774 συμπατηθέντες
681 717 774 775 περὶ
791 716 867 767 τὰς
878 721 964 761 τῶν
984 722 1127 761 πυλῶν
1146 716 1317 770 ἐξόδους
1332 717 1528 761 Ἰουδαῖοι
1548 715 1706 760 ὤλοντο

195 789 288 846 περὶ
307 787 384 838 τὰς
400 794 512 846 τρεῖς
529 784 763 846 μυριάδας,
797 789 1031 844 Κουμανοῦ
1047 786 1265 845 Ῥωμαίων
1280 791 1619 847 στρατηγοῦντος
1637 789 1708 831 καὶ

197 863 275 915 τῆς
297 857 398 915 ὅλης
410 857 620 909 Ἰουδαίας
638 855 974 915 ἡγεμονεύοντος.

161 930 193 967 C
305 931 458 986 Λιμοῦ
488 928 596 973 κατὰ
616 927 694 985 τὴν
714 926 895 973 Ἑλλάδα
910 924 1130 988 γεγονότος
1146 925 1332 988 μεγάλου
1352 925 1374 973 ὃ
1393 931 1469 973 τοῦ
1489 928 1608 972 σίτου
1625 925 1707 985 μό-
1720 934 1766 971 10

196 1000 286 1052 διος
301 997 348 1051 (ἐξ
367 996 610 1058 διδράχμων
629 996 832 1056 ἐπράθη.>

303 1067 413 1114 Τότε
436 1071 505 1114 καὶ
519 1067 764 1127 ,Ἀθηναίοις
787 1065 998 1127 ἐπεγράφη
1020 1067 1166 1125 βωμὸς
1187 1065 1387 1130 ἀγνώστῳ
1410 1072 1515 1130 θεῷ.

195 1177 444 1227 Ἰουστίνου
482 1179 746 1239 φιλοσόφου
784 1179 859 1226 καὶ
899 1178 1132 1238 μάρτυρος
1160 1178 1209 1225 ἐκ
1240 1181 1323 1225 τοῦ
1354 1179 1539 1236 πρώτου
1567 1177 1708 1238 λόγου

432 1250 547 1308 πρὸς
568 1249 812 1295 ’Λντώνιον
841 1249 1026 1310 βασιλέα
1053 1248 1167 1307 ’ὑπὲρ
1199 1252 1501 1306 Χριστιανῶν.

302 1336 434 1382 Μετὰ
465 1337 543 1394 τὴν
573 1335 786 1395 ἀνάληψιν
813 1342 890 1382 τοῦ
922 1338 1068 1395 κυρίου
1091 1339 1150 1389 εἷς
1171 1337 1378 1394 οὐρανοὺς
1396 1330 1764 1396 προεβάλλοντο15

201 1406 241 1451 οἶ
256 1408 450 1463 δαίμονες
464 1406 722 1466 ἀνθρώπους
742 1408 859 1460 τινὰς
880 1407 1078 1465 λέγοντας
1100 1406 1276 1459 ἑαυτοὺς
1298 1406 1401 1452 εἶναι
1422 1406 1564 1458 θεούς.
1605 1407 1707 1451 οἳού

163 1474 335 1534 1)μόνον
368 1478 444 1522 οὔκ
473 1477 743 1535 ἐδιώχθησαν
771 1477 852 1537 ὑφ’
889 1475 1033 1534 ὖμῶν,
1071 1477 1180 1522 ἀλλὰ
1208 1480 1277 1522 καὶ
1297 1483 1429 1534 τιμῶν
1445 1477 1707 1536 ἠξιώθησαν,

198 1548 374 1604 Σίμωνα
405 1548 482 1604 μέν
514 1566 609 1593 τινα
641 1550 847 1607 Σαμαρία
875 1548 950 1593 τὸν
986 1547 1068 1592 ἀπὸ
1097 1546 1240 1605 κώμης
1263 1549 1486 1606 λεγομένης
1503 1552 1544 1592 Γ
1540 1549 1705 1603 ιτθίων,

198 1615 246 1668 ὃς
275 1619 341 1661 ἐπὶ
374 1620 594 1663 Κλαυδίου
618 1621 864 1677 Καίσαρος,
904 1618 974 1662 διὰ
995 1623 1072 1675 τῆς
1092 1624 1176 1663 τῶν
1196 1617 1471 1676 ἐνεργούντων
1498 1617 1709 1674 δαιμόνων

196 1686 369 1744 τέχνης,
408 1687 606 1745 δυνάμεις
636 1690 816 1747 μαγικὰς
849 1686 1030 1746 ποιήσας
1047 1690 1089 1733 ἓν
1110 1694 1163 1748 τῇ
1183 1687 1297 1733 πόλει
1326 1688 1468 1746 ὑμῶν,
1507 1694 1560 1748 τῇ
1579 1694 1707 1745 βασι·
1718 1700 1766 1736 ΞΟ

292 1765 327 1801 3.
353 1761 429 1802 ἀπὸ
453 1766 584 1813 τοῦδε]
612 1763 744 1803 dauwe
764 1768 809 1802 A.
902 1765 1063 1812 ἐπαρχία
1081 1765 1156 1802 BP.
1181 1764 1361 1810 ἐπαρχεία
1380 1767 1428 1801 G.
1533 1767 1567 1802 8.
1593 1778 1708 1813 στρα-

295 1814 416 1858 τηγοῦ
443 1814 490 1848 G.
620 1816 677 1850 11.
710 1812 978 1859 διδραγμάτωυ
1005 1814 1048 1851 Β.
1179 1815 1236 1850 12.
1261 1811 1375 1858 ἁγνὸς
1397 1815 1452 1861 τῷ
1471 1815 1553 1861 θεῷ
1569 1813 1612 1848 Α.

296 1860 354 1895 13.
388 1858 596 1907 μάρτυρος]
621 1860 783 1908 ῥήτορος
811 1862 857 1897 G.
979 1862 1035 1898 15.
1066 1859 1346 1909 προεβάλλοντο
1368 1861 1411 1896 Β.
1435 1860 1708 1908 προσεβᾶλλον-

294 1918 340 1943 το
364 1907 411 1942 G.
508 1911 564 1946 16.
589 1910 654 1945 καὶ
670 1907 831 1950 ἓαυτοῦς
847 1909 896 1943 G.
918 1907 983 1944 καὶ
1001 1920 1067 1943 om.
1082 1909 1124 1942 B.
1223 1910 1277 1945 17.
1302 1905 1411 1953 ὑμῶν
1430 1909 1506 1944 Bm.
1532 1907 1640 1954 ἡμῶν
1657 1911 1706 1944 G.

343 1955 402 1993 18.
419 1956 617 1994 Γαιτθίων
625 1958 673 1992 G.
685 1959 820 2005 Γητῶν
833 1968 878 1992 m.
901 1956 1005 1991 Conf.
1018 1956 1132 2002 p.331
1146 1967 1177 1992 c.
1256 1958 1315 1993 20.
1331 1953 1521 2003 ὑμῶνΒΡ.
1540 1954 1647 2004 ἡμῶν
1657 1958 1707 1993 G.

676 2029 833 2069 ANNI
862 2027 1073 2068 MUNDI
1104 2027 1232 2072 5546.

623 2083 787 2122 Dwnwm
811 2085 1102 2121 Incinmnoms
1134 2094 1196 2121 AN.
1219 2083 1280 2122 46.

201 2141 225 2222 ‘i
269 2140 453 2223 ιἿΊιιὲιιοίε).
469 2142 571 2191 regni
587 2143 692 2180 titulo
711 2145 810 2193 prius
825 2156 889 2181 usa
908 2144 1088 2190 hucusque
1107 2141 1144 2177 in
1161 2141 1420 2190 provinciarum
1441 2154 1618 2179 numerum
1640 2156 1704 2180 re·-

229 2198 268 2223 ac
286 2199 306 2223 a
323 2201 360 2223 es
380 2214 389 2223 .

296 2234 405 2270 Nova
421 2235 536 2272 insula
555 2238 748 2274 stadiorum
768 2238 815 2275 30
833 2236 927 2273 inter
945 2238 1101 2273 Theram
1121 2240 1158 2272 et
1175 2235 1381 2271 Therasiam
1402 2240 1517 2271 enata.

296 2281 465 2317 Tumultu
484 2284 606 2320 diebus
621 2288 826 2332 Azymorum
847 2289 991 2327 exorto,
1016 2284 1219 2319 Iudaeorum
1238 2283 1283 2318 ad
1303 2283 1451 2328 triginta
1473 2283 1579 2319 millia
1609 2284 1704 2321 circa

203 2332 382 2375 portarum
410 2330 526 2365 exitus
550 2332 804 2378 Hierosolymis
830 2331 1025 2367 conculcati
1052 2329 1254 2378 perierunt,
1289 2329 1445 2365 Cumano
1471 2330 1703 2368 Romanorum

202 2375 417 2411 ducesstotius
436 2377 587 2413 Iudaeae
604 2379 776 2425 praeside.

237 2469 247 2479 ⁸
294 2422 554 2479 Ingenti-fame
571 2425 759 2461 Graeciam
785 2424 982 2461 universam
1001 2422 1213 2471 depascente
1241 2422 1354 2459 tritici
1372 2424 1509 2462 modius
1538 2425 1703 2463 didrach-

202 2480 269 2507 mis
289 2482 356 2505 sex
374 2476 494 2506 venut.

297 2517 351 2553 Eo
368 2522 522 2565 tempore
536 2517 638 2554 altari
661 2519 705 2554 ab
725 2518 994 2554 Atheniensibus
1008 2516 1234 2564 inscriptum:
1258 2516 1379 2564 ignoto
1399 2517 1477 2554 deo.

203 2589 267 2631 Ex
306 2590 453 2630 Iustini
479 2589 716 2647 philosophi
748 2597 788 2630 et
815 2591 990 2631 rhetoris
1019 2589 1203 2629 oratione
1231 2589 1363 2643 prima
1392 2605 1470 2645 pro
1501 2591 1701 2632 Christia-

586 2649 650 2689 nis
679 2649 732 2688 ad
759 2649 984 2689 Antonium
1013 2649 1312 2702 Imperatorem.

299 2717 484 2763 Assumpto
502 2716 539 2753 in
559 2718 673 2754 caelos
687 2718 823 2753 domino
834 2743 845 2760 ‚
869 2716 1048 2752 nonnullos
1063 2717 1234 2754 hominum
1252 2719 1420 2766 impuiere
1437 2717 1634 2761 daemones,
1658 2720 1700 2754 ut

205 2762 291 2798 deos
310 2775 348 2798 se
367 2776 444 2798 esse
460 2765 726 2810 praedicarent,
751 2765 811 2812 qui
837 2776 906 2800 non
926 2764 1025 2800 modo
1041 2776 1062 2799 a
1087 2767 1188 2801 vobis
1210 2777 1278 2801 non
1305 2765 1433 2806 eiecti,
1461 2765 1525 2800 sed
1549 2765 1699 2802 honores

205 2820 343 2856 quoque
359 2810 497 2846 divinos
517 2812 696 2858 assequuti
715 2817 808 2847 sunt.
857 2812 914 2847 Ex
932 2812 1054 2847 horum
1077 2824 1216 2849 numero
1237 2813 1355 2848 Simon
1383 2813 1522 2858 quidam
1539 2811 1696 2847 Samari-

203 2861 304 2891 tanus
322 2857 477 2893 Gethion
495 2859 573 2894 vico
591 2864 706 2901 natus,
729 2857 860 2899 extitit,
888 2859 948 2904 qui
965 2859 1029 2893 sub
1039 2859 1187 2895 Claudio
1207 2861 1362 2896 Caesare
1380 2861 1578 2895 daemonum
1596 2859 1700 2894 auxi-

201 2902 357 2939 liantium
375 2905 597 2953 praestigiis,
619 2905 764 2954 magicis
792 2905 998 2954 quibusdam
1018 2907 1193 2954 portentis
1219 2907 1254 2944 in
1279 2906 1382 2954 regia
1410 2912 1531 2943 vestra
1555 2905 1699 2942 civitate
