1800 3236
552 169 1085 221 ‚CI-[RONOGRAPHIA.
1465 169 1567 219 687

63 279 217 333 θέντος
243 282 430 341 διωγμοῦ
449 285 636 339 Σαβῖνος
653 280 786 340 αῧτῆς
806 279 921 342 ὥρας
943 280 1286 343 Φρουμεντάριον
1304 283 1487 344 ἔπεμψεν
1505 290 1603 339 εἶςΒ

45 345 318 409 “ἆναζήτησίν
339 370 437 409 μου.
475 352 589 410 κάγὼ
606 353 683 409 μὲν
701 351 919 413 τεσσάρων
939 352 1106 414 ἡμερῶν
1126 355 1191 398 ἐπὶ
1211 359 1289 413 τῆς
1308 359 1440 408 οῗκίας
1459 359 1568 415 ἔμει-

64 441 135 477 να,
159 422 238 479 τὴν
257 422 400 482 ἄφιξιν
420 423 498 480 μὲν
514 428 590 468 τοῦ
616 426 962 483 Φρουμενταρίου
985 427 1255 484 προσδοκῶν,
1283 424 1306 471 ὅ
1330 427 1375 470 δ’
1399 428 1566 473 ἅπαντα

60 494 139 549 μὲν
170 497 399 552 περιῆλθεν
434 493 665 552 ἀνερευνῶν
675 528 688 548 ,
734 495 813 545 τὰς
852 494 999 551 ὁδοὺς,
1038 496 1139 547 τοὺς
1177 497 1421 554 ποταμοὺς,
1468 500 1569 551 τοὺς

32 561 232 622 δᾶγρούς.
270 563 380 608 ἔνθα
407 563 674 623 κρύπτεσθαί
685 582 737 620 με
756 564 783 621 ἢ
801 568 983 620 βαδίζειν
1013 565 1253 624 ὑπενόησεν.
1312 567 1494 631 ἆορασίᾳ
1522 571 1569 614 δὲ

60 635 214 692 εἴχετο,
250 635 312 692 μὴ
333 633 534 694 εὗρίσκων
555 636 632 692 τὴν
655 637 801 680 οἰκίαν.
841 636 890 680 οὐ
913 636 992 696 γὰρ
1015 639 1232 682 ἐπίστευον
1264 638 1369 682 οἷ’κοι
1389 658 1441 695 με
1464 643 1565 686 διω-
1589 642 1633 678 V·
1657 645 1723 681 291

59 703 234 761 κόμενον
251 705 388 762 μένειν
399 740 414 760 ,
446 709 514 750 καὶ
532 705 655 763 μόλις
674 707 781 762 μετὰ
802 707 878 764 τὴν
896 706 1099 766 τετάρτην
1117 706 1276 767 ἡμέραν
1295 709 1568 764 κελεύσαντός

57 793 132 833 μοι
157 780 418 834 μεταστῆναι
447 781 524 821 τοῦ
551 781 658 821 θεοῦ
692 779 760 821 καὶ
785 777 1036 835 παραδόξως
1068 777 1399 836 ὃδοποιήσαντος
1419 779 1498 839 ἓγώ
1518 800 1565 826 τε

58 849 128 891 καὶ
152 847 192 891 οῗ
208 849 354 899 παῖδες
375 848 445 891 καὶ
465 848 506 892 οἱ
525 849 673 892 πολλοὶ
693 853 778 892 τῶν
797 848 992 905 ἀδελφῶν
1015 847 1103 905 ἅμα
1128 849 1452 907 συνεξῆλθομεν.
1492 855 1562 895 καὶ

2 926 46 962 10
59 916 123 962 ὅτι
147 921 225 974 τῆς
243 922 320 962 τοῦ
338 923 445 962 θεοῦ
468 920 668 977 προνοίας
687 918 806 977 ἔργον
836 920 961 963 ἐκεῖνο
980 920 1118 977 γέγονε
1141 920 1196 964 τὰ
1216 919 1310 977 ἑξῆς
1332 920 1552 978 ἐδήλωσεν,
1567 929 1600 964 C

56 990 101 1033 ἐν
134 985 199 1039 οἷς
225 986 337 1045 τάχα
363 991 447 1032 τισὶ
473 988 696 1047 γεγόναμεν
720 987 936 1048 χρήσιμοι.
994 989 1082 1034 εἶτά
1117 1008 1211 1034 τινα
1246 992 1403 1047 μεταξὺ
1437 994 1562 1037 εῗπιὺν

55 1059 110 1103 τὰ
131 1059 239 1114 μετὰ
257 1059 338 1116 τὴν
359 1059 496 1118 φυγὴν
514 1059 630 1120 αὐτῷ
647 1058 945 1117 συμβεβηκότα
965 1062 1092 1118 δηλοῖ
1103 1066 1238 1105 ταῦτα
1259 1060 1419 1119 ἐπάγων
1432 1077 1443 1088 ·
1480 1064 1561 1121 ε’γώ

54 1131 131 1187 μὲν
151 1129 233 1189 γὰρ
253 1131 346 1189 περὶ
365 1127 486 1186 ῆλίου
509 1130 676 1187 δυσμὰς
694 1130 784 1186 ἅμα
804 1138 892 1194 τοῖς
914 1131 991 1175 σὺν
1012 1132 1104 1187 ἐμοὶ
1121 1132 1353 1189 γενομένοις
1369 1131 1453 1177 ὑπὸ
1473 1142 1563 1185 τοῖς

55 1198 335 1259 στρατιώταις
357 1202 414 1252 εἷς
429 1197 664 1259 Ταπόσιρὶν
682 1200 837 1258 ῆχθην.
877 1200 941 1246 ὅτι
962 1203 1008 1245 δὲ
1024 1201 1239 1258 Τιμόθεος
1257 1202 1365 1247 κατὰ
1385 1203 1461 1260 τὴν
1483 1208 1561 1248 τοῦ

0 1276 44 1316 15
56 1275 161 1315 θεοῦ
182 1269 387 1330 πρόνοιαν
412 1271 528 1327 ἔτυχε
555 1272 616 1328 μὴ
645 1272 818 1330 παρὼν,
855 1273 965 1329 μηδὲ
997 1274 1308 1331 καταληφθείς·
1345 1274 1485 1318 ἐλθὼν
1513 1276 1561 1319 δὲ

52 1340 232 1399 ὕστερον
253 1336 346 1400 εὗρε
367 1341 443 1386 τὸν
463 1341 576 1386 οἷκον
599 1342 754 1400 ἴρημον
775 1344 844 1386 καὶ
864 1347 1158 1401 φρουροῦντας
1178 1342 1307 1387 αὐτὸν
1327 1341 1553 1402 ὑπηρέτας,

52 1410 167 1469 ἡμᾶς
189 1413 234 1456 δὲ
253 1413 723 1470 ἐξηνδραποδισμένης.
761 1415 830 1457 καὶ
842 1413 948 1468 μεθ’
967 1411 1087 1471 ἕτερά
1108 1430 1211 1472 φησι
1226 1427 1237 1438 ·
1263 1415 1331 1457 καὶ
1353 1416 1415 1465 τίς
1435 1412 1457 1457 ὃ
1479 1419 1556 1471 τῆς

51 1487 313 1540 θαυμαστῆς
342 1483 474 1527 αὐτοῦ
510 1485 749 1540 οἰκονομίας
776 1482 958 1541 τρόπος;
993 1483 1047 1527 τὰ
1067 1484 1147 1542 γὰρ
1178 1483 1323 1540 ἀληθῆ
1347 1482 1552 1541 λεχθήσε-

51 1544 135 1597 ται.
181 1550 397 1610 ἆπηντᾶτό
420 1570 484 1605 τις
510 1558 595 1598 τῶν
621 1558 814 1613 χωριτιῦν
838 1552 1116 1612 ὑποφεύγοντι
1153 1558 1214 1614 τῷ
1245 1555 1446 1614 Τιμοθέῳ
1479 1557 1591 1598 καὶΒ

0 1624 344 1684 ἕθτεταραγμένῳ
366 1626 436 1668 καὶ
462 1625 539 1681 τὴν
560 1626 697 1669 αἰτίαν
720 1629 797 1681 τῆς
818 1625 1003 1676 ἐπείξεως
1023 1623 1217 1669 ἐπύθετο.
1256 1622 1279 1668 ὅ
1301 1625 1347 1667 δὲ
1369 1624 1556 1681 τάληθὲς

52 1695 249 1750 ἐξειπών,
288 1694 473 1747 κάκεῖνος
492 1693 699 1750 ἀκούσας,
737 1693 858 1754 ἀπῄει
882 1695 928 1739 δ’
953 1694 1262 1752 εὖωχησόμενος
1278 1692 1424 1755 γάμῳ,
1457 1697 1552 1738 δια·

51 1767 310 1823 παννυχίζειν
331 1765 412 1825 γὰρ
434 1766 548 1828 αὐτῷ
571 1768 613 1811 ἐν
630 1773 724 1817 ταῖς
742 1764 956 1818 τοιαύταις
978 1765 1172 1817 συνόδοις
1192 1765 1313 1820 ἔθος,
1349 1766 1554 1810 εἰσελθών

142 1856 178 1892 3.
203 1849 345 1891 ἅπαντι
365 1855 412 1892 G.
530 1857 564 1893 5.
597 1851 620 1903 ἢ
640 1855 806 1904 βαδίζειν
825 1856 866 1890 Ρ.
891 1851 1091 1901 ήδαφίζειν
1106 1855 1154 1890 G.
1273 1855 1331 1890 12.
1354 1852 1484 1900 ἐπάγει
1504 1855 1547 1890 Α.

212 1904 273 1985 ἐξ.
297 1899 371 1987 γάρ
394 1914 459 1938 om.
477 1903 521 1939 Α.
624 1906 680 1941 15.
706 1904 975 1949 καταλειφθείς
992 1904 1033 1937 Α.
1131 1904 1187 1942 16.
1211 1898 1346 1948 αὐτὸν]
1370 1900 1474 1950 αὐτῷ
1494 1903 1543 1938 (ἔτι

263 1976 272 1985 .
317 1950 470 1995 πείξεως
483 1951 514 1985 Ρ
536 1962 613 1986 cum
631 1951 798 1987 Eusebio.
825 1948 1036 1996 ἐπιδείξεως
1052 1950 1101 1989 G.
1192 1951 1254 1989 21.
1278 1947 1390 1997 ἀπείη
1408 1951 1452 1986 Α.
1487 1979 1492 1984 ,

140 1997 200 2034 22.
224 1997 404 2035 εἰσελθών
423 2010 489 2034 om.
510 1999 558 2034 G.

52 2070 200 2102 versute
227 2079 249 2103 a
272 2067 376 2104 Decii
401 2070 470 2105 iam
495 2069 709 2115 temporibus
735 2072 858 2105 exorta
875 2068 1139 2116 persecutione,
1163 2067 1313 2104 Sabinus
1330 2079 1372 2103 eo
1387 2070 1546 2114 tempore

47 2114 330 2157 meentarium
354 2128 410 2151 me
439 2118 710 2163 perquisiturum
730 2118 834 2152 misit.
882 2118 962 2163 Ego
983 2116 1120 2163 quidem
1142 2120 1293 2163 quatuor
1311 2115 1388 2150 dies
1409 2115 1543 2150 adven·-

46 2165 119 2197 tum
131 2162 366 2199 Frumentarii
381 2164 473 2199 domi
481 2165 714 2210 praestolatus
729 2165 858 2207 mansi3
877 2165 936 2200 ille
947 2176 1032 2199 vero
1045 2163 1120 2199 loca
1130 2164 1405 2199 circumcursans
1417 2162 1542 2204 omnia,

47 2210 137 2252 vias,
162 2208 312 2254 fluvios,
338 2222 442 2257 agros
455 2238 465 2253 ,
491 2211 619 2257 quibus
638 2223 692 2247 me
710 2212 875 2255 recondi,
906 2211 963 2246 vel
984 2211 1148 2246 incedere
1166 2210 1430 2257 suspicabatur,
1446 2220 1544 2256 ·per-

46 2258 271 2303 vestigabat3
291 2261 328 2294 et
344 2270 412 2293 non
429 2258 573 2293 inventa
590 2259 690 2294 domo
708 2272 804 2303 mea,
825 2259 998 2294 caecitate
1018 2263 1156 2304 captum
1173 2258 1342 2299 dixisses3
1367 2268 1436 2292 non
1453 2256 1542 2292 enim

46 2314 102 2339 me
118 2305 352 2353 perquisitum
372 2306 604 2353 undequaque
624 2307 714 2341 domi
736 2308 916 2342 continere
937 2306 1192 2341 coniectabant.
1248 2305 1388 2347 Quarto
1408 2304 1540 2338 demum

46 2351 127 2394 die,
153 2351 291 2388 domino
307 2353 388 2388 viae
407 2354 498 2389 duce
518 2353 696 2400 inopinato
715 2355 867 2400 migrare
886 2353 1029 2390 iubente
1042 2378 1054 2396 ,
1078 2365 1145 2399 ego
1170 2355 1207 2388 et
1226 2351 1350 2399 pueri,
1374 2351 1541 2386 fratrum-

45 2410 116 2444 que
146 2398 284 2445 plurimi
315 2401 624 2447 commigravimus.
679 2401 830 2437 Divinae
858 2412 944 2437 vero
978 2399 1223 2448 providentiae
1250 2400 1317 2435 hoc
1343 2398 1540 2433 institutum

46 2447 157 2481 fuisse
177 2447 374 2492 sequentia,
405 2447 441 2482 in
469 2449 596 2495 quibus
622 2449 742 2484 forsan
767 2448 939 2484 nonnullis
961 2447 1065 2483 utiles
1084 2447 1234 2492 fuimus,
1259 2446 1538 2482 declaraverunt.

46 2492 272 2535 Quibusdam.
289 2493 417 2530 deinde
445 2495 688 2542 interpositis,
711 2508 802 2542 quae
829 2502 910 2543 post
933 2495 1052 2542 fugam
1081 2494 1303 2541 contigerunt
1326 2491 1538 2532 manifestat,

44 2541 155 2576 verba
174 2540 390 2587 subiungens
410 2542 619 2577 huiusmodi.
667 2543 746 2590 Ego
767 2543 906 2589 quidem
927 2542 1021 2578 circa
1039 2541 1121 2577 solis
1141 2541 1332 2577 occubitum
1352 2550 1428 2574 cum
1448 2537 1538 2572 mili-

43 2587 140 2622 tibus
170 2588 250 2623 viae
280 2588 465 2625 comitibus
493 2589 696 2635 Taposirim
726 2602 802 2626 sum
832 2590 970 2626 ductus.
1026 2589 1233 2625 Timotheus
1259 2591 1372 2622 autem
1400 2585 1537 2625 absens,

45 2634 112 2669 deo
135 2635 188 2670 ita
215 2635 442 2682 providente,
467 2648 535 2671 non
552 2637 670 2672 fuerat
695 2636 935 2685 interceptus3
959 2636 1095 2672 domum
1114 2640 1228 2671 autem
1246 2633 1444 2680 profectus,
1469 2630 1533 2665 de·-

43 2685 172 2717 sertam
199 2682 335 2719 invenit
366 2688 402 2719 et
429 2684 666 2719 custodientes
700 2696 775 2720 eam
810 2684 1007 2729 ministros,
1041 2696 1104 2718 nos
1130 2694 1216 2719 vero
1243 2683 1331 2726 fuga
1365 2678 1532 2733 salvat-os.

43 2729 96 2764 Ac
127 2729 334 2776 quibusdam
360 2730 509 2766 adiectis
534 2731 596 2767 ait.
657 2731 747 2774 Quis
777 2736 892 2767 autem
930 2730 1143 2767 admirabilis
1175 2729 1261 2765 adeo
1288 2725 1532 2779 prouder-mae

29 2775 196 2812 modus?
230 2778 328 2812 Vera
354 2790 502 2825 namque
526 2790 548 2813 a
574 2778 674 2813 nobis
699 2779 911 2815 referentur.
967 2778 1158 2814 Incolarum
1177 2787 1244 2810 non
1265 2784 1362 2808 nemo
1379 2772 1531 2816 fugienti

42 2822 230 2860 Timotheo
256 2826 504 2872 turbatumque
533 2825 680 2861 animum
709 2825 924 2873 praeferenti
959 2825 1137 2866 occurrit,
1169 2821 1359 2866 celerisque
1389 2828 1533 2864 gressus

0 2911 3 2915 ,
42 2880 182 2906 causam
196 2876 311 2918 rogat.
360 2873 425 2908 Illo
448 2884 566 2909 verum
590 2873 770 2918 confesso,
795 2874 856 2921 qui
874 2872 1034 2909 audierat
1052 2869 1181 2916 nuptiis
1206 2867 1354 2904 conviva
1377 2866 1530 2908 futurus,

40 2916 216 2963 discessit,
246 2919 468 2966 (huiusmodi
492 2932 578 2957 vero
595 2921 824 2958 conventibus
848 2924 958 2957 totam
991 2923 1126 2955 noctem
1152 2913 1310 2952 convivio
1340 2911 1530 2949 traducere
