1800 3236
204 161 308 211 412
678 166 932 214 GEORGII
958 166 1246 214 SYNCELLI

204 277 276 336 ἴτη
305 273 406 340 τξγ’,
452 273 613 336 κόσμου
642 277 714 337 ἔτη
751 277 869 341 ,tuest
916 280 985 323 καὶ
1013 279 1095 324 ἀπὸ
1135 279 1266 338 ἀρχῆς
1305 283 1390 325 τῶν
1425 279 1599 339 ἀνιέρων
1635 282 1706 325 διὰ

198 347 432 407 χρημάτων
452 348 754 407 κρατησάντων
780 347 978 403 Ἰάσονος,
1018 349 1240 394 Μενελάου
1264 353 1331 394 καὶ
1356 350 1616 408 Λυσιμάχου
1638 354 1705 396 ἐπὶ

202 425 280 476 τῆς
300 418 493 470 ἀπιστίας
508 418 720 475 Ἀντιόχου
745 419 823 470 ἕως
842 417 981 462 Ἰούδα
997 420 1091 463 υἱοῦ
1109 422 1319 465 Ματθίου
1339 420 1411 478 ἔτη
1431 420 1505 467 ιθ’.
1544 420 1703 478 κόσμου

201 491 248 534 δὲ
269 489 342 546 ἔτη
363 487 499 550 ,ετλόἲ
538 491 606 532 καὶ
626 489 707 533 ἀπὸ
731 494 805 544 τῆς
826 489 957 545 ἀρχῆς
973 488 1110 534 Ἰούδα
1134 491 1355 549 ἀρχιερέως
1377 492 1472 535 υἱοῦ
1492 494 1704 536 Ματθιόυ

201 561 280 612 ἕως
297 557 359 617 λγ’
382 559 501 610 ἔτους
523 556 747 617 Ἡρώδου,
782 564 1123 617 τεσσαρακοστοῦ
1145 562 1190 604 δὲ
1218 562 1360 618 τρίτου
1393 561 1512 613 ἔτους
1530 561 1734 620 Αὖγού-5

200 648 304 675 στου
333 629 579 687 Καίσαρος,
625 627 693 674 ὅτε
719 629 767 673 τό
800 629 908 673 κατὰ
937 627 1075 687 σάρκα
1103 631 1146 674 ἐκ
1176 636 1253 689 τῆς
1283 629 1402 689 ἁγίας
1432 633 1649 690 παρθένου
1681 631 1704 677 ὅ

198 699 343 759 κύριος
371 699 551 757 ἐτέχθη,
587 697 659 757 ἔτη
688 697 787 759 ρξζ,
825 697 985 757 κόσμου
1016 701 1062 745 δὲ
1085 699 1218 763 ,εφαᾯ
1255 703 1354 759 μηνὶ
1372 703 1618 765 Δεκεμβρίῳ
1642 705 1705 748 ἴν-

202 773 309 815 δικτ.
338 767 428 832 α’.]

161 847 193 884 Β
312 840 526 898 Τέσσαρες
558 837 773 898 γεγόνασιν
796 841 835 885 οἱ
857 841 940 884 υἱοὶ
967 845 1043 885 τοῦ
1065 842 1275 901 μακαρίου
1296 841 1480 897 Ἰωσίου,
1515 839 1702 899 Ἰωάχαζ,

194 911 403 967 Ἐλιακεὶμ
432 908 454 955 ὅ
484 911 554 954 καὶ
580 911 792 967 Ἰωακεὶμ,
826 910 996 965 Ἰωνάν,
1030 914 1226 964 Σεδεκίας
1245 911 1266 957 ὃ
1286 915 1354 956 καὶ
1379 913 1597 969 Ἰεχονίας,
1635 915 1762 956 >fallo

197 981 402 1040 τέταρτος
431 978 620 1036 Σαλούμ.
658 983 727 1024 καὶ
758 981 831 1025 τὸν
861 982 938 1038 μὲν
956 980 1133 1038 Ἰωάχαζ
1147 981 1230 1027 ὕπὸ
1250 988 1326 1028 τοῦ
1355 987 1461 1027 2.αοῦ
1481 983 1588 1039 μετὰ
1615 981 1704 1027 θά-

197 1069 327 1097 νατον
350 1046 518 1096 Ἰωσίου
547 1051 707 1108 πατρὸς
745 1053 977 1109 χρισθέντα
1000 1049 1062 1103 εἷς
1089 1054 1266 1106 βασιλέα
1297 1054 1522 1110 μετέστησε
1550 1053 1705 1110 Νεχαὼ

203 1121 367 1180 Φαραὼ
386 1124 443 1173 εἷς
462 1121 707 1179 Αἴγυπτον,
745 1122 851 1165 ἔνθα
877 1124 945 1166 καὶ
969 1111 1242 1180 ἀποθνήσκει.
1282 1122 1416 1182 φόρον
1436 1141 1479 1167 τε
1503 1124 1702 1182 ἀργυρίου

199 1190 419 1237 ταλάντων
448 1190 485 1250 ρ’
505 1193 573 1235 καὶ
591 1193 769 1250 χρυσίου
791 1191 1000 1236 ταλάντου
1022 1191 1135 1247 ἑνὸς,
1171 1193 1198 1250 ἢ
1233 1193 1290 1245 ὥς
1309 1211 1415 1245 τινες
1438 1192 1488 1248 ι’,
1527 1199 1580 1252 τῇ
1595 1194 1703 1238 ’Iov-

145 1295 149 1301 -
199 1264 301 1325 δαία
323 1262 516 1318 ἐπέθηκε,
554 1261 825 1319 καταστήσας
841 1263 1049 1319 Ἔλιακεὶμ
1073 1263 1146 1308 τὸν
1169 1264 1352 1323 ἀδελφὸν
1369 1264 1500 1308 αὐτοῦ
1522 1265 1699 1320 βασιλέα
1716 1273 1760 1309 15

198 1333 274 1378 τὸν
305 1334 374 1377 καὶ
402 1332 589 1388 Ἰωακεὶμ
617 1333 938 1389 μετακληθέντα
957 1332 1032 1377 ὑπ’
1059 1333 1203 1379 αὐτοῦ.
1242 1335 1536 1393 ἀναιρεθέντος
1560 1336 1606 1378 δὲ
1624 1340 1701 1379 τοῦ

198 1403 331 1448 αὖτοῦ
350 1405 505 1459 Νεχαῶ
531 1407 694 1461 Φαραώ
724 1401 805 1447 ὑπὸ
830 1408 905 1447 τοῦ
925 1403 1322 1464 Ναβουχοδονόσωρ
1340 1410 1400 1464 τῷ
1423 1405 1601 1464 δευτέρῳ
1624 1405 1702 1449 ἔτει

161 1479 279 1531 Οτῆς
306 1474 523 1529 βασιλείας
540 1473 672 1518 αὐτοῦ
685 1508 698 1527 ,
739 1474 846 1517 κατὰ
864 1474 913 1518 τὸ
935 1473 972 1518 δ’
994 1474 1086 1526 ἔτος
1101 1476 1290 1530 Ἰωακεὶμ
1300 1509 1314 1530 ,
1354 1474 1411 1527 ὥς
1429 1493 1558 1534 φησιν
1578 1474 1702 1534 Ἰερε-

193 1546 309 1602 μίας,
331 1542 523 1587 ἀνελθὼν
535 1541 878 1588 κατεδουλώσατο
899 1544 1166 1601 τὸνἸωακεὶμ
1189 1544 1618 1604 ὃΝαβουχοδονόσωρ
1630 1546 1700 1603 ἔτη

194 1613 248 1674 γ’,
270 1613 510 1659 τοῦτ’ἴστιν
529 1616 605 1666 ἕως
617 1619 691 1658 τοῦ
711 1612 882 1671 η’ἕτους
892 1615 1234 1673 αὐτοῦἸωακείιι.
1257 1615 1499 1660 ἀποστάντα
1513 1617 1558 1660 δὲ
1575 1615 1699 1660 πάλιν
1711 1625 1759 1660 20

291 1705 325 1740 1.
352 1700 431 1749 ἔτη]
457 1701 566 1747 ἔτους
588 1705 638 1741 G.
747 1701 891 1749 κόσμου
914 1703 1154 1750 ἕτη]’κόσμου
1177 1704 1260 1748 ἔτος
1284 1705 1332 1742 G.
1437 1705 1473 1742 2.
1500 1703 1714 1750 χρημάτων»

287 1769 336 1776 --
363 1750 518 1792 ἰάσονος
547 1753 589 1786 Β.
625 1749 798 1798 χρήματα
818 1772 863 1778 —-
881 1752 1048 1794 Ιοὶσωνος
1073 1755 1122 1789 G.
1261 1755 1297 1790 3.
1331 1748 1525 1794 ἆπιστείας
1552 1753 1593 1787 B.

289 1799 324 1834 6.
348 1795 390 1834 τὸ
412 1810 478 1834 om.
497 1800 546 1835 G.
673 1798 693 1836 ὃ
720 1798 851 1844 κύριος
871 1800 991 1834 addidi
1012 1812 1055 1834 ex
1076 1801 1119 1835 B.
1237 1803 1271 1838 7.
1304 1799 1396 1847 μηνὶ
1417 1801 1619 1847 δεκεμβρίῳ
1643 1800 1699 1836 ἰν-

290 1845 387 1881 δικτ.
409 1843 442 1880 α’
461 1847 503 1881 Β.
608 1845 727 1893 μηνὸς
745 1848 976 1894 Δεκεμβρίου
999 1845 1034 1883 α’
1053 1844 1123 1893 (κε’
1140 1848 1204 1894 m.)
1227 1849 1274 1882 G.
1383 1849 1420 1885 9.
1451 1847 1634 1891 Τέσσαρες
1655 1867 1698 1874 -

286 1890 464 1937 τέταρτος
481 1905 514 1928 m
533 1901 732 1940 comparato
751 1895 905 1941 Paralip.
925 1895 953 1932 1.
977 1896 1012 1936 3,
1039 1896 1093 1931 15.
1118 1896 1323 1941 Legebatur
1335 1893 1452 1932 Πέντε
1465 1894 1698 1940 -πέμπτος,

370 1940 407 1976 ΟΞ
433 1953 500 1975 0¹1¹·
521 1941 568 1975 G·
693 1946 747 1980 10.
775 1941 796 1978 ὁ
813 1942 878 1979 καὶ
901 1941 1059 1987 ἰωακεὶμ
1075 1942 1116 1976 Β.
1141 1944 1275 1979 Aberat
1297 1938 1329 1978 ὁ.
1453 1943 1570 1979 ἰωνᾶν
1591 1943 1699 1977 addi-

290 1985 329 2021 di
349 1998 394 2022 ex
413 1988 473 2023 AB
497 1987 534 2023 in
551 1983 684 2025 Ἰωνοὶν
706 1994 882 2025 mutatum.
1007 1993 1064 2027 11.
1092 1990 1234 2037 σαλοΰμ
1256 1991 1298 2027 Β.
1324 1991 1469 2035 σαλοῦμ
1485 1992 1527 2025 Α.
1551 1992 1700 2026 Σαλου-

287 2032 371 2081 mlv
391 2035 440 2069 G.
569 2038 625 2072 12.
652 2036 795 2082 πατρὸς
814 2038 856 2072 Β.
884 2037 955 2074 τοῦ
977 2036 1121 2082 πατρὸς
1148 2039 1195 2072 G.
1314 2037 1369 2074 14.
1394 2036 1604 2083 ταλάντων]
1632 2035 1700 2073 τά·

289 2084 408 2118 λαντα
427 2081 475 2116 G·
574 2086 630 2122 15.
656 2083 838 2129 ἐπέθηκεν
851 2085 893 2119 Β.
919 2082 1110 2130 (ἐπέθηκεν
1132 2086 1179 2120 G.
1271 2079 1480 2168 'Eltanslffl{
1499 2084 1564 2122 τὸν
1585 2087 1699 2122 Eaca-

290 2128 376 2176 κεὶμ
391 2130 439 2164 G.
536 2132 592 2167 19.
618 2129 791 2169 ἀνελθών
811 2132 854 2167 Β.
879 2126 962 2169 ἀλλ’
983 2129 1109 2169 ἐλθών
1130 2132 1179 2167 G.
1272 2130 1332 2168 20.
1355 2131 1435 2179 ἔτη]
1477 2131 1537 2169 ’τει
1561 2133 1610 2168 G.
1679 2141 1681 2143 ·

198 2211 319 2236 norum
348 2199 519 2247 pontificii
534 2200 648 2237 Oniae
669 2202 750 2237 anni
770 2203 841 2239 363
857 2206 1084 2238 numerantur
1099 2201 1218 2237 mundi
1244 2202 1339 2239 5315
1354 2205 1390 2237 et
1413 2203 1458 2238 ab
1477 2203 1620 2238 exordio
1639 2215 1698 2238 sa-

198 2247 407 2293 crilegorum
428 2259 470 2281 ac
493 2248 648 2293 pecuniis
675 2249 890 2295 pontificium
913 2250 1142 2294 obtinentium
1169 2249 1326 2291 Iasonis,
1361 2249 1513 2285 Menelai
1536 2256 1572 2285 et
1590 2251 1697 2296 Lysi-

198 2295 312 2330 machi
340 2295 385 2329 ad
404 2293 553 2328 infidelis
576 2295 738 2330 Antiochi
760 2297 941 2342 probatam
967 2296 1170 2338 saevitiam,
1196 2295 1240 2330 ad
1267 2296 1387 2331 Iudam
1417 2296 1573 2332 nimirum
1599 2298 1698 2332 Mat-

197 2341 293 2377 thiae
317 2341 423 2376 filium
449 2341 531 2375 anni
550 2343 614 2385 19,
642 2343 701 2388 qui
725 2343 844 2378 mundi
872 2343 968 2380 5334
987 2347 1023 2378 et
1049 2344 1093 2378 ab
1116 2343 1227 2378 Iudae
1245 2344 1420 2389 pontificis
1439 2344 1612 2380 Matthiae
1633 2344 1696 2379 filii

197 2388 371 2436 principio
391 2387 436 2423 ad
453 2389 499 2425 33
519 2389 671 2424 Herodis
688 2401 835 2433 annum,
861 2390 921 2436 qui
942 2390 1094 2436 Augusti
1114 2390 1278 2426 Caesaris
1297 2391 1365 2425 fuit
1381 2392 1448 2435 43,
1473 2404 1547 2427 cum
1572 2403 1696 2427 secun-

197 2436 280 2471 dum
302 2447 440 2473 carnem
460 2447 505 2470 ex
525 2441 646 2471 sancta
667 2436 806 2482 virgine
831 2443 934 2471 natus
955 2443 1010 2472 est
1031 2437 1213 2480 Christus,
1248 2438 1330 2472 anni
1351 2440 1439 2482 167,
1464 2439 1525 2486 qui
1546 2439 1696 2474 adscen-

197 2483 286 2518 dunt
302 2483 347 2518 ad
364 2483 529 2528 vulgares
546 2483 661 2518 mundi
680 2495 789 2518 annos
807 2485 898 2521 5501
914 2510 925 2528 ‚
949 2485 1076 2520 mensis
1095 2485 1288 2519 decembris
1305 2486 1362 2520 25.

290 2529 413 2566 Liberi
439 2530 542 2565 beato
561 2530 676 2566 Iosiae
700 2530 774 2565 nati
801 2537 882 2566 sunt
909 2538 1078 2578 quatuor:
1112 2532 1282 2575 Ioachaz‚
1306 2532 1478 2575 Eliacim,
1503 2532 1566 2579 qui
1590 2532 1695 2567 etiam

196 2576 346 2619 Ioacim,
370 2576 559 2620 Sedecim,
585 2578 647 2624 qui
674 2582 711 2612 et
731 2578 933 2621 hchonias,
959 2584 996 2614 et
1018 2579 1160 2625 quintus
1183 2581 1310 2615 Salum.
1358 2579 1527 2614 Et'Iosia
1556 2579 1695 2624 quidem

198 2629 300 2670 patre
316 2623 407 2659 vivis
427 2629 570 2671 erepto,
601 2624 751 2659 Ioachaz
774 2637 795 2660 a
815 2625 943 2671 populo
965 2638 1081 2671 regem
1109 2632 1250 2662 unctum
1271 2627 1526 2673 transportavit
1549 2627 1695 2662 Nechao

197 2672 337 2707 Pharao
358 2670 393 2706 in
409 2672 629 2718 Aegyptum,
654 2672 714 2707 ubi
738 2671 826 2708 diem
846 2672 954 2715 obiit3
977 2677 1014 2708 et
1045 2673 1205 2719 imposito
1226 2674 1376 2709 Iudaeae
1404 2673 1608 2708 talentorum
1636 2685 1695 2708 ar-

197 2719 295 2764 genti
321 2724 457 2754 centum
484 2724 523 2754 et
548 2719 673 2761 unius,
708 2719 765 2754 vel
789 2725 827 2754 ut
856 2720 1059 2765 quibusdam
1090 2720 1225 2766 placet,
1249 2721 1368 2756 decem
1388 2721 1464 2755 auri
1488 2721 1695 2756 talentorum

157 2788 159 2791 »
196 2766 352 2809 tributo,
378 2765 526 2802 Eliacim
556 2766 700 2802 fratrem
731 2767 828 2809 eius,
853 2767 980 2801 Ioacim
1009 2767 1136 2802 deinde
1164 2769 1208 2803 ab
1230 2780 1271 2803 eo
1298 2773 1479 2810 vocatum,
1503 2767 1693 2814 principem

195 2812 392 2848 constituit.
441 2813 588 2849 Nechao
605 2825 689 2849 vero
708 2813 889 2848 Pharaone
911 2825 932 2848 a
953 2814 1278 2850 Nabuchodonosor
1296 2814 1449 2850 secundo
1479 2814 1578 2860 regni
1606 2815 1694 2857 eius,

193 2858 323 2894 Ioacim
349 2871 434 2894 vero
463 2859 562 2906 regni
591 2864 737 2908 quarto,
763 2861 922 2903 sublato,
945 2864 983 2895 ut
1003 2861 1104 2896 testis
1133 2866 1186 2896 est
1208 2861 1427 2905 Hieremias;
1459 2862 1638 2908 profectus
1658 2863 1695 2896 in

194 2905 322 2942 loacim
339 2906 664 2944 Nabuchodonosor
681 2908 783 2955 regni
800 2907 855 2944 sui
872 2909 896 2946 3
912 2920 1049 2944 servum
1067 2908 1133 2944 sibi
1149 2909 1316 2952 reddidit,
1340 2910 1406 2945 hoc
1420 2915 1476 2945 est
1488 2934 1499 2951 ,
1522 2908 1567 2945 ad
1583 2907 1694 2956 ipsius
