1754 3236
181 229 185 233 ν
203 193 271 241 68
666 194 918 241 GEORGII
951 193 1240 241 SYNCELLI

202 303 433 363 συνιστῶν,
478 305 606 366 ἤγουν
649 307 690 351 οἱ
719 311 804 351 τῶν
831 308 1090 350 Χαλδαϊκῶν
1118 307 1188 350 καὶ
1217 305 1257 350 οἱ
1287 308 1376 350 τῶν
1409 304 1714 363 Αἲγυπτιακῶν

205 386 470 439 συγγραφεῖς,
509 376 693 436 θάτερος
714 377 762 422 οὗ
784 378 990 434 μέμνηται
1013 377 1109 420 οὐδὲ
1132 381 1309 438 συνιστᾷ
1333 374 1354 420 ὃ
1374 380 1459 420 τῶν
1471 377 1713 433 Αἰγυπτια-

205 455 289 496 κῶν
318 450 372 494 τὰ
392 454 475 493 τῶν
493 451 776 502 Χαλδαϊκῶν,
815 450 908 506 περὶ
929 447 1084 498 αὐτοὺς
1096 480 1108 501 ,
1145 446 1204 498 ὥς
1225 462 1345 506 φασι,
1372 444 1626 503 ψευδόμενοι
1645 464 1713 504 γε-

204 518 372 580 γονότα,
411 519 503 563 οὐδ’
538 517 559 563 ὃ
580 523 663 562 τῶν
683 520 941 562 Χαλδαϊκῶν
957 517 1011 560 τὰ
1030 522 1115 561 τῶν
1136 521 1452 575 Αἰγυπτιακῶν,
1492 516 1589 559 ἀλλ’
1615 517 1713 560 ἕκα-

211 609 310 642 στος
331 590 378 635 τὸ
405 590 512 633 ἴδιον
539 589 665 640 ἔθνος
684 590 752 632 καὶ
781 588 858 646 τὴν
891 589 1076 646 πατρίδα
1100 587 1286 642 δοξάζων
1307 586 1497 646 ἀράχνας
1516 585 1680 646 ὑφαίνει
1699 597 1741 634 ’5

209 662 347 706 ἔπειτα
378 662 446 704 καὶ
478 661 521 703 ἔκ
551 663 625 703 τοῦ
657 657 827 717 πρώτου
860 659 937 715 τὴν
959 659 1179 716 Αἴγυπτον
1199 657 1283 703 ὑπὸ
1307 663 1384 702 τοῦ
1407 659 1614 715 Μεστρὲμ
1637 662 1714 701 τοῦ

209 732 402 791 δευτέρου
421 730 515 774 vio&
540 730 662 786 Χὰμ,
677 729 784 773 κατὰ
804 729 880 786 τὴν
899 729 1080 788 γραφὴν,
1102 730 1224 774 θείου
1259 730 1305 773 δὲ
1314 733 1390 774 τοῦ
1408 729 1592 788 Νεβρώδ
1617 728 1712 772 υἱοῦ

77 808 119 844 P.
142 805 189 843 38
211 806 334 853 Χοῦς
366 801 460 845 υῗοῧ
491 800 598 856 ,Χάμ
639 804 713 844 τοῦ
753 798 950 858 πρώτου,
996 805 1320 857 κατοικισθῆναι
1352 801 1420 844 καὶ
1449 803 1715 855 βασιλευθῆ-

209 892 299 928 ναι,
340 871 420 930 ἀφ’
444 865 493 915 οὗ
514 872 582 914 καὶ
605 870 680 922 ἕως
701 872 823 914 τοῦδε
855 875 930 914 τοῦ
961 868 1115 929 χρόνου
1146 871 1254 930 παρ’
1281 869 1495 929 Ἑβραίοις
1524 872 1594 914 καὶ
1625 868 1715 914 Σύ-

213 961 301 1003 ροις
322 944 390 986 καὶ
411 940 571 1000 ’Άραψι
604 940 713 985 οὕτω
741 945 924 985 καλεῖται
960 939 986 998 ἡ
1018 939 1141 1000 χώρα
1173 943 1430 1000 Μεστραιά,
1471 942 1541 985 καὶ
1583 945 1754 990 τοῦτου

211 1015 339 1058 πᾶσίν
375 1013 487 1056 ἐστιν
515 1012 738 1070 ἱστορικοῖς
767 1010 1006 1070 πρόδηλον,
1046 1014 1082 1055 εἰ
1114 1014 1183 1055 καὶ
1218 1012 1293 1056 οὐκ
1317 1010 1404 1056 οἶδ’
1431 1011 1546 1063 ὅπως
1574 1010 1713 1069 ὥσπερ

211 1084 268 1129 τὰ
293 1087 367 1140 τῆς
395 1084 668 1139 Χαλδαϊκῆς,
708 1081 819 1126 οὕτω
850 1085 919 1126 καὶ
951 1082 1004 1126 τὰ
1034 1086 1110 1139 τῆς
1140 1084 1434 1145 Αἰγυπτιακῆς
1467 1083 1716 1133 δυναστείας

214 1151 572 1211 ’ψευδηγορήματα
612 1157 872 1209 στοιχειῶσαι
904 1153 1089 1210 ἠξιίοσαν
1129 1152 1269 1197 πάντα
1307 1152 1446 1211 ψεύδη
1479 1151 1712 1213 πεφυκότα,

215 1223 273 1276 ὦς
300 1222 327 1281 ἧ
351 1222 530 1280 ἀλήθεια
559 1221 667 1280 μόνη
690 1223 924 1278 ἀπέδειξεν,
965 1218 1016 1280 ἧς
1057 1223 1180 1268 οὐδὲν
1209 1223 1493 1283 ἰσχυρότερον.
1548 1221 1715 1268 τούτων

215 1291 291 1339 οὖν
312 1294 360 1338 οὗ
381 1298 582 1352 περιττῶς
604 1292 718 1349 οἶμαι
739 1295 1108 1353 διασαφισθὲντων
1129 1293 1370 1339 ἀκόλουθόν
1401 1296 1512 1339 ἔστιν
1528 1294 1714 1352 Ἀβυδη-
1727 1303 1754 1340 1:

213 1369 289 1409 νοῦ
310 1382 352 1409 τε
371 1366 441 1408 καὶ
455 1363 773 1422 Ἀπολλοδώρου
792 1364 921 1422 μικρὰ
941 1363 1146 1424 κεφάλαια
1169 1368 1261 1424 περὶ
1281 1370 1365 1410 τῶν
1398 1366 1540 1410 αὐτῶν
1570 1383 1713 1424 παρα-

179 1436 399 1489 Βθέντας,
439 1433 497 1478 ἔτι
518 1435 562 1478 δὲ
582 1436 650 1478 καὶ
668 1438 867 1479 Mamm&
888 1437 993 1493 πρὸς
1020 1437 1180 1480 τελείαν
1206 1435 1415 1489 ἀπόδειξιν
1446 1441 1523 1494 τῆς
1549 1437 1714 1480 ἐκείνων

217 1505 483 1564 ἀνατροπῆς,
533 1506 602 1548 καὶ
638 1506 709 1548 ἵνα
744 1504 805 1562 μή
833 1523 895 1557 τις
924 1508 1056 1550 ἐκεῖνα
1098 1508 1232 1564 ζητῶν
1263 1507 1498 1567 ἀναγνῶναι
1529 1507 1583 1551 τὰ
1616 1524 1718 1565 συγ-

210 1573 439 1635 γράμματα
469 1577 561 1633 περὶ
591 1574 750 1626 πολλὰς
780 1576 1002 1632 ἀσχολοῖτο
1028 1578 1227 1633 βίβλους,
1265 1578 1396 1635 πέρας
1425 1579 1631 1622 ἐπιθεῖναι
1653 1581 1713 1638 τῷ

210 1648 303 1705 περὶ
328 1646 467 1689 αὐτῶν
489 1644 621 1705 λόγῳ,
661 1647 730 1689 καὶ
755 1645 866 1690 οὕτω
895 1651 972 1704 τῆς
1003 1651 1152 1705 λοιπῆς
1177 1647 1286 1691 κατὰ
1318 1647 1493 1706 δύναμιν
1524 1648 1754 1707 ἶστοριάςΞΙ

213 1717 502 1773 ἐπιλαβέσθαι.
551 1716 654 1773 λέγει
678 1716 759 1776 γὰρ
792 1715 813 1761 ὃ
836 1717 1067 1776 Ἀβυδηνὸς
1095 1716 1287 1782 συνᾴδων
1305 1720 1406 1776 μὲν,
1446 1719 1524 1764 οὔκ
1547 1721 1591 1764 ἐν
1610 1724 1714 1763 πᾶσι

215 1788 284 1842 δὲ,
320 1791 380 1846 τῷ
403 1784 661 1846 Ἀλεξάνδρῳ
677 1800 687 1812 ·

304 1853 339 1889 8.
364 1851 412 1887 τὰ
429 1855 504 1887 τῶν
527 1853 569 1886 Α.
603 1852 666 1889 καὶ
686 1854 762 1889 τῶν
793 1854 841 1889 G.
938 1856 974 1892 6.
1007 1853 1136 1892 ἔπειτα
1160 1855 1203 1890 Α.
1238 1853 1320 1892 ἐπεὶ
1346 1856 1394 1892 G.
1501 1855 1537 1892 7.
1574 1851 1615 1891 δὲ
1641 1855 1713 1891 τοῦ

304 1897 451 1948 νεβρώδ
467 1901 510 1936 Α.
544 1897 585 1935 δὲ
610 1900 801 1958 Νεμβρώδ
828 1903 874 1937 G.
979 1905 1014 1940 9.
1048 1904 1120 1939 τοῦ
1143 1903 1226 1938 add.
1249 1904 1292 1939 A.
1400 1907 1455 1940 io.
1490 1902 1607 1948 Vulgo
1632 1906 1713 1939 Με-

304 1951 452 1995 στραῖα.
551 1948 606 1984 13.
630 1951 778 1996 ψευδη]
796 1948 932 1994 ψεύδει
950 1962 995 1986 m.
1077 1952 1135 1988 15.
1158 1951 1362 1998 Αβυδηνοῦ
1381 1962 1425 1985 m.
1452 1950 1647 1997 Αβυδινοῦ
1662 1951 1710 1985 G.

375 1997 431 2031 17.
468 1992 521 2030 ἔτι.
553 1993 594 2030 δὲ
619 1996 684 2032 καὶ
707 1998 750 2033 Α.
783 1997 848 2033 καὶ
870 2011 936 2034 oin.
961 1998 1009 2033 G.
1116 2001 1262 2036 τελεῖοιν
1289 2001 1334 2034 A.
1369 1996 1412 2035 τὸ
1434 1999 1540 2035 λεῖαν
1568 1999 1615 2034 G.

302 2042 363 2078 21.
387 2039 602 2091 Ἀβυδηνὸς]
628 2043 745 2091 Vulgo
760 2043 963 2092 Ἆβυδινός.
1592 2051 1593 2054 ’

213 2099 325 2146 primo
345 2101 481 2147 quidem
503 2101 597 2147 quod
615 2102 755 2150 utrique
778 2104 970 2150 scriptores
994 2104 1062 2140 sibi
1086 2104 1231 2151 propria
1260 2103 1518 2146 confirmaturi,
1543 2103 1717 2140 Chaldaei

211 2147 349 2202 scilicet
358 2153 394 2183 et
406 2149 585 2196 Aegyptii,
605 2161 669 2184 nec
679 2151 916 2194 meminerunt,
935 2164 1001 2187 nec
1017 2153 1179 2199 probant,
1203 2153 1239 2187 hi
1257 2153 1396 2200 quidem
1415 2165 1470 2188 res
1489 2152 1715 2195 chaldaicas,

211 2205 314 2240 quaSi
341 2196 574 2239 mendaciter,
596 2202 637 2232 ut
665 2198 783 2241 aiunt,
808 2200 1045 2246 conscriptas,
1078 2212 1191 2246 neque
1218 2200 1408 2243 Chaldaei,
1433 2212 1525 2246 quae
1553 2204 1718 2246 spectant

212 2243 408 2287 Aegyptios
422 2271 431 2287 ,
456 2244 517 2289 qui
533 2244 611 2278 dum
631 2246 810 2292 proprium
829 2259 939 2293 genus
966 2259 1007 2282 ac
1027 2259 1120 2282 suam
1140 2248 1269 2294 quique
1297 2248 1445 2294 patriam
1472 2247 1635 2290 laudant,
1660 2248 1714 2282 le-

211 2299 274 2343 yes
300 2301 502 2326 aranearum
535 2291 624 2326 telas
648 2293 819 2328 inutiliter
846 2300 1033 2329 contexere
1053 2294 1238 2339 videntur-3
1262 2294 1538 2343 quandoquidem
1563 2306 1606 2329 ex
1630 2306 1714 2341 quo,

210 2339 263 2370 ita
279 2340 434 2372 testante
455 2338 650 2384 scriptura,
674 2351 696 2374 a
711 2339 879 2376 Mestrein
901 2342 975 2377 filio
1001 2342 1110 2377 Cinam
1130 2343 1282 2378 secundo
1298 2371 1307 2385 ,
1330 2342 1511 2378 Nembrod
1534 2342 1598 2377 filii
1617 2343 1714 2377 Chiis

207 2381 306 2438 (qui.
324 2384 391 2419 fuit
411 2386 520 2421 Chain
546 2386 827 2434 primogenitus)
854 2393 1001 2435 patruo,
1025 2390 1208 2436 Aegyptus
1225 2391 1370 2437 primum
1401 2390 1558 2424 habitata
1580 2396 1652 2432 est,
1676 2394 1714 2425 et

205 2439 308 2484 regni
325 2443 448 2467 nomen
462 2433 619 2479 accepit3
644 2435 688 2469 ad
706 2436 771 2470 hoc
790 2435 894 2471 etiam
909 2448 1020 2484 usque
1034 2441 1192 2483 tempus,
1219 2438 1312 2473 nullo
1330 2450 1373 2473 ex
1392 2437 1583 2472 Historicis
1607 2437 1712 2472 istius

206 2477 300 2531 modi
321 2478 444 2524 ignaro
458 2505 468 2522 ,
494 2481 537 2515 ab
554 2481 739 2525 Hebraeis,
757 2482 861 2528 Syris
878 2489 914 2519 et
931 2483 1107 2520 Arabibus
1125 2486 1226 2530 regio
1246 2490 1395 2521 vocatur
1417 2485 1615 2526 Mestraea3
1642 2495 1712 2531 qua

206 2528 345 2578 ratione
366 2525 472 2570 licet,
496 2539 574 2562 cum
591 2527 705 2576 hi-qui
734 2542 792 2565 res
814 2532 1045 2574 Chaldaicas‚
1070 2536 1143 2567 tuin
1161 2532 1213 2567 illi
1242 2533 1303 2579 qui
1320 2532 1571 2578 Aegyptiorum
1589 2531 1712 2577 Dyna-

206 2574 293 2605 suas
309 2573 452 2618 scriptis
472 2575 733 2621 consignarunt,
758 2581 812 2612 tot
827 2579 954 2614 fabulis
975 2591 1016 2614 ac
1035 2591 1147 2626 paene
1168 2579 1266 2626 puris
1282 2579 1472 2615 mendaciis
1492 2579 1712 2613 narrationes

207 2629 289 2672 ³9⁸⁸
310 2621 488 2675 potuerint
503 2621 710 2669 inspergere
728 2626 868 2679 penitus
884 2626 1066 2672 ignorem,
1089 2626 1150 2661 illa
1167 2639 1252 2662 vero
1274 2628 1348 2662 sola
1364 2626 1523 2668 veritas,
1549 2637 1617 2671 qua
1637 2626 1712 2661 for-

204 2667 276 2716 tips
296 2666 382 2701 nihil
405 2668 587 2716 hucusque
610 2672 773 2708 convicit.
819 2673 888 2708 His
914 2674 1035 2721 itaque
1052 2685 1121 2709 non
1148 2674 1347 2721 superflue,
1372 2684 1473 2716 reor,
1508 2672 1711 2716 declaratis,

205 2723 419 2760 consequens
449 2721 504 2751 est
519 2717 680 2764 Abydeni
703 2725 740 2754 et
758 2720 984 2766 Apollodori,
1009 2733 1073 2756 nec
1092 2732 1160 2755 non
1179 2727 1215 2756 et
1236 2719 1459 2756 Manethonis
1479 2719 1604 2766 paucis
1630 2720 1712 2767 qui-

205 2757 349 2814 busdam
376 2762 572 2808 capitibus,
603 2764 647 2799 ad
676 2766 924 2802 confutationis
952 2780 1073 2804 eorum
1093 2768 1286 2803 faciliorem
1313 2767 1642 2804 demonstrationem
1672 2768 1711 2802 in

203 2806 351 2860 medium
368 2809 495 2854 allatis,
518 2823 563 2846 ne
581 2811 749 2858 quispiam
767 2815 964 2850 corumdem
981 2815 1124 2862 legendi
1142 2816 1318 2850 studiosus
1336 2815 1433 2850 circa
1459 2814 1577 2860 plures
1599 2815 1710 2850 libros

203 2851 433 2899 distrahatur,
458 2857 560 2892 finem
575 2859 710 2894 demum
726 2860 772 2894 de
789 2861 878 2908 ipsis
895 2862 1014 2898 habito
1032 2861 1183 2898 sermoni
1200 2863 1391 2918 imponere,
1415 2864 1522 2917 atque
1539 2862 1711 2909 reliquam

202 2908 266 2944 pro
282 2901 416 2956 yiribus
433 2903 611 2940 historiam
630 2907 791 2952 aggredi.
838 2909 1037 2946 Alexandro
1055 2910 1208 2959 quippe,
1233 2921 1392 2957 quamius
1410 2920 1479 2944 non
1497 2921 1535 2945 ln
1561 2909 1709 2951 cunctis,

199 2957 390 2984 concinens
408 2950 621 2997 Abydenus,
641 2954 703 2992 ait.
