1800 3236
251 99 355 165 652
716 108 970 155 GEORGII
998 107 1288 156 SYNCELLI

91 231 133 266 P.
156 225 228 268 345
698 222 968 265 KOEMOY
998 223 1133 264 ETH
1162 218 1310 283 ¹25(an

630 318 721 372 Τῆς
756 315 879 366 θείας
913 312 1164 373 σαρκώσεως
1199 314 1270 373 ἔτη
1307 313 1389 370 πζ’.

245 400 529 464 “Ηγησίππου
571 401 674 458 περὶ
711 403 805 446 τῶν
845 399 895 446 ἐκ
936 401 1099 459 γένους
1136 403 1286 462 Δαβὶδ
1323 402 1401 449 καὶ
1439 404 1525 448 τοῦ
1564 404 1765 461 σωτῆρος

484 470 575 518 ’ὑπὸ
609 473 849 530 αἱρετικῶν
880 472 1217 531 διαβληθέντων
1245 475 1527 534 Δομετιανῷ.

346 571 439 616 ’Έτι
470 571 517 615 δὲ
551 574 756 629 περιῆσαν
779 570 819 614 οἳ
847 569 931 614 ἀπὸ
961 570 1108 627 γένους
1134 575 1211 615 τοῦ
1234 572 1380 630 κυρίου
1400 572 1506 616 υἱῶν
1519 568 1661 615 Ἰούδα
1685 573 1793 615 τοῧ5

251 643 359 688 κατὰ
382 634 520 700 σάρκα
542 641 766 700 λεγομένου
789 640 923 685 αὐτοῦ
948 640 1150 700 ἀδελφοῦ,
1179 640 1237 693 ὥς
1256 640 1542 700 ἕδηλάτευσαν
1563 641 1608 686 {x
1622 642 1765 700 γένους

215 714 374 766 Βῖίντες
390 714 550 770 Δαβίδ.
587 710 770 763 τούτους
793 710 815 755 ὃ
830 709 1046 763 Ἰούκατος
1065 711 1190 770 ἤγαγε
1213 712 1320 771 πρὸς
1344 711 1622 770 Δομετιανόν.
1660 713 1763 772 ἐφο-

251 790 367 840 βεῖτο
397 784 478 844 γὰρ
497 783 587 841 ’τὴν
618 783 858 842 παρουσίαν
893 786 970 827 τοῦ
998 785 1218 842 Χριστοῦ,
1258 781 1316 835 ὥς
1345 785 1415 827 καὶ
1436 782 1656 843 Ἡρώδης,
1693 785 1763 826 καὶ

251 853 470 915 ἠρώτησεν
499 854 653 906 αὐτοὺς
671 852 808 905 πόσας
831 850 997 911 κτήσεις
1021 852 1186 911 ἔχουσιν
1207 852 1233 911 ἢ
1265 851 1410 899 πόσων
1427 853 1660 913 χρημάτων
1687 872 1763 898 κυ-

254 924 476 987 ριεύουσιν.
513 926 554 970 οἳ
576 926 622 969 δὲ
653 923 767 969 εἶπον
798 922 1030 984 ἀμφότεροι
1066 926 1343 982 ἐννακισχίλια
1364 923 1543 985 δηνάρια
1563 923 1762 983 ὑπάρχειν
1775 928 1800 963 1⁴

254 998 400 1050 αὐτοῖς
419 995 555 1054 μόνα,
593 993 772 1040 ἑκάστου
792 995 932 1039 αὐτῶν
957 993 1188 1052 ἀνήκοντος
1207 1000 1282 1040 τοῦ
1301 994 1498 1053 ἡμίσεως.
1536 998 1605 1040 καὶ
1626 1000 1764 1040 ταῦτα

254 1069 332 1114 οὐκ
352 1070 395 1114 ἐν
418 1067 631 1127 ἀργυρίοις
648 1066 838 1129 ἔφασκον
859 1065 985 1123 ἔχειν,
1023 1066 1120 1110 ἀλλ’
1150 1067 1194 1111 ἔν
1216 1065 1449 1124 ὃιατιμήσει
1468 1071 1542 1124 γῆς
1564 1067 1764 1125 πλέθρων

253 1139 327 1185 λθ’
343 1138 507 1197 μόνων·
532 1139 575 1189 ἐξ
596 1131 653 1181 ὧν
681 1139 750 1181 καὶ
768 1137 866 1189 τοὺς
881 1134 1043 1197 φόρους
1064 1137 1285 1197 ἀναφέρειν
1309 1139 1378 1181 καὶ
1400 1137 1557 1189 αὖτοῦς
1576 1137 1762 1196 αὐτουρ-

252 1216 432 1270 γοῦντας
454 1208 772 1266 διατρέφεσθαι.

353 1277 655 1342 Ἱεροσολύμων
674 1276 711 1337 γ’
735 1279 958 1330 ἐπίσκοπος
979 1275 1144 1330 Ἰούδας
1164 1276 1235 1336 ἔτη
1257 1276 1304 1333 ζ’.
1774 1280 1800 1316 1·’

97 1411 141 1445 V.
161 1409 234 1447 275
701 1398 971 1442 KOEMOY
1000 1398 1134 1440 ΕΤΗ
1163 1393 1310 1459 ,εφπζῆ

633 1483 724 1537 Τῆς
757 1479 882 1531 θείας
916 1476 1168 1538 σαρκώσεως
1203 1478 1274 1536 ἔτη
1310 1474 1392 1533 πζ’.

350 1572 631 1627 Ἀπολλώνιος
651 1572 672 1620 ὅ
699 1574 888 1626 Τυανεὺς
909 1575 977 1618 καὶ
994 1571 1226 1634 Εὐφράτης
1249 1571 1475 1633 φιλόσοφοι
1493 1569 1692 1630 ἤκμαζον.

346 1701 383 1737 5.
409 1699 474 1738 καὶ
500 1697 597 1737 υἱῶν
624 1712 669 1736 m.
802 1702 838 1737 6.
872 1688 961 1745 ⁶59]
980 1694 1049 1741 οὓς
1072 1711 1118 1734 m.
1244 1696 1280 1735 7.
1304 1694 1419 1740 ὄντας
1441 1708 1486 1732 m.
1618 1696 1674 1731 10.
1699 1692 1757 1730 ἐν·

346 1762 493 1785 νεακ-
514 1760 559 1784 m.
664 1747 721 1785 17.
746 1749 783 1783 et
805 1748 886 1791 653,
910 1749 945 1784 2.
969 1745 1187 1793 σαρκώσεως
1210 1758 1277 1782 om.
1302 1747 1344 1784 A.
1449 1746 1508 1783 18.
1533 1738 1757 1790 Εὐφράτης]

345 1798 525 1845 Ephrates
546 1795 723 1832 Eusebius
747 1807 782 1844 p.
802 1797 886 1833 379.
930 1796 1133 1842 Euphrates
1157 1807 1193 1843 p.
1216 1795 1300 1831 382.

739 1915 892 1957 ANNI
920 1916 1124 1957 MUNDI
1153 1916 1280 1961 5587.

679 1984 840 2022 Dlvnuss
864 1984 1154 2021 INcAnmmoms
1179 1995 1239 2020 ΑΝ.
1264 1984 1322 2021 87.

251 2058 315 2099 Ex
336 2058 563 2114 Hegesippo
588 2059 640 2099 de
661 2059 726 2110 iis,
754 2059 824 2112 qui
854 2073 905 2098 ex
935 2072 1080 2111 genere
1103 2058 1235 2098 David
1265 2064 1306 2097 et
1333 2054 1550 2097 salvatoris
1581 2053 1630 2092 ab
1661 2051 1756 2090 hae-

562 2118 700 2158 reticis
729 2118 841 2171 apud
875 2118 1150 2156 Domitianum
1181 2117 1306 2157 delati
1334 2121 1443 2155 sunt.

346 2185 462 2221 Erant
483 2185 598 2221 adhuc
614 2186 710 2222 inter
728 2185 829 2222 vivos
848 2198 893 2221 ex
908 2185 1037 2220 domini
1058 2185 1211 2229 familia,
1238 2196 1281 2220 ex
1302 2183 1410 2219 Iudae
1426 2178 1680 2233 nimirumpius
1699 2190 1757 2213 se·-

254 2233 403 2268 cundum
421 2245 557 2268 carnem
577 2234 700 2269 fratris
716 2233 820 2275 filiis,
844 2245 989 2280 quorum
1021 2245 1145 2268 nomen
1168 2238 1333 2278 tanquam
1356 2242 1401 2265 ex
1420 2228 1536 2265 David
1556 2233 1669 2271 Stlrpe
1697 2237 1757 2260 or-

254 2283 368 2316 torum
394 2280 438 2316 ad
459 2280 691 2316 Domitianum
722 2281 932 2316 detulerunt.
987 2280 1132 2315 Iucatus
1160 2280 1299 2325 quidam
1331 2280 1514 2312 accusator
1544 2274 1755 2321 praecipuus

256 2328 387 2363 extitit.
435 2328 599 2364 Timebat
613 2328 701 2363 enim
720 2327 938 2363 Domitianus
956 2327 1002 2362 ad
1017 2325 1172 2362 Herodis
1186 2326 1299 2363 instar
1315 2324 1444 2360 domini
1456 2324 1652 2359 adventum.
1699 2320 1755 2354 De

254 2374 534 2423 possessionibus
561 2379 675 2410 autem
704 2387 793 2420 quas
818 2376 1011 2419 haberent,
1037 2379 1100 2408 aut
1126 2385 1271 2419 quarum
1301 2372 1507 2408 facultatum
1532 2383 1571 2405 se
1597 2367 1755 2403 dominos

256 2423 472 2467 scriberent,
503 2422 757 2468 interrogavit3
789 2422 973 2468 respondit
995 2427 1163 2467 uterque:
1189 2421 1411 2456 denariorum
1440 2419 1610 2454 duntaxat
1631 2426 1756 2451 novem

255 2470 408 2506 millibus
422 2471 515 2506 bona
531 2481 594 2505 sua
612 2468 798 2511 aestimari,
816 2468 928 2503 media
946 2468 1103 2503 nimirum
1121 2471 1221 2515 parte
1241 2467 1400 2503 alterutri
1417 2465 1607 2511 adscripta.
1655 2463 1755 2497 Haec

256 2522 372 2553 autem
397 2529 465 2553 non
490 2521 687 2559 numerato,
712 2516 774 2550 sed
796 2516 955 2562 iugerum
981 2520 1098 2551 terrae
1117 2518 1163 2551 39
1191 2515 1305 2563 pretio
1334 2513 1535 2562 possidere3
1560 2522 1604 2547 ex
1627 2509 1755 2556 quibus

257 2565 448 2611 vectigalia
465 2564 673 2611 penderent,
697 2563 834 2610 ipsique
851 2563 1007 2598 manibus
1025 2563 1180 2610 propriis
1198 2563 1327 2599 victum
1347 2562 1416 2599 sibi
1436 2559 1688 2609 quaeritarent.

304 2612 619 2660 Hierosolymorum
635 2611 819 2660 episcopus
838 2612 861 2647 3
885 2610 990 2646 Iudas
1009 2610 1109 2647 annis
1129 2611 1163 2648 7.

731 2694 881 2735 ANNI
911 2695 1116 2735 MUNDI
1146 2695 1273 2740 5587.

681 2762 840 2798 D1v1NA13
864 2763 1153 2799 hiems-mom
1188 2775 1250 2801 AN.
1273 2764 1331 2813 87.

348 2822 554 2872 Apollonius
570 2825 762 2872 Tyanaeus
778 2826 817 2860 et
834 2822 1041 2871 Euphrates
1058 2821 1257 2871 philosophi
1277 2820 1454 2869 vigebant.
