1800 3236
222 156 325 204 708
667 156 920 202 GEORGII
950 154 1238 204 SYNCELLI

219 289 297 339 Ἐκ
333 291 414 350 τῆς
445 288 702 335 Διονυσίου
739 286 971 344 ἐπιστολῆς
1007 285 1111 344 περὶ
1147 286 1455 346 βαπτίσματος
1485 283 1602 344 πρὸς
1630 284 1738 330 Στέ-

500 375 654 418 φανον
682 358 928 404 ἐπίσκοπον
951 354 1130 415 Ῥώμης
1157 354 1464 415 παραινετικὴ.

144 460 147 463 ’
190 457 223 492 c
327 446 443 494 ’Ἰσθι
472 442 548 492 οὖν
573 446 728 504 ἀδελφέ
759 443 824 490 ὅτι
853 443 1038 502 ἣνωνται
1057 449 1191 489 πᾶσαι
1211 445 1256 489 αἱ
1281 441 1489 504 πρότερον
1508 441 1740 500 διεσχισμὲ-

225 539 295 566 ναι
316 517 425 564 κατά
459 535 505 562 τε
540 516 618 574 τὴν
651 515 860 573 ἀνατολὴν
898 515 1111 573 ἐκκλησίαι
1145 516 1214 560 καὶ
1252 514 1313 559 ἔτι
1356 513 1635 575 προσωτέρω,
1674 515 1743 557 καὶ

226 589 380 642 πάντες
403 590 505 634 εῗσὶν
533 584 770 646 ὁμόφρονες
790 586 830 631 οἳ
851 590 1070 644 πανταχοῦ
1088 590 1363 645 προεστῶτες,
1390 587 1613 644 χαίροντες
1631 583 1736 628 καθ’
1750 594 1772 631 5

227 659 467 721 ὖπερβολὴν
497 653 563 703 ἐπὶ
582 662 634 718 τῇ
656 657 773 717 παρὰ
792 659 1051 717 προσδοκίαν
1071 655 1212 716 εῗρήνῃ
1238 656 1451 715 γενομένῃ.
1487 657 1745 715 Δημητρια-

229 733 302 784 νός
332 731 376 776 ἐν
412 729 668 792 Ἀντιοχείᾳ,
713 725 964 781 Θεόκτιστος
1002 729 1046 773 ἓν
1075 727 1338 789 Καισαρείᾳ,
1386 724 1659 784 Μαζαβάνης
1701 726 1745 769 ἐν

230 803 389 864 Ama,
427 803 627 858 Μαρΐνος
658 799 701 844 ἔν
739 797 870 861 Τύρῳ
903 798 1183 857 κοιμηθέντος
1200 795 1505 857 Ἀλεξάνδρου,
1537 794 1746 841 Ἡλιόδω*

232 891 308 933 ρος
338 874 382 918 ἒν
401 871 640 933 Λαοδικείᾳ
664 870 1020 928 ἀναπαυσαμένου
1045 871 1360 928 Θηλυμίδρους,
1374 867 1543 920 Ἕλενος
1563 869 1605 913 ἐν
1627 866 1747 926 Τάρ-

230 961 319 1006 σῳ,
359 945 430 989 καὶ
469 946 604 987 πᾶσαι
640 942 686 986 αἳ
723 945 802 999 τῆς
834 942 1029 994 Κιλικίας
1064 941 1303 998 ἐκκλησίαι,
1357 939 1633 998 Φιρμιλιανὸς
1676 941 1746 983 καὶ
1761 951 1800 986 10

230 1019 349 1060 πᾶσα
376 1013 689 1060 Καππαδοκία·
719 1012 819 1064 τοὺς
846 1013 926 1073 γὰρ
952 1012 1332 1072 περιφανεστέρους
1359 1009 1518 1069 μόνους
1537 1014 1623 1055 τῶν
1659 1010 1748 1054 ἑπι-

232 1084 403 1131 σκόπων
427 1081 629 1140 ὠνόμασα
642 1116 656 1138 ,
691 1082 764 1128 ἵνα
780 1081 887 1140 μήτε
906 1088 1042 1141 μῆκος
1064 1088 1118 1143 τῇ
1143 1084 1341 1142 ἐπιστολῇ
1364 1079 1468 1139 μήτε
1490 1079 1626 1142 βάρος
1647 1079 1750 1137 ἅψω

195 1160 298 1217 Βτῷ
326 1154 450 1218 λόγῳ.
491 1155 536 1199 αἱ
565 1154 708 1210 μέντοι
738 1156 895 1213 Συρίας
926 1153 1022 1199 ὅλαι
1046 1156 1115 1199 καὶ
1145 1152 1368 1212 ἦἈραβιά
1391 1150 1454 1204 οἷς
1472 1154 1752 1212 ἕπαρκεῖσθαι

234 1225 434 1272 ἑκάστοτε
453 1227 523 1270 καὶ
547 1222 610 1277 οἷς
640 1225 901 1270 ε’πεστείλατε
923 1229 976 1284 τῇ
1001 1226 1319 1286 Μεσοποταμίᾳ
1349 1225 1418 1268 καὶ
1450 1222 1666 1268 συνελόντι
1692 1226 1751 1267 εἷ-

234 1305 325 1342 πεΐν
357 1297 637 1356 ἄγαλλιῶνται
668 1299 804 1340 πᾶσαι
839 1300 1058 1353 πανταχοῦ
1094 1300 1148 1355 τῇ
1180 1293 1356 1357 ὁμονοίᾳ
1393 1295 1461 1338 καὶ
1493 1295 1748 1356 φιλαδελφία
1764 1305 1800 1341 15

236 1365 482 1423 δοξάζοντες
501 1366 576 1411 τὸν
594 1363 714 1411 θεόν.
750 1368 977 1422 ταῦταμὲν
992 1364 1253 1418 ὅΛιονόσιος
1272 1366 1391 1410 δυσὶν
1413 1364 1520 1409 ἔτεσι
1538 1364 1749 1425 προστάν-

235 1457 278 1483 τι
308 1436 513 1498 Στεφάνῳ
545 1441 623 1494 τῆς
651 1437 872 1494 ἐκκλησίας
898 1436 1063 1495 Ῥώμης
1094 1439 1164 1482 καὶ
1187 1434 1482 1495 τελευτήσαντι
1502 1435 1656 1497 γράφει
1683 1438 1753 1482 καὶ

234 1509 346 1554 ἄλλα
366 1507 534 1560 τούτοις
556 1505 684 1564 ὅμοια
707 1507 970 1563 κατευνάζων
991 1508 1099 1568 πρὸς
1118 1506 1298 1568 εἰρήνην.

341 1588 500 1651 Ξύστῳ
530 1591 578 1635 δὲ
602 1590 711 1648 μετὰ
743 1591 964 1650 Στέφανον
994 1591 1070 1636 τὸν
1098 1589 1263 1652 θρόνον
1294 1590 1578 1652 διαδεξαμένῳ
1611 1588 1754 1635 δευτέ-

239 1680 318 1722 ραν
338 1661 563 1719 ἐπιστολὴν
585 1659 607 1706 ὃ
632 1661 763 1714 αὐτὸς
785 1659 1011 1714 Διονύσιος
1030 1659 1208 1723 γράφει,
1242 1663 1287 1708 ἐν
1307 1656 1438 1723 ᾗτὴν
1454 1660 1626 1722 γνώμην
1646 1666 1753 1707 Στε-
1763 1670 1800 1709 2(

329 1798 368 1836 3.
381 1794 486 1835 'lom
507 1809 555 1834 ex
573 1797 729 1835 Eusebio
738 1798 820 1845 Vn,
844 1799 880 1836 5.
915 1798 1032 1846 Vulgo
1051 1801 1204 1848 Ησθην.
1299 1799 1334 1835 4.
1358 1795 1583 1847 προσωτέρω
1602 1796 1753 1833 Barber.

332 1847 448 1893 Vulgo
474 1846 748 1896 περισσωτέρςο.
869 1849 904 1885 8.
928 1852 1089 1895 μαρῖνος
1107 1849 1151 1891 A.
1173 1849 1394 1893 Μαριναῖος
1414 1848 1462 1882 G.
1578 1847 1613 1883 9.
1639 1845 1754 1892 Vulgo

333 1892 623 1943 Θηλυμήδρους.
718 1894 776 1932 15.
797 1894 859 1944 τῇ]
883 1907 923 1933 τε
943 1896 987 1934 A.
1093 1897 1153 1934 18.
1176 1893 1428 1940 καταυνάζων
1443 1894 1487 1932 Α.

239 2013 304 2054 Ex
325 2013 518 2069 Dionysii
526 2013 712 2071 'epistola
732 2014 784 2056 de
797 2014 998 2114 baptisilmo
1015 2016 1070 2084 ad
1086 2015 1339 2072 Stephanum
1348 2014 1501 2057 Romae
1516 2013 1754 2070 episcopum

866 2089 917 2114 ex
950 2082 1113 2116 ortano.

334 2139 436 2176 Scias
456 2139 624 2189 insuper,
648 2141 784 2186 frater,
808 2142 944 2179 divisas
965 2144 1147 2191 hucusque
1166 2143 1212 2180 ab
1232 2143 1382 2179 invicem
1408 2140 1553 2178 orientis
1583 2138 1754 2175 ecclesias

238 2184 277 2221 in
297 2188 519 2224 concordiam
550 2189 725 2234 rediisse3
748 2201 861 2237 eoque
888 2191 1026 2226 laetitia
1046 2191 1176 2227 crescit
1203 2191 1371 2238 amplior,
1408 2201 1476 2237 quo
1495 2187 1614 2224 cuncti
1640 2187 1756 2223 eccle-

239 2232 371 2269 siarum
390 2236 563 2280 praefecti
582 2237 761 2272 unanimes
781 2250 859 2273 esse
873 2238 1126 2285 dignoscuntur
1143 2242 1181 2275 et
1193 2238 1277 2274 data
1295 2241 1439 2285 praeter
1457 2235 1754 2282 exspectationem

238 2291 330 2327 pace
348 2292 455 2327 supra
477 2284 612 2319 modum
633 2284 817 2330 gratulari.
865 2286 906 2320 In
932 2286 988 2320 his
1008 2290 1089 2321 sunt
1110 2286 1358 2322 Demetrianus
1377 2283 1606 2325 Antiochiae,
1632 2283 1755 2319 Theo-

241 2327 368 2362 ctistus
386 2329 597 2372 Caesareae,
621 2331 838 2366 Mazabanes
857 2333 989 2375 Aeliae,
1010 2332 1168 2368 Marinus
1187 2336 1269 2379 post
1287 2331 1481 2367 Alexandri
1500 2330 1631 2366 obitum
1649 2330 1755 2376 Tyri,

240 2373 452 2410 Heliodorus
471 2377 642 2412 translato
656 2378 884 2425 'l'helymidre
902 2379 1113 2422 Laodiceae,
1132 2379 1289 2414 Helenus
1312 2379 1420 2414 Tarsi
1438 2377 1616 2426 episcopi;
1637 2383 1755 2413 omnes

239 2423 376 2469 pariter
395 2422 543 2458 Ciliciae
564 2424 745 2467 ecclesiae,
764 2426 987 2461 Firmilianus
1007 2432 1043 2461 et
1064 2426 1293 2473 Cappadocia
1312 2430 1450 2469 cuncta,
1475 2426 1589 2472 (solos
1606 2437 1754 2472 namque

241 2469 452 2506 illustriores
478 2471 722 2517 episcoporum
747 2472 942 2508 nominatos
969 2473 1089 2516 volui,
1122 2486 1167 2509 ne
1193 2473 1323 2509 litteris
1343 2473 1578 2521 prolixitatem
1604 2473 1662 2508 vel
1689 2472 1754 2507 ad-

241 2516 322 2552 dam
346 2517 560 2553 sermonibus
586 2518 818 2564 molestiam),
852 2521 979 2566 Syriae
1008 2520 1135 2557 deinde
1169 2521 1334 2557 civitates
1365 2525 1512 2557 cunctae
1542 2525 1579 2556 et
1609 2520 1754 2563 Arabia,

241 2575 330 2610 quas
357 2564 516 2611 quotidie
550 2565 665 2601 studio
697 2570 819 2601 vestro
849 2567 981 2603 fovetis
1012 2573 1049 2603 et
1079 2569 1126 2604 ad
1149 2580 1239 2615 quas
1272 2569 1410 2604 litteras
1441 2569 1546 2604 etiam
1580 2566 1753 2609 dedistis;

240 2610 498 2659 Mesopotamia
519 2624 682 2660 quoque,
706 2613 840 2648 Pontus
856 2619 893 2650 et
911 2615 1081 2661 Bithynia
1099 2620 1158 2660 et,
1182 2620 1223 2652 ut
1238 2617 1347 2652 verbo
1371 2616 1607 2663 complectar,
1633 2625 1752 2650 omnes

240 2658 370 2706 ubique
397 2671 527 2695 summo
554 2659 683 2706 gaudio
711 2661 943 2697 collaetantur
976 2667 1012 2698 et
1039 2675 1103 2710 pro
1131 2668 1300 2711 reparata
1327 2663 1538 2699 concordiae
1567 2663 1752 2698 fraternae

241 2705 431 2742 dilectione
450 2706 596 2754 gloriam
616 2707 682 2743 deo
700 2708 863 2744 reddunt.
910 2709 1010 2746 Haec
1026 2722 1111 2746 sane
1137 2715 1174 2746 et
1193 2711 1248 2746 his
1268 2710 1396 2746 similia
1416 2709 1607 2756 Dionysius
1629 2721 1750 2756 pacem

239 2763 409 2789 suasurus
435 2755 480 2790 ad
506 2754 720 2801 Stephanum
751 2755 851 2790 annis
877 2755 946 2791 iam
976 2758 1112 2793 duobus
1137 2758 1325 2794 Romanam
1350 2756 1538 2794 ecclesiam
1564 2757 1751 2792 moderan-

241 2801 312 2835 tem
335 2804 372 2836 et
391 2801 518 2837 deinde
535 2802 699 2849 passione
719 2806 919 2838 coronatum
938 2804 1093 2852 scripsit.

334 2859 392 2895 Ad
410 2859 559 2906 Xystum
580 2866 698 2897 autem
721 2865 803 2908 post
819 2862 991 2910 Stephani
1010 2865 1143 2900 obitum
1160 2862 1334 2910 praesulis
1352 2862 1561 2910 dignitatem
1579 2874 1751 2909 assequu-

240 2908 312 2941 tum
340 2907 526 2944 secundam
554 2907 744 2957 Dionysius
773 2909 865 2946 idem
889 2911 993 2948 misit.
1012 2911 1215 2961 epistolam,
1247 2922 1318 2959 qua
1348 2923 1418 2948 non
1443 2911 1617 2960 Stephani
1649 2910 1750 2947 modo
