1754 3236
576 190 1109 257 CHRONOGRAPHIA.
1548 184 1617 237 13

81 322 185 350 aem
206 301 499 363 ἑβδομήκοντα
519 311 632 363 τρεῖς
645 318 655 329 ·
693 303 777 349 ἀπὸ
795 302 864 361 »ιβ’
877 303 1124 363 Νοεμβρίου
1147 301 1226 355 ἕως
1244 299 1315 358 »ιβ’
1323 304 1588 366 Δεκεμβρίου
1599 319 1614 338 ··

95 375 181 421 ἀπὸ
207 374 271 429 κς’
293 381 370 421 τοῦ
380 375 518 435 Ἀθὺρ
538 374 616 427 ἕως
634 374 698 428 κς’
715 380 793 420 τοῦ
814 372 970 420 Χοιάκ.

200 446 429 507 Χειμερινὴ
447 444 596 506 τροπή.

199 518 393 570 Δέκατος
410 518 497 575 μὴν
518 517 683 575 Τηβὴθ
700 516 862 577 ἡμέρας
878 514 1106 576 τριάκοντα
1118 530 1129 541 ·
1161 514 1245 560 ἀπὸ
1267 513 1329 573 κγ’
1348 516 1615 579 Δεκεμβρίου

59 591 84 628 5
97 589 176 642 ἕως
193 587 260 634 ,ια’
275 578 537 648 ’Ῑανουαριόυ
553 603 563 614 ·
602 588 684 632 ἀπὸ
702 587 761 642 κζ
781 593 859 634 τοῦ
878 588 1021 633 Χοιὰκ
1042 587 1120 640 ἕως
1140 585 1203 639 κς’
1221 591 1298 632 τοῦ
1320 590 1447 645 Τυβί.
1619 601 1650 637 Β

195 658 442 711 Ἑνδέκατος
478 659 566 716 μὴν
595 660 779 716 Σαββάτ
808 658 978 719 ἧμεριῖν
1017 657 1269 717 τριάκοντα·
1308 659 1390 704 ἆπό
1423 657 1493 716 ,ιβ’
1533 666 1613 706 τοῦ

86 731 351 790 ’Ῑανουαρίου
373 731 450 782 ἕως
466 729 502 775 κ’
528 735 608 774 τοῦ
633 733 953 791 Φεβρουαριόυ·
995 729 1078 774 ἀπὸ
1099 727 1160 784 κζ’
1181 734 1257 774 τοῦ
1284 732 1397 786 Τυβὶ
1426 731 1505 784 ἕως
1535 732 1614 786 τὰς

94 801 158 856 κς’
180 807 256 848 τοῦ
280 803 432 862 Μεχίρ.
1261 793 1271 801 ο

196 874 453 925 Δωδέκατος
471 872 558 930 μὴν
579 872 710 932 Ἀδὰρ
735 869 903 931 ’ἡμερῶν
923 870 1150 931 τριάκοντα
1169 869 1260 916 δύο.
1308 870 1390 917 ἀπὸ
1425 871 1494 919 aea'
1525 878 1612 920 Φε-

36 946 326 1003 1οβρουαριόυ
362 944 440 996 ἕως
472 943 537 988 κδ’
560 945 791 1004 Μαρτίου·
830 942 916 987 ἀπὸ
946 941 1009 998 κζ’
1037 947 1115 988 τοῦ
1149 944 1294 1002 Μεχὶρ
1328 944 1407 996 ἕως
1436 942 1504 1003 κη’
1532 950 1610 991 τοῦ

94 1013 328 1073 mamm-9.
365 1015 473 1072 μετὰ
498 1016 544 1059 δὲ
561 1019 638 1072 τῆς
659 1014 943 1073 πενθημέρου.

201 1091 351 1131 Ταῦτα
373 1085 431 1138 ὥς
449 1087 493 1130 ἐν
512 1084 689 1143 συνόψει
720 1083 995 1144 ἒστοιχειιῦθη
1015 1086 1206 1145 περὶτῆς
1235 1082 1294 1137 ὥς
1317 1084 1382 1130 ἐπὶ
1413 1085 1463 1131 τό
1492 1090 1610 1131 aasz·-
1634 1098 1680 1134 V.
1704 1100 1727 1136 7

91 1175 195 1203 στον
224 1159 269 1202 ἓν
282 1155 433 1215 χρήσει
460 1162 632 1217 τριττῆς
662 1159 875 1216 διαφορᾶς
907 1161 993 1201 τῶν
1019 1161 1181 1215 μηνῶν.
1236 1156 1412 1216 ἀρκτέον
1441 1159 1489 1203 δὲ
1517 1163 1649 1205 λοι-Ο

90 1228 172 1275 πόν
198 1230 270 1273 καὶ
298 1227 382 1273 ἀπὸ
403 1234 480 1274 τοῦ
498 1227 670 1288 πρώτου
694 1227 962 1285 ἕτουςἏδὰμ
981 1230 1051 1274 καὶ
1071 1230 1270 1285 καθεξῆς.

33 1306 80 1344 15
199 1303 244 1346 Γ
239 1299 409 1352 ενὲσεως
428 1298 590 1357 κόσμου
612 1299 698 1358 ἔτη.
738 1304 922 1359 πρῶτον.

510 1387 585 1435 Ἐκ
612 1391 706 1435 τῶν
733 1390 907 1434 λεπτῶν
935 1386 1175 1442 Γενέσεως.

197 1469 274 1527 Τῷ
295 1462 466 1528 ἑβδόμῳ
486 1463 564 1510 ἔτει
592 1464 758 1523 παρέβη
779 1467 928 1526 καὶτῷ
953 1462 1088 1527 ὀγδόῳ
1108 1466 1387 1525 ἔξερρίφησαν
1413 1468 1491 1509 τοῦ
1521 1483 1606 1510 πα-

89 1537 312 1596 ραδείσου,
351 1535 410 1590 ὥς
440 1554 571 1597 φησι,
607 1536 717 1594 μετὰ
746 1534 1065 1595 τεσσαράκοντα
1094 1537 1213 1581 πέντε
1242 1534 1404 1596 ἡμέρας
1424 1540 1502 1588 ἐἷς
1520 1555 1607 1582 πα-

89 1606 334 1668 ραβάσεως,
371 1609 415 1653 ἐν
435 1612 487 1668 τῇ
507 1607 678 1668 ἐπιτολῇ
698 1611 783 1652 τῶν
800 1605 1038 1652 Πλειάδων.

180 1694 216 1735 4.
239 1695 370 1746 τυβὴθ
393 1697 434 1733 Δ.
539 1698 563 1734 5
587 1700 624 1733 et
647 1698 682 1735 7.
712 1695 811 1746 Τυβὶ
833 1708 880 1732 ιιι.
911 1696 1032 1746 τυβῆτ
1054 1696 1097 1732 Α.
1132 1693 1274 1745 Τηβήθ·
1297 1696 1347 1732 G.
1445 1697 1470 1735 7
1489 1699 1527 1733 et
1546 1700 1606 1736 10.

209 1746 450 1802 ,ευρουαρίου
474 1744 515 1782 Α.
580 1746 604 1782 8
628 1749 666 1780 et
692 1746 748 1781 10.
771 1743 909 1804 Μςχὶρ]
933 1744 1059 1792 μεχεὶρ
1082 1745 1124 1802 Α.
1161 1743 1312 1803 Μαχεζρ
1337 1745 1386 1780 G.
1471 1746 1507 1783 9.
1530 1746 1607 1782 Ad-

222 1794 260 1829 ὼ
285 1792 523 1836 Δωδέκατος.
633 1790 768 1840 Ἆδᾶρ]
796 1807 822 1829 α
858 1794 932 1839 Sao
955 1793 999 1829 A.
1035 1805 1186 1837 πρωτος
1209 1794 1315 1839 Aduo
1350 1794 1398 1828 G.
1438 1791 1607 1837 ὕστατος

172 1839 280 1888 Aonio
311 1853 355 1877 m.
427 1843 484 1878 12.
507 1841 577 1888 τῆς
593 1841 672 1878 τῶν
682 1841 731 1877 G.
758 1841 836 1878 τῶν
851 1841 946 1878 delet
961 1853 1006 1877 m.
1075 1841 1131 1880 13.
1144 1842 1346 1888 τριττῆςΑ.
1370 1842 1603 1890 menz-759&

181 1890 241 1926 16.
264 1887 412 1938 παρέβη
434 1887 545 1936 Αδᾶμ
566 1900 611 1925 ιιι.

87 1959 241 1996 vembris
264 1960 431 1998 vicesimo
462 1959 616 1996 secundo
645 1959 764 2005 ducit,
795 1963 833 1997 et
862 1959 908 1996 ad
934 1959 1143 1996 Decembris
1172 1960 1374 1997 vicesimum
1412 1961 1603 1997 secundum

85 2008 325 2058 protrahitur:
359 2010 404 2045 ab
426 2009 542 2056 Athyr
560 2009 728 2045 vicesimo
752 2008 904 2044 secundo
928 2020 1040 2056 usque
1068 2008 1270 2045 vicesimum
1290 2014 1427 2045 sextum
1446 2009 1603 2045 choeac.

178 2056 375 2092 Hibernum
394 2056 601 2099 solstitium,
625 2057 703 2092 sive
720 2056 758 2092 in
778 2057 960 2092 adversum
980 2056 1097 2103 polum
1126 2057 1272 2092 hiberna
1301 2056 1385 2092 solis
1404 2057 1602 2092 conversio.

182 2103 348 2141 Decimus
364 2105 492 2140 mensis
509 2105 675 2140 Thebeth
694 2104 769 2140 dies
786 2104 935 2151 triginta
953 2103 1021 2139 sibi
1038 2103 1211 2148 vindicat,
1235 2117 1258 2140 a
1278 2104 1483 2140 Decembris
1502 2105 1602 2140 vice-

87 2149 174 2187 simo
201 2152 310 2188 tertio
343 2152 389 2187 ad
420 2152 578 2188 Ianuarii
609 2152 811 2189 vicesimum
840 2152 1011 2200 primum3
1045 2163 1068 2188 a
1086 2152 1230 2189 Choeac
1255 2152 1422 2188 vicesimo
1451 2152 1578 2200 septim

86 2199 136 2236 ad
150 2198 248 2246 Tybi
264 2199 467 2236 vicesimum
486 2204 633 2238 sextum.
1054 2216 1058 2220 ·

181 2247 315 2283 Mensis
341 2248 543 2284 undecimus
562 2248 700 2283 Sabbat
717 2246 869 2294 triginta
886 2246 1010 2282 diebus
1032 2246 1255 2292 decurritur,
1281 2260 1302 2283 a
1321 2247 1476 2283 Ianuarii
1500 2247 1600 2283 vice·

86 2292 175 2330 simo
199 2296 352 2331 secundo
380 2295 426 2331 ad
450 2295 635 2331 Februarii
662 2295 883 2331 vicesimum:
907 2307 950 2331 ac
973 2295 1076 2331 simul
1099 2307 1122 2332 a
1139 2296 1238 2343 Tybi
1257 2295 1423 2332 vicesimo
1447 2295 1598 2344 septimo

87 2341 135 2377 ad
155 2341 295 2378 Machir
310 2343 511 2379 vicesimum
529 2347 675 2379 sextum.

181 2389 334 2426 Ultimus
354 2391 452 2427 Adar
477 2391 563 2426 duos
589 2403 698 2438 supra
719 2389 869 2437 triginta
884 2393 1063 2426 numerat:
1091 2389 1278 2426 Februarii
1301 2390 1489 2427 vicesimus
1520 2391 1598 2438 pri-

86 2447 162 2473 mus
181 2436 244 2473 dat
260 2437 312 2473 illi
329 2438 508 2474 exordium
520 2463 531 2481 ,
556 2439 681 2475 Martii
706 2438 894 2474 vicesimus
918 2443 1066 2485 quartus
1088 2438 1294 2482 terminum3
1312 2438 1393 2474 hinc
1418 2451 1441 2475 a
1458 2439 1599 2475 Machir

85 2484 254 2520 vicesimo
274 2485 422 2533 septimo
438 2485 586 2533 incipit,
608 2486 707 2521 illinc
725 2491 850 2522 octavo
870 2497 978 2533 supra
994 2485 1194 2521 vicesimum
1214 2486 1433 2523 Phamenoth
1454 2486 1542 2522 obit.

182 2533 251 2569 His
269 2545 409 2581 quoque
429 2538 659 2569 accensentur
675 2533 829 2580 quinque
849 2534 926 2568 dies
947 2533 1134 2569 adiectitii.

179 2581 281 2616 Haec
303 2581 340 2616 in
370 2593 519 2624 summa,
545 2580 590 2616 de
615 2592 680 2624 ea,
705 2593 798 2627 quae
817 2587 857 2617 ut
890 2581 1073 2628 plurimum
1100 2581 1139 2616 in
1164 2580 1388 2616 numerandis
1419 2581 1598 2617 mensibus

86 2627 263 2672 occurrit,
291 2627 517 2672 differentia,
542 2628 638 2664 dicta
656 2634 779 2664 sunto:
804 2628 849 2664 de
866 2629 1002 2676 reliquo
1022 2640 1044 2664 a
1066 2629 1179 2676 primo
1196 2628 1321 2664 Adami
1350 2640 1441 2665 anno
1472 2639 1596 2665 conse·-

85 2680 234 2722 quentes
252 2676 360 2711 oculis
380 2688 421 2712 ac
436 2681 553 2712 mente
572 2676 774 2712 decursuris
791 2676 892 2712 nobis
914 2676 1051 2712 initium
1069 2676 1265 2713 ducendum
1278 2679 1345 2712 est.

179 2722 272 2759 Anni
292 2727 392 2760 ortus
409 2724 539 2760 mundi.
558 2724 710 2760 Primus-

623 2797 689 2838 Ex
712 2797 872 2838 minuta
904 2797 1064 2838 Genesi.

142 2839 144 2841 >
178 2862 338 2910 Septimo
355 2876 446 2902 anno
466 2854 715 2913 transgressus
740 2870 796 2903 est
811 2867 986 2910 Adamus,
1012 2870 1140 2902 octavo
1168 2877 1254 2901 vero
1271 2864 1453 2912 praecepti
1480 2864 1595 2911 viola-

84 2909 184 2946 tione
199 2911 247 2946 ad
272 2913 577 2961 quadragesimum
599 2926 713 2962 usque
734 2919 772 2950 et
791 2915 951 2962 quintum
969 2913 1061 2950 diem
1080 2914 1263 2957 simulata,
1287 2912 1394 2949 eiecti
1418 2917 1499 2949 sunt
1525 2913 1595 2960 (ut

85 2957 166 3005 ait)
180 2970 202 2995 e
221 2960 410 3006 paradiso,
433 2961 638 2999 Pleiadibus
659 2963 912 3000 exorientibus.
