1754 3236
174 222 242 270 70
609 224 868 271 GEORGII
897 223 1184 269 SYNCELLI

175 337 197 384 ὃ
214 336 367 398 χρόνος
380 342 456 395 τῆς
468 338 684 394 βασιλείας
706 339 858 395 συνῆξε
880 333 1039 395 σάρους
1059 334 1209 380 ἑκατὸν
1228 334 1369 381 εἷ’κοσι.
1396 335 1466 379 καὶ
1490 335 1583 394 περὶ
1604 339 1682 380 τοῖ

176 413 473 466 κατακλυσμοῦ
498 406 712 466 παρόμοια
730 409 807 464 μὲν
818 442 832 462 ,
872 407 946 451 οὐκ
965 405 1269 464 ἄπαράλλακτα
1289 406 1392 464 λέγει
1413 404 1549 457 οὕτως
1562 420 1574 430 ·
1605 424 1685 461 με-

175 481 230 525 τὰ
258 479 552 538 Εὗεδώρεσχον
577 478 694 522 ἄλλοι
716 479 831 529 ,τινὲς
856 473 989 536 ἧρξαν
1012 479 1082 521 καὶ
1110 478 1332 536 Σίσιθρος,
1371 470 1406 537 ᾧ
1431 477 1484 534 δὴ
1513 474 1684 535 Κρόνος

176 552 449 611 προσημαίνει
471 550 546 606 μὲν
575 549 749 593 ἔσεσθαι
770 553 938 606 πλῆθος
957 547 1130 607 ὄμβρων
1150 549 1333 592 Δαισίου
1356 545 1415 592 ιε’.
1457 545 1610 591 κελεύει
1635 548 1682 591 δὲ

177 627 262 666 πᾶν
295 620 317 665 ὅ
341 639 380 665 τι
408 617 667 678 γραμμάτων
695 614 748 676 ἦν
777 617 972 676 ἐχόμενον
1002 621 1045 662 ἓν
1071 616 1338 663 Ἡλιουπόλει
1362 622 1416 677 τῇ
1445 619 1489 662 ἒν
1518 616 1712 666 §conti-5

46 704 86 741 P,
109 706 155 744 39
181 709 313 752 ροισιν
338 689 594 749 ἀποκρύψαι.
651 691 858 749 Σίσιθρος
879 691 924 734 δὲ
945 694 1081 734 ταῦτα
1104 690 1288 733 ἐπιτελέα
1317 686 1498 746 ποιήσας
1525 689 1687 740 εὐθέως

177 763 247 807 ἐπ’
275 762 490 821 Ἀρμενίης
520 761 726 815 ἀνέπλωε,
766 762 836 804 καὶ
863 762 1103 819 παραυτίκα
1133 761 1210 816 μὲν
1241 758 1531 816 κατελάμβανε
1554 759 1609 804 τὰ
1640 760 1687 804 ἐκ

176 837 252 878 τοῦ
276 837 393 878 θεοῦ.
432 833 552 891 τρίτῃ
578 832 623 875 δὲ
653 829 806 890 ἥμερέῃ
837 833 921 875 ἐπεὶ
949 830 1036 875 ὕων
1061 828 1262 886 ἐκόπασε,
1299 832 1430 886 μετίει
1461 835 1547 875 τῶν
1569 830 1687 889 ὀρνί-

176 909 270 949 θων
281 937 296 958 ,
333 903 478 961 πείρην
497 900 737 958 ποιεύμενος
757 902 799 946 εἴ
814 920 895 946 που
921 906 997 959 γῆν
1017 902 1145 945 ἴδοιεν
1168 906 1244 946 τοῦ
1279 901 1439 953 ὕδατος
1470 902 1653 946 ἔκδῦσαν
1673 915 1684 926 ·

42 978 87 1014 V.
111 979 157 1017 31
186 975 230 1019 αἱ
252 974 297 1017 δὲ
329 973 595 1029 ἕκδεκομὲνου
628 973 761 1032 σφέας
798 970 994 1031 πελάγεος
1026 973 1282 1031 ἆμφιχανὲος
1313 971 1569 1031 ἀπορέουσαι
1607 970 1684 1029 ὅκη
1699 986 1745 1021 10

180 1045 515 1102 καθορμίσονται
537 1043 652 1102 παρὰ
675 1043 750 1088 τὸν
772 1045 980 1102 Σίσιθρον
994 1077 1008 1098 ,
1049 1044 1181 1088 ὀπίσω
1213 1045 1478 1098 κομίζονται,
1518 1044 1588 1087 καὶ
1613 1043 1681 1086 ἐπ’

181 1114 315 1171 αὐτὴν
335 1114 480 1173 ἕτεραι.
510 1112 567 1166 ὥς
586 1115 631 1158 δὲ
651 1118 747 1173 τῇσι
761 1115 949 1173 τρίτῃσιν
971 1111 1147 1171 ἐτύχεεν,
1173 1114 1351 1158 ἀπίκατο
1371 1114 1451 1173 γὰρ
1473 1113 1525 1171 δὴ
1547 1118 1686 1172 πηλοῦ

181 1183 407 1229 κατάπλεοι
429 1184 528 1236 τοὺς
548 1184 756 1243 ταρσοὺς,
793 1186 892 1228 θεοί
906 1203 979 1241 μιν
1003 1186 1046 1237 ἐξ
1069 1183 1312 1244 ἀνθρώπιον
1335 1184 1598 1244 ἀφανίζουσι,
1635 1184 1685 1228 τὸ

146 1256 237 1299 Βὸὲ
266 1259 411 1299 πλοῖον
437 1255 480 1299 ἓν
497 1255 689 1314 Ἀρμενίῃ
713 1256 922 1312 περίαπτα
945 1253 1078 1308 ξύλων
1108 1254 1427 1315 ἀλεξιφάρμακα
1451 1257 1521 1299 καὶ
1554 1262 1688 1299 τοῖσιν

182 1327 415 1384 ἐπιχωρίοις
431 1327 660 1383 παρείχετο.
699 1326 792 1369 ῗδού
818 1326 870 1383 δὴ
897 1328 965 1370 καὶ
990 1320 1114 1377 οὗτος
1137 1327 1416 1385 ἐξηλλαγμένῃ
1437 1328 1517 1370 τινὶ
1532 1324 1686 1385 φράσει
1699 1342 1745 1379 15

182 1396 237 1440 τὰ
252 1396 491 1439 Μωυσαϊκὰ
511 1394 817 1455 παραχαράξας
830 1395 987 1455 χρόνον
1010 1399 1114 1455 φησὶ
1129 1398 1471 1455 κεχρηματικέναι
1492 1402 1553 1457 τῷ
1566 1400 1682 1452 Νῶε,

181 1465 276 1522 ἤτοι
298 1464 519 1526 Ξισίθριιο,
559 1472 619 1526 τῷ
641 1466 745 1525 παρ’
770 1468 914 1520 αὐτοῖς
941 1466 1052 1512 οὕτω
1083 1472 1308 1512 καλεῖσθαι
1339 1469 1685 1527 συμφωνηθέντι,

182 1534 259 1581 τοῦ
279 1534 449 1595 Κρόνου
476 1541 646 1589 πολλοῖς
667 1537 773 1582 ἔτεσι
790 1539 900 1595 μετὰ
922 1539 995 1583 τὸν
1017 1540 1316 1596 κατακλυσμὸν
1329 1573 1344 1594 ,
1384 1537 1442 1591 ὥς
1464 1529 1692 1597 δειχθήσεζ

273 1648 309 1684 8.
333 1648 462 1691 „Confi
488 1647 642 1695 Cyrillus
674 1653 795 1686 contra
819 1650 932 1686 Iulian
957 1650 995 1694 Ι,
1022 1653 1056 1688 1.
1081 1654 1118 1687 et
1145 1652 1279 1687 Euseb.
1310 1652 1438 1699 Praep.
1460 1650 1599 1697 Evang.
1619 1651 1686 1694 IX,

276 1697 332 1732 12.
358 1696 418 1742 qui
435 1697 522 1731 haec
546 1698 654 1732 verba
671 1697 716 1732 de
730 1699 901 1745 Abydeno
917 1699 1111 1736 referunt?
1135 1701 1346 1746 Anonymus.
1445 1696 1474 1749 ᾦ
1499 1711 1543 1734 m.
1568 1697 1612 1736 τὸ
1637 1699 1684 1733 G.

342 1741 376 1779 4.
404 1744 585 1789 Δαισίου]
601 1744 714 1791 Vulgo
733 1747 887 1782 Δεσίου.
907 1746 1009 1782 conf.
1029 1745 1072 1782 ad
1091 1759 1127 1793 p.
1148 1748 1243 1784 301).
1325 1745 1369 1784 ιε’
1391 1748 1432 1783 Α.
1452 1745 1602 1794 πέμπτῃ
1622 1745 1686 1783 ἐπὶ

277 1788 368 1827 δέκα
387 1791 435 1826 G.
540 1793 575 1827 5.
603 1794 725 1829 Ηλίου
747 1792 855 1830 πόλει
878 1795 927 1830 G.
1021 1791 1300 1840 Σισπόροισιν]
1325 1797 1430 1832 Conf.
1455 1795 1500 1830 ad
1526 1807 1562 1841 p.
1580 1795 1629 1832 30
1652 1795 1686 1832 b.

274 1841 308 1875 6.
333 1836 500 1874 ἐπιτελέα
523 1840 565 1874 Α.
600 1838 663 1886 ἔτη
686 1837 791 1878 τέλεα
817 1842 864 1876 G.
979 1842 1014 1877 7.
1046 1840 1137 1887 μὲν]
1163 1841 1241 1889 μὴν
1264 1843 1306 1878 Α.
1418 1844 1453 1878 8.
1483 1840 1564 1880 ἐπεὶ
1588 1839 1684 1889 ὕων]

274 1882 457 1922 ἐπιτεύων
476 1887 518 1922 Α.
543 1885 691 1931 ἔπειτα,
715 1885 796 1923 ὕων
825 1890 873 1923 G.
957 1890 992 1926 9.
1017 1891 1168 1935 πείρην]
1193 1891 1328 1937 περιῆν
1343 1890 1382 1925 Α.
1479 1892 1535 1928 10.
1565 1887 1687 1936 ἀπορ-

275 1931 430 1977 ρεούσαι
457 1933 500 1967 Α.
605 1931 675 1982 ὅκη
703 1937 1027 1982 καθορμίσονται]
1055 1935 1183 1973 ὀκεῖκα
1210 1939 1464 1983 θορμίσονται
1484 1940 1526 1972 Α.
1564 1934 1686 1984 ὅκηκα

272 1981 528 2027 θορμίσονται
553 1981 601 2016 G.
697 1984 754 2018 12.
779 1982 903 2030 αὐτὴν
925 1984 967 2019 Α.
994 1983 1132 2032 αὐτῇσι
1151 1987 1199 2022 G.
1309 1984 1447 2032 ἕτεραι]
1474 1984 1621 2030 ἑταῖραι
1640 1987 1683 2020 Α.

342 2029 442 2114 ἷξσι]
467 2026 539 2121 ²:302
558 2029 602 2087 ᾼ.
627 2076 657 2112 A
696 2027 859 2078 ἐτύχεεν]
884 2032 989 2068 Immo
1013 2030 1130 2080 ἔτυχε.
1227 2030 1407 2081 ἀπίκατο]
1433 2032 1616 2072 ἀπείκατό
1641 2034 1685 2069 Α.

395 2102 403 2111 .
426 2089 492 2121 μιν
534 2088 604 2122 μεν
659 2102 670 2112 .

182 2180 276 2204 mero
294 2168 412 2204 decem
435 2173 536 2213 sunt,
562 2182 707 2217 quorum
727 2173 875 2209 omnium
901 2173 938 2209 in
957 2173 1104 2222 imperio
1130 2175 1450 2222 tempusSarorum
1480 2177 1617 2210 centum
1648 2177 1686 2210 et

184 2215 311 2261 viginti
332 2228 493 2252 summam
512 2219 695 2264 componit.
743 2219 798 2255 De
817 2221 948 2258 diluvio
967 2234 1074 2269 supra
1090 2223 1286 2258 memoratis
1305 2223 1445 2265 eadem,
1470 2234 1535 2257 nec
1556 2222 1594 2257 in
1614 2222 1685 2258 ullo

186 2263 343 2309 disparia
360 2264 559 2310 subiungit,
586 2267 651 2300 hoc
677 2271 793 2313 pacto.
841 2269 930 2304 Post
951 2270 1236 2306 Euedoreschum
1263 2273 1501 2316 regnaverunt
1525 2269 1587 2304 alii
1605 2270 1685 2316 qui-

186 2309 263 2345 dam
277 2335 287 2353 ‚
312 2322 353 2345 ac
371 2311 504 2346 demum
523 2312 693 2348 Sisithrus
705 2339 714 2356 ,
741 2315 797 2350 cui
815 2328 889 2351 cum
907 2317 1082 2352 Saturnus
1112 2318 1308 2364 pluviarum
1327 2317 1504 2353 maximam
1524 2316 1592 2351 vim
1620 2318 1685 2352 de-

185 2357 272 2391 cimo
292 2357 412 2403 quinto
430 2358 555 2393 mensis
571 2359 671 2395 Desii
688 2361 765 2396 fore
789 2364 1084 2408 praenunciasset,
1110 2365 1279 2412 quicquid
1298 2365 1424 2400 litteris
1443 2364 1684 2410 consignatum

186 2407 264 2458 erat
282 2404 375 2450 apud
394 2405 593 2452 Heliopolin
603 2407 823 2454 Sisparorum
843 2411 1009 2446 abscondi
1029 2412 1144 2448 iussit.
1193 2413 1370 2448 Sisithrus
1392 2414 1480 2448 haec
1497 2416 1684 2447 exsecutus

184 2462 221 2485 in
250 2451 444 2487 Armeniam
468 2453 649 2488 confestim
676 2457 878 2504 navigavit,
904 2463 941 2493 et
968 2459 1093 2495 exinde
1121 2472 1212 2507 quae
1241 2473 1261 2495 a
1289 2461 1354 2495 deo
1382 2460 1526 2494 decreta
1554 2462 1684 2502 essent,

184 2497 344 2534 coniecit.
393 2499 517 2535 Tertio
543 2512 627 2536 vero
647 2501 703 2536 die
729 2516 796 2549 quo
824 2518 990 2551 aquarum
1012 2507 1194 2542 inundatio
1219 2507 1489 2548 remittebatur,
1515 2507 1684 2552 quasdam

183 2555 268 2579 aves
289 2546 421 2588 emisit,
445 2551 482 2581 et
499 2558 575 2582 num
593 2553 720 2584 terram
743 2551 869 2587 alicubi
889 2553 987 2600 aquis
1018 2560 1210 2590 exstantem
1229 2556 1414 2600 detegeret
1427 2580 1437 2595 ,
1463 2553 1682 2600 explorabat.

181 2591 268 2627 Iliae
284 2604 371 2627 vero
388 2594 568 2639 profundis
582 2599 714 2631 tantum
739 2610 905 2644 aquarum
925 2601 1117 2636 vorticibus
1136 2615 1194 2637 eas
1215 2601 1492 2648 excipientibus,
1515 2600 1681 2636 exsilien-

181 2641 235 2674 tes
253 2639 379 2675 exinde
396 2640 440 2675 ad
458 2641 644 2677 Sisithrum
663 2652 838 2688 remeant,
866 2653 901 2681 et
929 2654 1022 2683 retro
1051 2650 1089 2683 in
1121 2661 1235 2684 arcam
1264 2654 1512 2696 reportantur,
1539 2652 1575 2682 et
1600 2652 1683 2694 post

181 2685 246 2722 has
264 2687 398 2732 pariter
418 2687 518 2723 aliae.
566 2688 619 2724 Ut
636 2702 719 2726 vero
737 2693 842 2728 tertio
860 2694 896 2728 id
914 2695 1058 2730 fecisset
1077 2699 1113 2730 et
1130 2708 1203 2732 rem
1226 2708 1289 2743 pro
1310 2701 1392 2731 voto
1412 2695 1538 2730 fuisset
1558 2706 1682 2730 conse-

182 2737 286 2767 cutus
303 2734 528 2778 (volucribus
550 2737 709 2772 nimirum
727 2740 874 2784 pedibus
894 2741 973 2777 limo
995 2742 1135 2778 infectis
1161 2742 1437 2788 redeuntibus),
1461 2741 1555 2777 illico
1574 2753 1596 2777 a
1613 2741 1681 2777 diis

180 2791 225 2814 ex
242 2780 412 2817 hominum
432 2786 622 2829 conspectu
642 2785 860 2830 subducitur,
884 2800 926 2823 ac
944 2790 1118 2835 navigium
1135 2790 1171 2825 in
1191 2790 1383 2825 Armeniam
1396 2789 1558 2833 delatum,
1583 2800 1682 2824 amu-

179 2825 252 2862 leta
273 2828 359 2864 collo
379 2830 619 2876 suspendenda
639 2843 659 2865 e
676 2833 871 2869 tabularum
891 2835 1096 2882 fragmentis
1119 2837 1360 2884 suppeditavit
1387 2836 1575 2882 indigenis.
1623 2836 1681 2872 En

180 2885 282 2919 quam
305 2875 374 2910 iste
403 2880 534 2912 mutato
564 2877 725 2913 dictionis
751 2881 832 2915 stilo
852 2893 910 2916 res
934 2894 955 2917 a
977 2883 1077 2918 Mose
1104 2885 1235 2920 relatas
1263 2883 1487 2926 describens,
1513 2895 1681 2919 coaevum

181 2921 282 2964 Noe,
307 2923 374 2958 hoc
399 2928 455 2958 est
478 2923 631 2960 Sisithro
662 2937 730 2961 unu
757 2938 843 2963 voce
873 2928 924 2963 sic
953 2931 997 2964 ab
1023 2931 1072 2965 eis
1102 2935 1323 2977 nuncupato,
1347 2936 1486 2977 tempus
1514 2931 1681 2966 denotat:

180 2968 354 3004 Saturnus
386 2975 499 3006 autem
537 2971 597 3006 ille
628 2972 824 3019 flagitiosus
856 2980 892 3010 et
923 2977 1116 3013 hominibus
1148 2978 1323 3021 infestus,
1364 2989 1432 3013 non
1462 2978 1530 3013 nisi
1568 2977 1681 3025 piuri-
