1800 3236
146 211 150 213 -
211 184 322 234 2361
517 173 519 175 ’
685 192 941 241 GEoRGn
965 193 1256 242 SYNCELLI

647 297 779 359 Ἀρχὴ
809 301 1036 359 βασιλείας
1061 299 1282 360 Ἀργείων.

52 390 99 426 V.
126 391 195 429 100
241 376 323 429 Ὧν
357 388 526 444 πρῶτος
553 386 752 443 βασιλεὺς
773 386 936 445 Ἴναχος
968 387 1040 445 ἔτη
1073 386 1150 441 νςί.
1187 393 1265 435 τοῦ
1297 389 1344 435 δὲ
1372 387 1532 449 κόσμου
1553 386 1606 449 ἦν
1627 390 1719 446 ἔτος

355 453 498 516 ,rxbssfi
601 457 605 462 “

323 524 388 571 Οὔ
421 543 494 582 μοι
525 527 642 570 δοκεῖ
659 530 799 577 καλῶς
830 522 851 569 ὃ
868 524 1120 585 Ἀφρικανὸς
1141 528 1185 574 ἐν
1204 526 1242 587 γ’
1261 527 1372 591 λόγῳ
1392 535 1477 575 τῶν
1498 531 1718 590 ἱστορικῶν

215 593 346 639 αὗτοῦ
381 594 510 654 φάναι
539 595 616 653 τὴν
638 596 830 655 Ἀργείων
858 599 1076 653 βασιλείαν
1108 603 1169 659 τῷ
1198 598 1238 644 σ’
1275 599 1355 645 ἔτει
1384 606 1461 659 τῆς
1482 601 1746 661 Ἀσσυρίων5

175 667 433 721 Οβασιλείας
473 665 690 725 ἄρξασθαι
729 667 796 710 ἐπὶ
821 666 980 724 Ἀρείου
1012 668 1202 725 πέμπτου
1234 671 1441 726 βασιλέως
1470 671 1715 730 Ἀσσυρίων.

116 730 120 733 ⁷
213 734 331 780 {hwa
360 736 440 795 γὰρ
470 736 578 780 κατὰ
611 741 743 781 τοῦτο
768 739 965 794 Μωϋσῆς
982 739 1087 797 πρὸς
1105 744 1164 800 τῷ
1183 740 1287 784 τέλει
1304 745 1380 798 τῆς
1401 743 1508 799 ζωῆς
1524 742 1720 800 Ἀμβρὰμ

212 807 404 863 τεχθείς·
441 805 484 850 εἷ’
509 823 552 865 γε
573 805 726 858 πάντες
754 805 1004 865 ὁμολογοῦσι
1027 809 1077 853 τὸ
1101 813 1269 869 πρῶτον
1288 809 1379 862 ἴτος
1392 811 1589 870 Ἀμβρὰμ
1610 813 1721 856 κατὰ

211 876 273 927 τὸ,
296 874 369 933 ,ηδ’
402 875 494 928 &rog
525 879 660 921 Νίνου
694 882 770 921 τοῦ
792 878 987 936 δευτέρου
1007 878 1306 935 βασιλεύοντος
1325 881 1434 937 μετὰ
1461 885 1605 940 Βῆλον
1618 882 1719 927 Ἀσ-

214 948 386 1005 συρίων.
420 945 565 1004 Βήλου
598 947 679 1006 γὰρ
714 945 798 1002 νε’,
836 949 970 992 Νίνου
1007 948 1107 1005 μαῖ’,
1138 950 1335 1009 Ἀμβρὰμ
1367 949 1450 1010 ρα’.
1486 952 1604 997 ἔσται
1630 953 1714 1011 ἄρα
1729 964 1775 1001 10

213 1019 412 1073 Μωῢσῆς
443 1017 550 1060 κατὰ
584 1017 633 1061 τὸ
666 1015 733 1076 ρα’
767 1016 859 1070 ἔτος
881 1017 1095 1078 Ἀμβρὰμ,
1136 1019 1236 1080 ὅπερ
1267 1019 1489 1068 ἀδύνατον.
1528 1021 1726 1082 ὁμολογεῖ·

215 1088 263 1131 δὲ
284 1086 414 1131 αὐτὸν
438 1087 546 1131 κατὰ
561 1087 740 1143 Ἴναχον.

314 1156 506 1215 Ἀργείων
532 1155 575 1214 β’
603 1159 844 1214 ἐβασίλευσε
877 1158 1101 1218 Φορωνεὺς
1130 1157 1201 1217 ἔτη
1220 1157 1271 1213 ξ’.
1307 1164 1385 1206 τοῦ
1425 1161 1471 1206 δὲ
1488 1158 1649 1218 κόσμου
1666 1151 1719 1219 ἦν

217 1224 311 1279 ἔτος
331 1225 493 1288 ιγψμη’·

176 1301 211 1338 D
328 1296 551 1356 Φορωνεῧς
577 1304 675 1350 παῖς
701 1295 863 1354 Ἰνάχου
896 1299 965 1342 καὶ
994 1296 1159 1356 Νιόβης
1185 1305 1354 1359 πρῶτος
1384 1300 1542 1358 λέγεται
1561 1297 1717 1357 νόμους
1731 1310 1775 1348 15

216 1368 287 1410 καὶ
311 1366 503 1427 κριτήρια
531 1368 636 1427 παρ’
652 1367 824 1425 Ἕλλησι
843 1369 1019 1414 θέσθαι.
1058 1372 1164 1428 φασὶ
1186 1371 1236 1415 δέ
1249 1389 1356 1423 τινες
1372 1369 1540 1429 Νιόβην
1563 1375 1717 1431 Φορω-

216 1437 319 1489 νέως
337 1436 438 1483 εἶναι
455 1438 695 1499 θυγατέρα,
732 1437 831 1498 ὅπερ
852 1439 927 1484 οὔκ
948 1439 1125 1497 ἀληθές..

830 1549 1097 1609 Σποράδην.

316 1634 445 1680 Κατὰ
478 1634 657 1690 τούτους
681 1629 781 1689 τοὺς
811 1635 993 1697 χρόνους
1025 1638 1266 1695 ἐβασίλευσε
1292 1636 1467 1699 Κρήτης
1495 1639 1617 1699 Κρὴς
1635 1639 1717 1684 αὗ-

213 1701 386 1763 τόχθων
398 1740 413 1761 ,
453 1705 501 1752 ὃν
534 1708 606 1753 ἕνα
635 1708 800 1766 λέγουσι
820 1713 905 1753 τῶν
928 1707 1191 1768 Κουρήτων,
1229 1710 1334 1768 παρ’
1357 1708 1420 1762 οἷς
1443 1708 1465 1755 ὃ
1490 1710 1597 1770 παρ’
1616 1709 1714 1754 Ἕλ-
1724 1713 1772 1749 20

307 1807 344 1844 2.
369 1799 419 1851 ἦν
442 1819 507 1843 om.
527 1808 571 1842 Β.
675 1807 770 1854 ἔτος]
799 1807 862 1855 ἔτη
880 1808 923 1845 Β.
1024 1809 1059 1845 7.
1077 1810 1110 1845 8.
1131 1811 1187 1845 10.
1204 1810 1260 1847 11.
1287 1806 1441 1857 ἅμβραμ,
1458 1811 1499 1846 Β.
1524 1807 1649 1859 ἅβραμ
1671 1811 1715 1847 Α.

307 1851 466 1900 Αβραοὶμ
489 1855 537 1888 G.
652 1857 708 1891 10.
733 1853 850 1903 βήλου
877 1857 918 1891 Β.
945 1856 1071 1902 Βῆλον
1091 1856 1139 1891 G.
1253 1858 1375 1903 Βῆλος
1400 1857 1472 1905 γάρ
1492 1858 1556 1895 νε’.
1589 1858 1715 1906 ἐβασί-

308 1902 449 1937 λευσεν.
491 1902 615 1937 Νίνου
637 1901 678 1937 δὲ
696 1901 770 1948 μό’.
803 1901 964 1950 Αβραάμ,
985 1905 1135 1948 πρῶτον
1160 1901 1261 1939 ἐστιν
1284 1915 1329 1939 m.
1440 1906 1498 1942 13.
1524 1904 1588 1951 ἔτη
1609 1904 1639 1950 ξ’
1668 1923 1714 1932 -

310 1945 510 1992 Φορωνεὺς
527 1949 646 1984 addidi
666 1962 710 1984 ex
728 1951 803 1986 AB.
828 1950 1043 1997 (φωρονεὺς
1072 1950 1128 1985 bis
1144 1950 1174 1984 B
1194 1956 1230 1985 et
1251 1952 1419 1998 νιωβῆς).
1538 1955 1594 1990 16.
1618 1966 1714 1989 vaco-

306 1993 380 2041 βὴν
399 1995 601 2042 φωρονέως
623 1997 666 2035 Β.
779 1999 835 2035 19.
858 1996 949 2046 κρῆς
966 1998 1045 2034 add.
1063 1998 1105 2033 B.
1125 1998 1230 2033 Conf.
1254 2010 1289 2046 p.
1318 1999 1386 2036 105
1403 2010 1436 2035 a.
1457 2002 1494 2035 et
1520 2000 1712 2037 Eusebium

306 2052 344 2088 p.
366 2043 435 2079 267

621 2116 749 2169 Regni
778 2115 1022 2170 Argivorum
1051 2117 1317 2172 principium.

266 2179 422 2222 Quorum
439 2181 568 2228 primus
585 2184 782 2219 moderator
800 2185 867 2220 fuit
888 2185 1037 2220 Inachus
1058 2185 1155 2221 annis
1178 2186 1243 2229 56,
1269 2198 1359 2221 anno
1379 2184 1495 2221 mundi
1512 2187 1618 2224 3592.

313 2227 397 2262 Non
417 2229 536 2275 placet
561 2230 745 2266 Africanus
764 2232 870 2267 tertio
889 2232 1111 2268 historiarum
1132 2233 1221 2268 libro
1247 2233 1405 2269 scribens
1426 2233 1637 2278 Argivorum
1655 2245 1714 2269 re-

216 2284 321 2320 gnum
343 2276 558 2321 Assyriorum
574 2290 663 2312 anno
680 2280 751 2315 200
768 2279 844 2315 Arii
862 2279 973 2325 quinti
987 2280 1081 2327 regis
1098 2284 1254 2327 tempore
1271 2280 1449 2327 coepisse;
1476 2292 1518 2315 ex
1537 2280 1601 2315 hoc
1617 2292 1715 2316 nam-

218 2332 286 2367 que
306 2321 429 2357 Mosen
459 2323 552 2358 circa
574 2324 676 2370 finem
696 2326 790 2361 vitae
816 2327 989 2362 Abraham
1015 2331 1133 2363 natum
1160 2327 1398 2374 colligeremus
1412 2353 1423 2370 ‚
1448 2326 1618 2373 siquidem
1640 2327 1713 2374 pri·-

216 2378 308 2403 mum
327 2369 489 2405 Abrahae
517 2382 640 2407 annum
652 2398 663 2415 ‚
686 2373 723 2408 in
745 2373 834 2409 Nini
853 2374 993 2409 secundi
1021 2378 1101 2420 post
1120 2375 1242 2409 Belum
1261 2375 1482 2421 Assyriorum
1502 2374 1596 2420 regis
1625 2386 1712 2421 quq-

217 2413 447 2460 dragesimam
478 2422 661 2463 quartum,
692 2419 900 2456 incidentem
926 2421 1044 2456 cuncti
1073 2425 1243 2457 statuunt.
1298 2421 1405 2457 Belus
1425 2421 1512 2456 enim
1537 2421 1637 2456 annis
1664 2423 1712 2459 55

216 2462 400 2506 regnavit,
423 2463 510 2498 Nini
524 2476 608 2500 vero
623 2466 671 2502 44
686 2468 755 2502 suit
768 2468 928 2504 Abrahae
944 2468 1084 2515 primus.
1132 2468 1329 2503 Poneretur
1343 2469 1466 2515 itaque
1482 2469 1601 2503 Moses
1617 2468 1714 2504 circa

215 2507 379 2544 Abrahae
397 2511 619 2547 centesimum
640 2513 787 2559 primum
807 2526 953 2558 annum,
988 2515 1083 2563 quod
1102 2515 1181 2551 fieri
1202 2515 1296 2551 nulla
1312 2521 1414 2551 tenus
1432 2520 1561 2563 potest.
1607 2515 1712 2551 Eun-

216 2555 296 2590 dem
317 2556 407 2592 enim
429 2557 558 2593 Inacho
580 2564 803 2596 coaetaneum
822 2562 958 2598 statuit.

262 2602 448 2639 Secundus
469 2605 610 2651 Argivis
633 2607 821 2653 imperavit
845 2610 1070 2653 Phoroneus,
1091 2609 1215 2646 Inachi
1237 2612 1274 2645 et
1298 2609 1441 2655 Niobes·
1464 2608 1584 2651 filius,
1609 2607 1710 2644 annis

332 2649 398 2694 60,
423 2663 513 2686 anno
534 2653 653 2688 mundi
673 2653 778 2692 3748.

310 2696 379 2733 Hic
395 2698 524 2744 primus
539 2699 636 2746 leges
655 2705 692 2736 et
708 2701 839 2737 iudicia
854 2702 1006 2738 Graecis
1027 2703 1187 2751 posuisse
1200 2706 1419 2739 memoratur.
1466 2701 1609 2738 Nioben
1623 2713 1709 2739 vero

217 2743 355 2790 quidam
370 2744 547 2782 Phoronei
565 2747 672 2784 filiam
689 2748 887 2785 fabulantur
899 2775 910 2792 ,
935 2750 1029 2797 quod
1048 2763 1070 2786 a
1090 2751 1241 2788 veritate
1258 2751 1419 2787 alienum.

826 2821 1099 2864 Miscellanea.

306 2882 363 2918 Eo
388 2887 548 2931 tempore
563 2886 727 2932 regnavit
743 2886 833 2923 Cres
854 2887 992 2935 quidam
1011 2889 1198 2935 indigena,
1222 2901 1322 2937 quem
1341 2887 1445 2925 etiam
1467 2889 1588 2932 dicunt
1606 2901 1712 2926 unum

214 2928 405 2975 Curetum,
431 2942 453 2967 a
474 2933 599 2980 quibus
618 2934 754 2983 Iupiter
778 2935 868 2972 falso
889 2935 976 2972 deus
1000 2937 1149 2973 Graecis
1170 2938 1333 2981 habitus,
1356 2936 1444 2973 clam
1470 2937 1640 2974 educatus
1657 2940 1712 2973 est
