1800 3236
220 164 324 213 610
687 166 944 214 GEORGII
968 167 1258 215 SYNCELLI

218 299 293 334 τος
323 277 498 339 ἐπήγετο
535 275 862 338 φοβερώτατον,
913 283 1072 341 σεισμῷ
1100 280 1227 325 τεμαῖ
1255 279 1405 340 πέτραι
1441 278 1734 340 διερρήγνυντο

219 354 290 398 καὶ
318 351 373 397 τὰ
407 349 545 395 πολλοὶ
574 350 785 401 Ἰουδαίας
812 351 882 393 καὶ
908 354 986 406 τῆς
1018 354 1167 408 λοιπῆς
1197 356 1274 410 γῆς
1291 342 1569 410 κατερρίῲθη.
1608 357 1735 397 τοῦτο

220 424 270 469 τὸ
290 420 441 473 σκότος
453 421 635 476 ἔκλειψιν
655 424 731 464 τοῦ
753 417 875 477 ἡλίου
900 419 1070 472 Θάλλος
1090 421 1296 467 ἀποκαλεῖ
1309 423 1352 467 ἐν
1366 423 1487 482 τρίτῃ
1509 426 1594 467 τῶν
1617 422 1734 467 ἱστο-

221 498 347 555 ριῶν,
388 491 446 544 ὥς
483 492 576 547 ἐμοὶ
608 492 745 545 δοκεῖ’,
782 488 958 548 ἀλόγως.
1000 489 1190 551 Ἑβραῖοι
1223 493 1303 551 γὰρ
1331 492 1480 552 ἄγουσι
1510 493 1560 537 τὸ
1590 492 1734 550 πάσχα

218 564 328 609 κατὰ
356 559 533 619 σελήνην
566 558 645 615 ιδ’,
686 560 770 620 πρὸ
801 561 848 605 δὲ
878 567 980 618 μιᾶς
1012 567 1089 606 τοῦ
1114 561 1258 621 πάσχα
1280 564 1334 609 τὰ
1352 566 1444 623 περὶ
1462 563 1537 608 τὸν
1557 569 1763 623 σωτῆραό

179 634 456 691 Βσυμβαίνει.
494 631 676 688 ἔκλειψις
708 632 755 675 δὲ
788 629 910 688 ἡλίου
943 630 1120 691 σελήνης
1150 632 1423 692 ὑπελθούσης
1444 634 1516 679 τὸν
1534 635 1654 692 ἥλιον
1667 636 1731 693 γί-

214 717 353 751 νεται·
390 699 603 747 ἀδύνατον
635 702 682 746 δὲ
711 702 755 746 ἓν
781 701 897 763 ἄλλῳ
921 701 1090 763 χρόνῳ,
1130 704 1240 762 πλὴν
1274 705 1318 749 ἓν
1346 710 1407 765 τῷ
1437 706 1596 761 μεταξὺ
1633 710 1735 762 μιᾶς

214 777 284 821 καὶ
314 778 390 832 τῆς
420 773 502 832 πρὸ
527 772 663 830 αὐτῆς
687 773 798 817 κατὰ
817 774 894 830 τὴν
916 772 1096 818 σύνοδον
1126 775 1258 832 αὐτὴν
1278 775 1505 833 ἀποβῆναι.
1543 780 1634 828 πῶς
1658 772 1733 821 οὖν

215 845 397 902 ἔκλειψις
415 834 648 902 νομισθείη
677 843 787 888 κατὰ
815 842 1041 904 διάμετρον
1069 846 1218 903 σχεδὸν
1247 844 1523 904 ὑπαρχούσης
1552 851 1630 904 τῆς
1661 864 1732 891 σε-

54 925 97 964 V.
120 925 191 962 257
214 915 345 975 λήνης
366 914 470 976 ἡλίῳ
483 934 498 972 ,·
536 913 644 959 ἴστω
674 915 727 972 δὴ
738 948 754 969 ,
793 915 1094 974 συναρπαζὲτω
1117 916 1218 968 τούς
1240 917 1424 968 πολλοὺς
1446 917 1496 961 τὸ
1515 918 1732 976 γεγενημέ-
1746 928 1792 964 10

213 1007 288 1034 νον
314 988 384 1032 καὶ
403 986 452 1030 τὸ
480 983 681 1042 κοσμικόν
702 984 828 1044 τέρας
849 985 970 1043 ἡλίου
995 985 1177 1043 ἔκλειψις
1195 985 1462 1033 ὖπονοείσθω
1484 988 1527 1032 ἐν
1547 993 1599 1047 τῇ
1622 989 1732 1032 κατὰ

171 1057 173 1059 ’
215 1059 293 1115 τὴν
323 1056 437 1113 ὄψιν.
479 1055 651 1114 Φλέγων
678 1056 840 1114 ἱστορεῖ
869 1058 935 1100 ἐπὶ
961 1060 1160 1115 Τιβερίου
1182 1060 1405 1117 Καίσαρος
1427 1060 1470 1103 ἓν
1488 1057 1733 1120 πανσελήνῳ

217 1129 399 1184 ἔκλειψιν
423 1124 545 1184 ἡλίου
578 1126 783 1184 γεγονέναι
818 1128 980 1172 τελείαν
1009 1127 1091 1172 ἀπὸ
1128 1127 1241 1187 ὥρας
1262 1128 1382 1187 ἕκτης
1399 1130 1544 1187 μέχρις
1564 1128 1729 1187 ἐνάτης,

215 1203 356 1257 δηλῶν
388 1194 445 1249 ὥς
473 1194 647 1254 ταύτην.
686 1197 751 1248 τίς
782 1197 824 1241 ‹5'
857 1196 885 1255 ἧ
915 1199 1108 1243 κοινωνία
1139 1204 1296 1260 σεισμῷ
1318 1203 1388 1244 καὶ
1416 1193 1594 1256 ἐκλείψει
1603 1234 1617 1255 ,
1657 1201 1732 1244 πέ-

61 1281 102 1317 Ρ.
121 1281 193 1319 323
215 1287 338 1329 τραις
365 1268 641 1328 ῥηγνυμέναις
674 1269 743 1312 καὶ
775 1266 1006 1313 ἀναστάσει
1030 1274 1189 1328 νεκρῶν
1216 1269 1403 1329 τοσαύτῃ
1422 1289 1465 1315 τε
1484 1269 1640 1328 κινήσει
1658 1290 1732 1316 κο-
1746 1278 1791 1316 15

213 1344 371 1399 σμικῇ,·
409 1340 453 1383 ἐν
488 1343 590 1396 γοῦν
619 1342 680 1399 τῷ
716 1343 868 1399 μακρῷ
899 1337 1042 1401 χρόνῳ
1071 1339 1266 1385 τοιοῦτόν
1286 1358 1326 1385 τι
1347 1341 1518 1398 συμβὰν
1549 1343 1598 1386 οὗ
1621 1361 1730 1400 μνη-

213 1408 456 1469 μονεύεται,
493 1408 592 1453 ἀλλ’
621 1405 674 1466 ἦν
692 1407 843 1461 σκότος
869 1412 1127 1468 θεοποίητον
1138 1445 1151 1466 ,
1192 1410 1299 1456 διότι
1319 1412 1393 1456 τὸν
1412 1410 1555 1471 κύριον
1574 1414 1730 1470 συνέβη

214 1486 394 1535 παθεῖν,
432 1481 503 1524 καὶ
533 1478 658 1538 λόγος
693 1481 806 1539 αἱρεῖ
831 1478 895 1525 ὅτι
927 1479 1219 1539 ἑβδομήκοντα
1241 1481 1476 1539 ἕβδομάδες
1499 1486 1557 1535 εἷς
1579 1489 1730 1528 τοῦτον

212 1555 515 1610 συναιροῦνται
542 1550 617 1595 τὸν
633 1547 789 1609 χρόνον
809 1552 853 1595 ἓν
873 1556 934 1613 τῷ
949 1551 1130 1610 Δανιήλ.
1169 1556 1238 1598 καὶ
1258 1554 1367 1610 μεθ’
1391 1554 1515 1613 ἕτερα
1529 1568 1540 1578 ·
1579 1554 1661 1598 ἀπὸ
1684 1555 1730 1597 δὲ

205 1622 487 1683 Ἀρταξέρξου
523 1622 569 1666 αἱ
599 1619 635 1666 o'
661 1619 896 1679 ἑβδομάδες
927 1625 985 1675 εἰς
1014 1624 1088 1669 τὸν
1119 1625 1187 1669 ἐπὶ
1216 1628 1412 1684 Χριστοῦ
1435 1629 1786 1669 συντελοῦνταιΞο

307 1712 341 1748 1.
366 1711 482 1758 Vulgo
495 1709 673 1758 ἐπείγετο.
697 1711 861 1759 Scaliger
881 1710 1085 1759 ἐπεγένετο.
1172 1726 1213 1751 τε
1224 1715 1267 1749 Β.
1295 1712 1338 1750 δὲ
1351 1714 1401 1750 G.
1495 1715 1531 1750 2.
1555 1714 1623 1760 τῆς
1643 1717 1730 1750 Ιου-

306 1760 420 1801 outae
437 1760 488 1795 G.
583 1761 824 1807 κατερρίφθη
844 1760 888 1798 Β.
912 1763 1120 1809 κατερρίφη
1133 1762 1181 1799 G.
1288 1765 1344 1800 11.
1371 1760 1411 1798 ἐν
1428 1762 1476 1809 τῇ
1493 1762 1535 1796 Β.
1560 1760 1601 1798 ἕν
1622 1775 1658 1797 τι
1678 1762 1727 1798 G.

390 1807 446 1844 13.
472 1805 594 1843 τελεία
611 1809 656 1844 A.
802 1807 858 1845 14.
884 1809 1025 1855 δηλῶν]
1055 1811 1171 1856 δῆλον
1198 1810 1235 1845 G
1266 1814 1303 1845 et
1330 1809 1492 1855 Scaliger
1516 1821 1550 1855 p.
1574 1810 1632 1846 77.

306 1852 557 1939 Ξῗῶτΐσέιὶτη
578 1855 622 1892 Β.
734 1855 882 1902 κίνησις
908 1856 1070 1905 κοσμική
1092 1858 1167 1893 ΑΒ.
1289 1859 1349 1895 20.
1377 1857 1419 1893 αἱ
1440 1855 1472 1894 o'
1496 1858 1540 1893 Β.
1564 1853 1728 1906 ἑβδομή-

210 1972 290 2008 orbi
316 1972 479 2008 universo
504 1972 722 2016 incubuere3
748 1976 873 2020 petrae
897 1977 1017 2011 terrae
1045 1977 1144 2011 motu
1167 1974 1358 2019 discissae,
1384 1975 1554 2023 pluraque
1580 1988 1646 2024 per
1665 1976 1726 2012 Iu-

210 2020 333 2056 daeam
350 2025 387 2055 et
406 2021 570 2066 regiones
589 2021 743 2068 reliquas
767 2023 875 2056 aedes
894 2021 931 2057 in
948 2023 1057 2058 solum
1082 2023 1243 2059 deiectae
1259 2027 1350 2058 sunt.
1400 2024 1583 2060 Tenebras
1605 2025 1727 2060 huius-

209 2067 303 2103 modi
315 2068 398 2103 solis
427 2069 603 2103 defectum
629 2075 734 2104 vocat
753 2069 901 2104 Thallus
928 2070 1152 2106 historiarum
1177 2071 1266 2106 libro
1290 2071 1415 2114 tertio,
1443 2076 1480 2106 et
1505 2084 1559 2106 me
1586 2072 1726 2118 quidem

209 2115 349 2159 iudice,
374 2115 467 2150 nullo
488 2116 724 2151 fundamento.
774 2117 933 2152 Hebraei
961 2119 1094 2164 quippe
1122 2119 1204 2153 luna
1230 2116 1276 2154 14
1302 2119 1434 2165 pascha
1462 2116 1661 2162 celebrant3
1687 2124 1727 2155 at

209 2166 310 2197 certe
324 2163 523 2209 paschalem
540 2163 795 2199 solemnitatem
817 2163 874 2198 die
894 2171 1097 2211 praeeunte,
1118 2177 1209 2212 quae
1221 2166 1415 2212 passionem
1436 2171 1598 2211 spectant
1617 2179 1638 2201 a
1655 2166 1728 2202 sal-

210 2212 335 2244 vatore
352 2210 502 2246 tolerata
522 2211 639 2254 fuere;
665 2211 750 2246 solis
769 2224 854 2246 vero
882 2214 1042 2248 defectus
1063 2213 1199 2248 nonnisi
1231 2213 1311 2247 luna
1328 2212 1434 2247 solem
1454 2215 1625 2249 subeunte
1643 2226 1727 2249 cer-

210 2256 318 2292 nitur.
366 2257 496 2293 Verum
515 2270 593 2293 cum
617 2271 685 2294 non
703 2258 771 2294 alio
793 2261 962 2307 temporis
983 2264 1154 2295 momento
1171 2264 1416 2306 praeterquam
1442 2273 1483 2296 eo
1502 2263 1596 2307 quod
1621 2261 1726 2296 lunae

210 2303 344 2339 veteris
373 2303 464 2339 diem
488 2305 645 2340 ultimum
676 2309 713 2341 et
741 2309 963 2343 renovandae
993 2307 1139 2354 primum
1170 2306 1364 2352 contingit,
1398 2307 1434 2342 in
1460 2308 1539 2355 ipso
1566 2308 1723 2344 nimirum

209 2350 393 2397 utriusque
411 2351 537 2386 sideris
558 2364 752 2398 congressu
771 2354 918 2401 eclipsin
941 2354 1109 2400 ingruere
1127 2353 1373 2397 observemus,
1399 2367 1469 2401 qua
1485 2356 1622 2391 ratione
1641 2367 1725 2391 cen-

210 2397 347 2433 sebitur
365 2397 508 2445 eclipsis
525 2399 599 2434 sole
615 2401 814 2446 oppositam
830 2403 932 2437 lunae
949 2401 1039 2435 caeli
1060 2404 1194 2447 partem
1211 2403 1382 2437 tenente?
1406 2403 1496 2438 Esto
1516 2408 1644 2446 tamen,
1662 2414 1722 2438 ra·-

208 2444 287 2526 ¹pliat
303 2448 385 2491 post
403 2457 445 2481 se
463 2457 551 2492 quos
570 2447 665 2482 volet
683 2452 720 2481 et
739 2448 835 2483 inter
855 2449 924 2483 alia
943 2448 1009 2482 toti
1039 2447 1117 2483 orbi
1137 2449 1322 2484 manifesta
1339 2462 1441 2486 unum
1457 2451 1523 2485 hoc
1548 2452 1632 2486 solis
1658 2451 1722 2485 de·-

235 2491 362 2528 cientis
382 2504 427 2528 ex
445 2492 622 2529 oculorum
639 2493 772 2529 iudicio
793 2500 992 2542 portentum
1011 2500 1234 2539 numeretur3
1259 2508 1344 2531 sane
1362 2497 1444 2533 luna
1466 2502 1540 2533 toto
1559 2499 1646 2533 orbe
1662 2509 1722 2532 ra-

208 2538 331 2575 diante
352 2539 397 2575 ab
414 2540 503 2575 hora
521 2540 593 2576 diei
614 2542 638 2578 6
655 2541 700 2576 ad
722 2543 745 2578 9
775 2553 886 2589 usque
914 2543 1091 2589 integram
1120 2544 1204 2579 solis
1229 2544 1377 2591 eclipsin
1395 2545 1544 2580 Tiberio
1565 2546 1721 2581 Caesare

207 2585 404 2634 imperante
421 2586 614 2634 contigisse
632 2593 754 2624 narrat
769 2589 951 2636 Phlegon3
976 2602 1052 2626 eam
1070 2590 1192 2638 utique
1208 2591 1253 2627 de
1269 2603 1339 2638 qua
1357 2593 1457 2628 nobis
1476 2604 1600 2631 sermo.
1647 2593 1722 2627 Ve-

207 2645 284 2669 rum
304 2634 394 2670 enim
412 2646 498 2670 vero
522 2647 611 2682 quae
631 2638 733 2671 tanta
755 2640 809 2671 est
835 2649 911 2672 cum
934 2643 1052 2674 terrae
1071 2642 1166 2673 motu
1190 2643 1227 2674 et
1247 2639 1371 2685 eclipsi
1397 2639 1550 2686 diruptis
1570 2640 1665 2676 saxis
1684 2644 1721 2675 et

208 2682 461 2717 resurrectioni
477 2688 688 2718 mortuorum
706 2688 894 2731 tantaeque
912 2693 1149 2721 creaturarum
1165 2686 1311 2721 omnium
1327 2686 1587 2733 perturbationi
1604 2687 1720 2722 socie-

208 2729 295 2763 tas?
319 2729 427 2765 Certe
442 2730 548 2776 longa
564 2734 659 2765 retro
678 2743 843 2766 annorum
864 2732 956 2767 serie
975 2733 1087 2768 simile
1106 2733 1192 2781 quid
1213 2733 1308 2769 nulla
1327 2735 1520 2780 reperimus
1545 2735 1719 2770 accidisse

207 2776 385 2814 memoria.
433 2777 550 2813 Erunt
565 2777 686 2824 itaque
708 2790 833 2814 novum
854 2779 910 2814 dei
929 2793 1016 2827 opus
1041 2781 1122 2816 illae
1151 2781 1318 2816 tenebrae
1338 2782 1417 2828 ipso
1435 2781 1553 2816 mundi
1580 2782 1718 2817 domino

207 2822 368 2868 patiente
382 2828 542 2860 exortae.
589 2825 825 2872 Septuaginta
845 2839 930 2862 vero
961 2828 1192 2864 hebdomades
1209 2840 1230 2863 a
1247 2827 1395 2864 Daniele
1418 2834 1625 2865 memoratas
1651 2831 1717 2864 hoc

206 2873 367 2916 tempore
388 2871 607 2918 complendas
631 2877 668 2908 et
685 2874 865 2908 terminum
885 2875 1048 2921 attigisse
1077 2876 1169 2911 ratio
1197 2875 1384 2911 convincit.
1431 2877 1480 2912 Et
1508 2877 1716 2922 quibusdam

206 2915 420 2954 interiectis:
443 2921 488 2956 ab
507 2919 714 2957 Artaxerxis
733 2925 847 2957 autem
865 2920 1011 2969 imperio
1032 2923 1079 2959 ad
1099 2926 1250 2964 aetatem
1272 2934 1382 2971 usque
1402 2923 1537 2960 Christi
1571 2935 1615 2960 ex
1641 2924 1716 2958 He-
