1800 3236
238 158 342 207 688
707 162 960 211 GEORGII
988 162 1276 211 SYNCELLI

235 273 453 335 ἀπήγγειλε
468 282 558 328 τοῖς
580 275 890 332 κατακειμένοις
913 276 957 320 ἐν
977 279 1038 337 τῷ
1056 273 1192 337 γάμῳ.
1245 277 1286 322 οἳ
1303 277 1350 322 δὲ
1369 275 1480 337 ὅρμῇ
1498 282 1576 340 μιᾷ
1595 275 1748 330 πάντες

235 348 538 405 ἐξανέστησαν,
578 349 647 392 καὶ
676 345 823 406 δρόμῳ
853 344 1075 405 φερόμενοι
1099 346 1278 405 τάχιστα
1297 342 1400 406 ἧκον
1431 346 1749 400 ἐπισπεύδοντες

234 416 364 476 ἡμῖν,
404 420 475 462 καὶ
502 416 719 475 ἠλάλαξαν
749 418 819 460 καὶ
849 422 985 476 φυγῆς
1017 418 1179 470 εὐθέως
1196 423 1282 463 τῶν
1303 417 1606 478 φρουρούντων
1635 417 1749 476 ἡμᾶς

235 493 508 548 στρατιωτῶν
545 487 766 546 γενομένης
803 488 1038 545 ἐπέστησαν
1077 487 1200 546 ἥμΐν,
1239 487 1296 542 ὥς
1331 490 1520 546 εἴχομεν,
1565 490 1630 532 ἐπὶ
1661 495 1746 534 τῶν

235 557 467 619 ἆστρώτων
487 556 730 615 σκιμπόδιον
747 560 1046 615 κατακείμενοι.
1086 559 1198 617 κάγώ
1216 562 1294 616 μὲν
1303 593 1317 615 ,
1355 559 1464 604 οἶδεν
1486 558 1508 604 ὃ
1528 560 1631 611 θεὸς
1639 594 1652 614 ,
1689 559 1777 611 ὦςό

233 631 393 689 λῃστὰς
420 627 523 674 εἶναι
551 627 756 688 πρότερον
779 627 1009 687 ἡγούμενος
1037 631 1103 673 ἐπὶ
1129 629 1303 688 σύλησιν
1334 633 1402 675 καὶ
1424 629 1618 688 ἁρπαγὴν
1646 631 1750 690 ἀφι-

234 702 435 757 κομένους
448 715 461 755 ·,
499 700 636 756 μένων
659 701 724 744 ἐπὶ
744 705 820 757 τῆς
842 701 962 757 εὐνῆς
987 700 1101 758 ἤμην
1124 702 1166 745 ἓν
1193 707 1252 761 τῷ
1281 706 1380 762 λινῷ
1405 699 1618 758 ἓσθήματι
1629 735 1642 755 ,
1670 701 1748 759 τὴν

81 774 119 811 Ρ.
143 776 215 814 366
236 773 281 817 δὲ
302 771 452 828 λοιπὴν
479 773 646 828 ἐσθῆτα
674 772 980 829 παρακειμένην
1003 771 1148 823 αὐτοῖς
1166 771 1334 831 ὤρεγον.
1382 773 1421 816 οἳ
1449 773 1495 815 δὲ
1529 773 1749 824 ἐξανίστα-

234 844 349 888 aaa!
368 860 411 886 τε
432 842 616 886 ἐκέλευον
636 843 706 886 καὶ
726 842 805 899 τὴν
827 844 1030 900 ταχίστην
1050 843 1210 895 ἐξιέναι.
1258 845 1327 887 καὶ
1346 840 1440 887 τότε
1460 844 1594 908 συνεὶς
1615 843 1688 901 ἐφ’
1714 836 1749 903 ᾧ

232 918 432 972 παρῆσαν
463 912 692 970 ἀνέκραγον
725 911 920 969 δεόμενος
952 914 1093 958 αὐτῶν
1101 948 1115 969 ,
1155 915 1224 958 καὶ
1256 914 1440 968 ἱκέτευον
1479 913 1643 957 ἀπιέναι
1680 915 1749 957 καὶ
1763 921 1800 957 1c

233 984 347 1044 ἡμᾶς
368 985 453 1028 ἐᾶν.
490 986 524 1027 εἲ
545 985 590 1028 δὲ
607 982 841 1039 βούλονταί
856 1002 895 1028 τι
911 985 1100 1042 χρηστὸν
1123 983 1391 1043 ἐργάσασθαι
1400 1019 1415 1039 ,
1438 984 1539 1036 τοὺς
1561 981 1750 1041 ἀπάγον-

235 1054 315 1108 τάς
335 1073 388 1113 με
405 1052 576 1114 φθάσαι
597 1056 667 1099 καὶ
688 1054 764 1112 τὴν
775 1056 960 1114 κεφαλὴν
977 1055 1121 1107 αὐτοῖς
1142 1056 1218 1113 τὴν
1232 1056 1335 1113 ἐμὴν
1349 1056 1571 1111 ἀποτεμεῖν
1591 1055 1749 1112 ἠξίουν.

237 1129 308 1172 καὶ
327 1129 504 1170 τοιαῦτα
524 1130 712 1180 βοῶντος
738 1123 795 1177 ὦς
815 1126 955 1170 ἴσασιν
978 1127 1017 1170 οἳ
1038 1128 1230 1171 κοινωνοί
1251 1146 1335 1184 μου
1357 1129 1425 1171 καὶ
1444 1126 1616 1182 μέτοχοι
1642 1124 1751 1170 πάν-

237 1216 325 1243 των
344 1195 568 1255 γενόμενοι,
592 1197 825 1240 ἀνίστασαν
844 1197 951 1255 πρὸς
961 1199 1074 1252 βίαν.
1112 1197 1225 1255 κάγώ
1245 1202 1416 1256 παρῆκα
1436 1195 1587 1241 ἑαυτὸν
1601 1195 1751 1241 ὕπτιον

237 1269 345 1328 πρὸς
368 1266 594 1326 τοῦδαφος.
643 1267 683 1311 οἳ
706 1268 750 1311 δὲ
770 1265 1043 1321 διαλαβόντες
1056 1273 1209 1327 χειρῶν
1232 1286 1277 1312 τε
1296 1271 1366 1313 καὶ
1387 1270 1531 1312 ποδῶν
1555 1265 1752 1326 σύροντες
1766 1277 1800 1312 15

238 1338 453 1396 ἐξήγαγον.
511 1336 830 1395 ἐπηκολούθουν
858 1339 908 1382 δέ
941 1357 1015 1395 μοι
1052 1333 1168 1383 οὗτοι
1208 1344 1295 1384 τῶν
1335 1337 1506 1384 πάντων
1541 1336 1755 1397 μάρτυρες

238 1409 394 1464 Γάϊος,
439 1412 661 1464 Φαῦστος,
700 1410 892 1469 Πέτρος,
931 1413 1124 1462 Παῦλος.
1184 1411 1224 1454 οἳ
1262 1412 1307 1455 δὲ
1346 1407 1660 1466 ὗποβάλλοντές
1701 1427 1753 1466 με

199 1479 439 1541 Βφοράδην
469 1477 667 1538 ἐξήγαγον
701 1485 776 1524 τοῦ
808 1482 1022 1537 πολιχνίου
1052 1483 1121 1525 καὶ
1146 1480 1227 1541 ὄνῳ
1256 1486 1400 1542 γυμνῷ
1435 1478 1755 1535 ἐπιβιβάσαντες

238 1547 471 1610 ἀπήγαγον.
520 1550 631 1596 οὕτω
653 1551 730 1606 μὲν
761 1547 835 1596 οὖν
861 1549 887 1608 ἦ
919 1556 995 1596 τοῦ
1020 1550 1204 1611 μεγάλου
1238 1550 1393 1597 τούτου
1423 1551 1587 1610 πατρὸς
1617 1551 1754 1611 περιέ-

235 1641 377 1681 χουσα
394 1626 547 1681 χρῆσις
567 1620 703 1680 πάντη
728 1627 804 1680 τῆς
822 1622 1059 1682 Ὠριγένους
1078 1626 1344 1676 λειποταξίας
1363 1620 1609 1680 διενήνοχεν.
1764 1633 1800 1670 2(

342 1691 391 1738 ‘O
419 1693 463 1737 δ’
489 1693 616 1745 αὐτὸς
626 1726 639 1749 ,
679 1695 807 1753 φησὶ,
844 1695 914 1738 καὶ
946 1697 1038 1754 περὶ
1061 1699 1146 1739 τῶν
1165 1694 1509 1755 ἕνἈλεξανδρειά
1530 1710 1754 1752 μαρτυρη-

242 1762 407 1811 σάντων
433 1765 499 1809 ἒπὶ
519 1766 673 1810 Δεκίου
695 1763 945 1824 σοφώτατος
965 1763 1192 1818 Διονύσιος
1210 1765 1360 1826 γράφει
1384 1766 1490 1825 πρὸς
1506 1764 1581 1809 τὸν
1593 1764 1755 1809 Ἀντιο-

337 1856 374 1892 7.
400 1852 524 1900 μένων
548 1855 588 1890 Α.
613 1852 713 1901 μένω
733 1854 781 1889 G.
885 1851 1001 1901 ἤμην]
1029 1851 1137 1902 ἡμῶν
1159 1855 1208 1890 G.
1324 1857 1359 1892 8.
1384 1852 1616 1892 ἀνίστασθαι
1634 1854 1683 1889 G.

336 1905 373 1940 9.
398 1914 438 1938 τε
460 1915 527 1939 om.
548 1903 597 1938 Gr.
714 1904 770 1938 11.
796 1901 833 1938 εἰ
853 1900 894 1938 δὲ
918 1902 1125 1950 βούλονται
1144 1915 1189 1938 ex
1208 1902 1377 1941 Eusebio.
1414 1902 1531 1949 Vulgo
1551 1898 1576 1948 ἢ
1599 1902 1640 1938 δὲ
1661 1899 1755 1959 fimf-

305 1990 308 1994 ,
337 1953 490 2033 λωντοὸ.
532 1963 534 1966 ’
605 1951 663 1988 15.
688 1947 888 1998 σύρροντες
911 1954 954 1988 Α.
1061 1953 1118 1990 19.
1142 1951 1277 1998 πατρὶς
1297 1951 1338 1986 Α.
1445 1951 1575 1998 χρῆσις
1596 1950 1639 1985 Ρ.
1663 1963 1754 1998 χρη-

339 2009 417 2041 σεις
479 2024 489 2034 .

243 2080 319 2106 mos
340 2070 437 2116 est),
471 2081 614 2117 remque
630 2073 741 2107 totam
759 2071 1041 2108 accumbentibus
1060 2072 1235 2108 enunciat.
1282 2071 1362 2107 Uno
1391 2071 1527 2118 impetu
1559 2071 1754 2114 exsurgunt

244 2118 363 2152 cuncti
395 2123 432 2153 et
459 2119 594 2153 concito
628 2131 734 2154 cursu
759 2119 803 2154 ad
830 2131 893 2154 nos
922 2120 1033 2154 delati
1057 2124 1230 2155 venerunt
1256 2119 1450 2161 eiulantes3
1476 2130 1519 2153 ex
1542 2129 1611 2164 quo
1633 2122 1755 2152 custo-

245 2164 414 2200 dientium
433 2177 496 2200 nos
516 2166 660 2201 militum
679 2167 765 2213 suga
788 2167 887 2202 facta
907 2172 983 2211 est3
1008 2167 1178 2214 nobisque
1205 2168 1296 2203 lecto
1316 2166 1516 2209 stramentis
1545 2164 1677 2199 nudato
1698 2165 1755 2198 ia-

247 2212 408 2246 centibus
429 2213 610 2259 inopinato
632 2214 790 2251 adfuere.
838 2214 917 2260 Ego
940 2214 1101 2261 quidem,
1126 2215 1225 2250 novit
1252 2226 1341 2261 quae
1362 2214 1441 2248 dico
1464 2214 1574 2254 deus,
1598 2211 1755 2246 latrones

246 2258 294 2294 ad
313 2259 546 2305 direptionem
571 2266 608 2296 et
627 2262 792 2308 praedam
811 2262 1023 2298 adventasse
1043 2268 1145 2298 ratus
1157 2288 1167 2305 ‚
1191 2262 1391 2309 praestolor
1409 2261 1446 2295 in
1464 2260 1568 2302 lecto,
1596 2271 1665 2305 quo
1687 2271 1756 2294 nu-

247 2305 314 2341 dus
339 2306 520 2350 iacebam,
543 2313 587 2344 ,et
618 2309 700 2343 solis
723 2309 826 2343 lineis
854 2315 1020 2356 opertus,
1051 2310 1204 2355 reliquas
1230 2320 1315 2344 vero
1342 2313 1461 2343 vestes
1488 2318 1591 2342 secus
1618 2306 1755 2352 positas

246 2353 406 2389 manibus
428 2353 503 2400 ipse
520 2355 742 2400 praebebam.
787 2355 863 2390 Illis
881 2356 1022 2392 exsilire
1032 2369 1097 2397 me,
1123 2358 1311 2402 fugamque
1329 2366 1517 2402 capescere
1537 2354 1753 2397 iubentibus,

246 2412 353 2436 causa
375 2401 548 2436 adventus
576 2408 765 2449 percepta,
797 2403 988 2438 exclamavi
1015 2408 1249 2445 contestatus,
1284 2415 1326 2438 ac
1351 2402 1479 2449 quibus
1504 2401 1607 2448 potui
1633 2401 1755 2436 verbis

214 2489 217 2499 k
246 2447 470 2484 discederent
500 2455 536 2484 et
555 2461 610 2483 me
638 2462 777 2485 manere
806 2451 1069 2496 permitterent,
1094 2456 1282 2497 precatu3‚
1312 2454 1373 2486 aut
1394 2450 1426 2485 si
1443 2448 1616 2485 beneficio
1635 2460 1756 2484 cumu-

245 2495 354 2531 latum
378 2496 531 2539 vellent,
565 2496 635 2543 ipsi
661 2498 874 2532 abducturos
899 2510 953 2532 me
985 2497 1236 2544 praevenirent
1259 2510 1302 2533 ac
1326 2502 1434 2544 caput
1458 2496 1642 2539 tollerent,
1667 2508 1756 2542 sup-

246 2542 391 2591 plicavi.
438 2543 555 2586 Haec,
580 2556 671 2590 quae
691 2545 777 2580 socii
796 2545 1030 2592 fortunaeque
1062 2545 1256 2592 participes
1277 2546 1388 2593 probe
1409 2551 1558 2588 norunt,
1582 2555 1638 2579 me
1655 2543 1756 2578 voci-

247 2592 408 2634 ferante,
430 2590 484 2626 illi
500 2591 568 2626 vim
586 2592 805 2634 inferebant3
831 2604 897 2637 ego
916 2604 1061 2639 pronum
1074 2593 1116 2632 in
1130 2597 1259 2628 terram
1279 2605 1405 2640 corpus
1424 2591 1559 2628 demisi.
1606 2590 1663 2625 Illi
1682 2601 1757 2625 ma-

247 2638 350 2674 nibus
379 2644 416 2674 et
439 2638 587 2685 pedibus
612 2641 823 2687 prehensum
847 2641 1062 2683 eduxerunt3
1087 2642 1208 2675 horum
1230 2645 1342 2676 testes
1367 2640 1606 2687 sequebantur
1629 2637 1753 2680 Caius,

248 2685 424 2729 Faustus,
448 2687 578 2722 Petrus
604 2692 640 2722 et
669 2687 822 2730 Paulus3
859 2687 920 2733 qui
946 2687 1028 2723 dato
1059 2688 1203 2723 consilio
1232 2689 1391 2723 manibus
1417 2690 1593 2734 gestatum
1624 2686 1754 2732 oppido

248 2732 448 2777 eduxerunt
471 2734 633 2782 nudoque
653 2734 830 2782 ephippiis
848 2734 947 2770 asino
963 2735 1180 2781 impositum,
1206 2735 1289 2770 inde
1307 2735 1476 2771 tulerunt.
1525 2734 1577 2769 Et
1593 2733 1630 2768 in
1655 2734 1748 2767 hunc

248 2780 387 2827 quidem
421 2783 556 2818 modum
591 2783 710 2829 magni
738 2781 852 2829 patris
884 2781 978 2817 illius
1011 2783 1246 2818 testimonium
1283 2787 1321 2819 et
1355 2780 1551 2830 composita
1582 2780 1755 2823 narratio,

249 2828 355 2863 multo
375 2828 562 2865 intervallo
579 2830 624 2866 ab
646 2830 816 2877 Qrigenis
831 2830 1031 2866 defectione
1050 2830 1241 2878 discrepat.
1350 2841 1352 2843 ·

263 2919 265 2921 Ι
342 2875 440 2911 Idem
467 2889 574 2920 vero,
606 2877 724 2924 inquit
751 2877 948 2921 Eusebius,
982 2878 1026 2913 de
1045 2878 1090 2913 iis
1113 2879 1175 2925 qui
1201 2878 1267 2913 sub
1295 2876 1405 2913 Decio
1433 2874 1596 2922 martyrii
1618 2873 1757 2922 passio-

249 2932 328 2959 nem
348 2923 585 2962 Alexandriae
596 2925 851 2971 sustinuerunt,
878 2926 924 2963 ad
941 2924 1149 2963 Flavianum
1167 2925 1368 2974 episcopum
1386 2925 1597 2962 Antiochiae
1611 2921 1757 2970 sapien·-
