1800 3236
217 155 322 217 548
684 161 936 210 GEORGII
962 163 1248 211 SYNCELLI

220 272 425 329 κάλλιστα
461 276 538 319 τοῦ
569 271 722 327 ἔθνους
750 273 1096 334 προστησάμενος
1127 273 1357 334 ἡγούμενον
1388 280 1474 322 τῶν
1505 275 1724 335 δυνάμεων

219 343 414 402 Ἰωάννην
442 345 534 389 υἳόν
567 345 698 389 αὗτοῦ
726 347 796 389 καὶ
819 344 1038 402 Ῥωμαίοις
1064 345 1348 404 σπεισάμενος.
1386 351 1538 392 τοῦτον
1567 348 1731 408 ἀναιρεῖ

222 420 490 472 Πτολεμαῖος
521 413 773 471 ὃἈβούβου
806 416 997 476 γαμβρὸς
1027 419 1175 469 οἶκεΐος
1204 420 1273 462 καὶ
1305 418 1538 477 στρατηγὸς
1553 417 1721 479 Ἱεριχιό.

223 487 302 538 ἕως
322 483 474 545 τούτου
497 484 550 529 τὰ
567 486 877 540 Μακκαβαίων.

253 556 469 602 Ἰουδαίων
491 553 780 614 ἄρχιεράτευσε
809 553 870 600 ιθ’
897 552 1093 615 Ἰωάννης
1115 555 1137 602 ὃ
1159 559 1228 602 καὶ
1240 556 1446 617 ’Υρκανός
1466 555 1537 616 ξ’τη
1561 555 1612 604 λ’.
1648 563 1760 603 τοῧὸ

363 626 410 670 δὲ
427 623 586 681 κόσμου
609 621 661 682 ’ἦν
681 625 773 677 ἔτος
792 624 920 687 ιετξζ.

323 691 570 752 Ἰωάννης’ὅ
601 700 686 740 τῶν
699 695 916 742 Ἰουδαίων
934 696 1167 758 στρατηγὸς
1183 695 1414 758 εΥρκανούς
1433 694 1607 756 νικήσας
1623 696 1727 759 ‘Yp-

224 766 349 817 κανός
367 764 614 824 ὠνομάσθη.

171 835 216 879 ’Β
326 835 377 881 ‘O
407 836 536 889 αὐτὸς
574 836 681 897 πρὸς
703 834 933 895 Ῥωμαίους
959 833 1138 904 δόγματι
1170 834 1401 895 συγκλήτου
1429 837 1572 897 φιλίαν
1603 838 1728 884 σπέν-

223 910 359 953 δεται.’
1742 917 1786 953 10

280 1024 282 1027 ,
324 973 521 1034 Ἰωάννης
554 974 576 1021 ὃ
604 978 672 1020 καὶ
686 975 890 1036 ςΥρκανὸς
905 978 1121 1023 Ἰουδαίων
1139 976 1352 1036 ἀρχιερεὺς
1369 977 1589 1035 Σεβαστὴν
1607 975 1728 1022 πόλιν

227 1048 470 1106 Σαμαρείας
493 1046 774 1107 πολιορκήσας
791 1047 984 1107 ἠδάφισε.
1006 1046 1164 1104 ταύτην
1179 1046 1375 1107 εΓΙρώδης
1394 1046 1729 1105 ἀνοικοδομήσας

225 1118 445 1175 Σεβαστὴν
483 1120 540 1169 εἷς
581 1118 715 1174 ὄνομα
754 1123 829 1162 τοῦ
869 1121 1090 1177 Καίσαρος
1120 1116 1321 1163 ἐκάλεσεν.
1370 1118 1508 1162 ἔπειτα
1533 1116 1730 1175 Ἰωάννης

219 1186 426 1247 ζΥρκανὸς
457 1190 695 1246 διαπρεπῶς
728 1186 913 1245 ἡγήσατο
946 1187 1056 1232 πάνυ
1085 1193 1161 1232 τοῦ
1189 1188 1331 1246 γένους
1356 1188 1584 1233 Ἰουδαίων.
1622 1187 1650 1245 ἦ
1684 1189 1730 1232 δὲ

223 1256 371 1318 πρώτη
410 1263 496 1302 τῶν
527 1261 853 1314 Μακκαβαῖκῶν
883 1261 1032 1316 βίβλος
1062 1259 1140 1309 ἕως
1159 1258 1289 1303 αὐτοῦ
1310 1257 1435 1317 λήγει,
1472 1263 1623 1303 τοῦτον
1638 1257 1730 1303 Ἰώ-
1743 1268 1788 1305 15

224 1345 392 1386 σηππος
409 1329 475 1371 ἐπὶ
495 1330 696 1389 θεοφιλίᾳ
712 1328 849 1372 πολλοὶ
867 1335 1084 1389 μαρτυρεῖ.

326 1396 522 1454 Ἰωάννης
560 1398 650 1449 υἱὸς
679 1399 872 1454 Σίμωνος
900 1397 1069 1458 σφόδρα
1088 1397 1342 1458 διαπρέπων,
1372 1394 1634 1457 ἡγησάμενος
1653 1403 1730 1443 τοῦ

195 1467 382 1519 Οέ’θνους
395 1469 610 1513 Ἰουδαίων
631 1469 673 1512 ἓν
693 1467 911 1528 ἱερωσύνῃ,
951 1472 1020 1514 καὶ
1039 1470 1236 1526 πολέμοις
1257 1471 1325 1513 καὶ
1346 1468 1530 1530 πλούτῳ,
1553 1487 1731 1528 τρισμυ-

227 1540 330 1596 ρίων
359 1536 579 1582 ταλάντων
609 1539 654 1582 ἐκ
680 1543 765 1582 τῶν
797 1537 1005 1599 πατρῴων
1031 1542 1179 1595 Δαβῖδ
1210 1542 1279 1583 καὶ
1298 1544 1553 1595 Σολομῶνος
1583 1538 1731 1598 τάφων

227 1605 477 1664 ἀνελόμενος
486 1641 499 1661 ,
537 1607 740 1658 &Moleste
767 1613 939 1660 πολλοῖς
968 1607 1276 1668 κατορθώμασι
1299 1611 1367 1653 καὶ
1386 1611 1601 1668 τροπαίοις
1622 1610 1730 1653 κατὰ
1740 1619 1788 1655 20

227 1682 314 1722 τῶν
345 1675 648 1736 πλησιοχώρων
660 1676 854 1737 Ἀράβων
873 1680 941 1723 καὶ
952 1678 1200 1736 Ἰδουμαίων
1222 1681 1290 1723 καὶ
1308 1684 1384 1737 τῆς
1404 1677 1597 1738 παράλου
1625 1684 1732 1724 Φοι-

227 1749 345 1805 νίκης
367 1750 437 1792 καὶ
467 1749 712 1808 Σαμαρείας
747 1747 1026 1807 εὐδοκιμήσας
1035 1783 1050 1806 ,
1089 1749 1132 1794 ἓν
1152 1754 1212 1811 τῷ
1241 1748 1419 1811 θορύβῳ
1439 1754 1524 1794 τῶν
1547 1748 1623 1806 δύο
1645 1755 1731 1806 βα-

320 1837 380 1873 11.
412 1835 582 1883 Τρκοινὸς
602 1834 756 1883 νικήσας
782 1836 954 1883 Τρκανόν
980 1839 1026 1874 G.
1068 1839 1274 1874 correctum
1295 1850 1338 1873 ex
1359 1839 1402 1876 B.
1519 1841 1576 1887 15.
1612 1837 1729 1886 λήγει]

318 1882 415 1929 λέγει
433 1886 472 1919 Α.
570 1885 625 1922 16.
652 1887 854 1933 θεοφιλείᾳ
878 1887 953 1923 ΑΒ.
1055 1887 1113 1923 18.
1137 1887 1380 1934 τρισμυρίων]
1406 1888 1616 1933 τρισχιλίων
1638 1899 1683 1924 m.

254 1972 257 1975 Δ
322 1931 383 1967 21.
405 1928 567 1978 Ἀράβων
585 1952 632 1958 --
652 1933 831 1979 Φοινίκης
856 1945 922 1969 om.
947 1933 998 1969 G.

226 1999 397 2035 louathae
408 2001 521 2036 frater
532 2002 647 2047 gentis
659 2003 916 2049 praefecturam
925 2003 1117 2050 prudenter
1129 2002 1360 2047 administrat,
1371 2008 1408 2040 et
1423 2003 1494 2040 filio
1502 2005 1632 2040 Ioanne
1646 2004 1732 2039 belli

226 2048 406 2092 copiarum
427 2047 527 2083 duce·
545 2050 746 2092 constituto,
768 2062 888 2096 pacem
911 2055 948 2085 et
964 2051 1087 2086 foedus
1102 2050 1168 2085 init
1180 2063 1256 2086 cum
1269 2052 1443 2087 Romanis.
1487 2052 1591 2086 Hunc
1610 2052 1731 2086 Ptole-

227 2105 346 2128 maeus
364 2094 478 2129 Abubi
494 2095 587 2130 filius
610 2108 719 2142 gener
740 2097 815 2132 eius
839 2109 1022 2143 germanus
1051 2102 1088 2133 et
1106 2098 1375 2135 Hiericuntinae
1406 2098 1562 2134 civitatis
1588 2100 1731 2145 praefe-

226 2143 307 2175 ctus
324 2140 464 2177 occidit.
512 2143 700 2189 Hucusque
722 2145 1012 2180 Maccahaeorum
1032 2144 1191 2180 historia.

273 2186 481 2270 Iggggorum
497 2189 658 2236 pontifex
674 2192 719 2227 19
740 2191 889 2227 Ioannes
902 2218 914 2235 ‚
938 2192 999 2239 qui
1021 2196 1058 2227 et
1074 2192 1287 2237 Hyrcanas,
1312 2191 1411 2227 annis
1435 2192 1506 2238 30,
1530 2192 1647 2227 mundi
1666 2203 1731 2228 ve·-

226 2244 269 2268 το
385 2259 394 2268 .

321 2279 480 2324 Ioannes,
496 2281 703 2318 Iudaeorum
723 2282 807 2326 dux,
830 2283 998 2330 Hyrcano
1018 2283 1158 2319 devicto
1172 2310 1183 2327 ‚
1209 2284 1369 2330 Hyrcani
1394 2296 1516 2320 nomen
1533 2285 1729 2334 assumpsit.

226 2325 324 2362 Idem
347 2338 423 2361 cum
442 2329 604 2364 Romanis
624 2331 810 2366 amicitiam
827 2335 966 2366 senatus
987 2332 1145 2366 consulto
1163 2332 1332 2366 firmatam
1354 2333 1502 2379 pepigit.

325 2373 476 2409 Ioannes
506 2377 643 2411 nomine
661 2378 847 2423 Hyrcanus
866 2378 1071 2413 Iudaeorum
1095 2378 1250 2424 pontifex
1267 2378 1449 2415 Sebastem
1471 2380 1651 2415 Samariae
1681 2380 1730 2415 ci-

232 2419 380 2456 vitatem
405 2421 530 2457 stricta
557 2422 723 2458 vallatam
752 2425 933 2460 obsidione
962 2436 1003 2459 ac
1038 2425 1165 2460 deinde
1194 2429 1330 2472 captam
1360 2427 1405 2461 ad
1437 2427 1547 2463 solum
1576 2427 1729 2470 deiecit;

232 2478 334 2514 quam
353 2479 376 2502 a
395 2480 435 2503 se
456 2472 657 2515 reparatam
678 2470 839 2506 Herodes
858 2471 895 2505 in
919 2472 1082 2507 Caesaris
1111 2473 1275 2508 honorem
1297 2473 1480 2509 Sebastem
1502 2475 1728 2521 nuncupavit.

232 2515 374 2550 Summa
391 2514 556 2562 deinceps
579 2527 655 2551 cum
683 2516 786 2552 laude
808 2518 954 2554 Ioannes
973 2519 1160 2564 Hyrcanus
1182 2519 1388 2555 Iudaeorum
1406 2521 1521 2556 tenuit
1547 2521 1730 2568 principa·

230 2564 317 2597 tum.
366 2562 421 2597 Ad
449 2561 525 2597 eius
552 2566 729 2609 gestorum
768 2564 961 2611 primordia
990 2566 1078 2602 liber
1103 2567 1391 2603 Maccahaeorum
1407 2568 1538 2614 primus
1557 2568 1728 2604 historiae

230 2608 347 2644 stilum
373 2608 540 2652 deduxit3
575 2609 619 2645 de
650 2610 743 2646 illius
772 2611 941 2658 religione
958 2616 995 2649 et
1019 2613 1056 2648 in
1073 2614 1176 2650 deum
1194 2614 1329 2662 pietate
1357 2615 1510 2662 insignia
1529 2615 1728 2652 testimonia

229 2654 398 2703 Iosephus
414 2656 452 2691 in
475 2656 623 2692 medium
648 2657 801 2693 adducit.

322 2703 472 2738 Ioannes
490 2703 639 2739 Simonis
665 2704 758 2740 filius
788 2705 878 2741 omni
907 2706 1074 2744 virtutum
1098 2708 1194 2744 cultu
1214 2710 1359 2744 ornatus
1375 2707 1584 2744 Iudaeorum
1612 2709 1727 2757 gentis

230 2747 303 2784 dux
332 2748 535 2794 institutus,
560 2750 786 2797 pontificatu,
810 2753 979 2790 bellorum
1009 2755 1171 2798 victoriis
1205 2760 1241 2791 et
1272 2756 1396 2802 opibus
1423 2756 1566 2799 floruit3
1592 2769 1726 2803 exspa-

229 2796 340 2831 ternis
360 2796 510 2833 Davidis
540 2803 577 2833 et
592 2797 784 2834 Salomonis
813 2800 985 2846 sepulcris
1014 2802 1148 2838 talenta
1179 2806 1235 2838 ter
1254 2803 1345 2839 mille
1363 2803 1507 2846 effodit3
1526 2803 1604 2839 aliis
1619 2815 1725 2849 prae·
1793 2824 1797 2829 »

232 2841 327 2878 clare
350 2844 459 2889 gestis
492 2847 530 2880 et
552 2845 710 2891 tropaeis
733 2846 848 2882 clarus
870 2846 915 2882 de
942 2847 1097 2885 finitimis
1122 2851 1280 2885 hostibus
1307 2853 1344 2885 et
1381 2850 1541 2885 Samaria
1579 2851 1725 2886 subacta
1786 2888 1790 2890 s

229 2889 447 2938 triumphans
475 2891 758 2939 parricidialibus
782 2893 874 2931 odiis
903 2895 949 2931 ab
976 2895 1125 2934 invicem
1150 2897 1398 2934 dissidentibus
1418 2897 1564 2944 geminis
1580 2897 1724 2944 regibus
