1800 3236
202 193 305 242 694
675 199 926 246 GEORGII
956 199 1245 246 SYNCELLI

164 315 194 351 B
206 308 469 364 ἀδικώτατος
488 313 656 364 διπλαῖς
669 312 799 356 αὐτὸν
819 310 846 369 ἢ
868 310 971 363 τοὺς
987 311 1149 371 λῃστὰς
1166 307 1378 368 βασάνοις
1394 329 1440 356 τε
1463 312 1532 356 καὶ
1551 309 1725 368 μάστιξι

200 380 494 441 λυμηνάμενος
511 382 677 440 μεταξὺι
691 387 778 426 τῶν
803 386 970 441 λῃστῶν
991 382 1237 441 κατέφλεξε,
1275 383 1514 440 τιμηθέντα
1543 383 1618 428 τὸν
1638 402 1725 440 μα-

203 452 352 514 κάριον
379 458 439 515 τῷ
473 458 551 498 τοῦ
579 457 776 512 Χριστοῦ
808 453 1134 512 παραδείγματι.
1186 451 1356 511 ἀθρόον
1378 453 1428 497 δέ
1445 472 1485 498 τι
1505 451 1726 512 σύνταγμα

203 533 357 585 στῖφος
392 523 717 583 στρατιωτικὸν,
744 522 922 581 Ἄμμων
961 526 1031 568 καὶ
1061 522 1217 581 Ζήνων
1246 525 1318 568 καὶ
1351 526 1625 581 Πτολεμαῖος
1656 527 1726 568 καὶ

198 596 376 655 Ἰγγένης
395 597 464 639 καὶ
488 595 566 639 σὺν
587 595 733 646 αὐτοῖς
751 591 994 654 πρεσβύτης
1016 592 1227 653 Θεόφιλος
1256 593 1514 652 εἷστήκεισαν
1544 595 1626 655 πρὸ
1647 599 1755 644 τοῦ5

205 666 495 724 δικαστηρίου.
544 665 790 725 κρινομένου
808 665 858 710 δέ
872 683 983 717 τινος
1003 663 1061 717 ὥς
1081 668 1346 722 Χριστιανοῦ
1367 668 1437 710 καὶ
1465 666 1574 726 πρὸς
1594 665 1728 724 ἄρνη-

205 756 273 782 σιν
303 736 504 797 ῥέποντος
534 736 726 797 ἐπρίοντο
761 731 879 782 οὗτοι
908 734 1219 796 παρεστηκότες
1253 738 1323 780 καὶ
1363 743 1454 788 τοΐς
1483 735 1729 796 προσώποις

204 808 391 853 ἐνένευον
414 809 482 852 καὶ
506 807 583 859 τὰς
601 814 743 867 χεῖρας
772 807 981 852 ἀνέτεινον
1007 809 1076 852 καὶ
1100 798 1506 864 συνεσχηματίζοντο
1529 815 1619 860 τοΐς
1640 805 1728 851 ‹5125-

205 895 351 937 μασιν.
406 879 668 937 ἐπιστροφῆς
703 879 751 922 δέ
786 876 958 923 πάντων
997 878 1105 937 πρὸς
1147 878 1306 929 αὐτοὺς
1343 878 1566 936 γενομένης
1575 911 1590 934 ,
1629 879 1728 937 πρίν

204 967 322 1002 τινας
355 949 498 994 αὐτῶν
529 948 637 1001 ὅλως
675 949 914 1006 λαβέσθαι,
954 947 1205 1009 φθάσαντες
1236 950 1303 992 ἐπὶ
1339 949 1388 994 τὸ
1422 947 1599 1008 βάθρον
1630 948 1727 993 ἀνέ-
1741 962 1787 997 10

172 1023 379 1079 (ἷδραμον
408 1018 511 1064 εἶναι
541 1022 794 1079 Χριστιανοὶ
823 1020 1035 1078 λέγοντες,
1076 1019 1183 1064 ὥστε
1211 1020 1286 1064 τὸν
1318 1017 1504 1078 ἡγεμόνα
1530 1021 1602 1064 καὶ
1628 1019 1730 1071 τοὺς

207 1092 438 1148 συνέδρους
456 1091 498 1135 ἓν
518 1089 644 1152 φόβῳ
674 1090 895 1149 γενέσθαι,
935 1092 1005 1135 καὶ
1029 1090 1131 1142 τοὺς
1159 1090 1237 1147 μὲν
1263 1091 1533 1149 κρινομένους
1565 1090 1730 1150 εὐθαρ-

205 1160 438 1213 σεστάτους
460 1161 533 1220 ἐφ’
557 1160 619 1213 οἷς
640 1163 854 1206 πείσονται
872 1163 1129 1221 φαίνεσθαι,
1163 1161 1266 1213 τοὺς
1287 1162 1333 1205 δὲ·
1352 1160 1598 1216 δικάζοντας
1618 1161 1729 1205 ἄπο-

209 1235 377 1278 δειλιᾶν.
416 1234 484 1276 καὶ
501 1227 616 1277 οὗτοι
635 1233 713 1287 μὲν
735 1233 780 1276 ἐκ
802 1234 1085 1291 δικαστηρίων
1103 1229 1417 1288 ἐνεπόμπευσαν
1434 1235 1503 1277 καὶ
1522 1230 1728 1291 ἠγαλλιά-

206 1294 339 1349 σαντο
368 1307 421 1361 τῇ
450 1304 690 1364 μαρτυρία,
728 1301 1071 1362 θριαμβεύοντος
1098 1302 1255 1355 αὐτοὺς
1284 1302 1464 1356 ἐνδόξως
1489 1308 1566 1348 τοῦ
1602 1307 1723 1348 θεοῦ.
1741 1315 1787 1351 15

292 1372 436 1418 ’Άλλοι
459 1375 505 1418 δὲ
527 1378 713 1418 πλεῖστοι
733 1374 843 1419 κατὰ
857 1373 1004 1433 χώρας
1023 1376 1092 1418 καὶ
1108 1371 1257 1431 κώμας
1275 1372 1358 1418 ὑπὸ
1381 1379 1469 1418 τῶν
1481 1375 1622 1419 ἐθνῶν
1643 1376 1730 1418 διε-

208 1442 486 1501 σπάσθησαν,
498 1439 556 1489 ὧν
569 1443 661 1497 ἑνὸς
672 1447 1015 1504 παραδείγματος
1032 1445 1163 1490 ἕνεκεν
1174 1443 1564 1502 ἐπιμνησθήσομαι.
1589 1445 1727 1503 Ἴσχυ-

207 1516 310 1575 ρίων
323 1513 574 1573 ἐπετρόπευέ
584 1534 662 1561 τινι
673 1521 759 1560 τῶν
780 1514 1010 1575 ἀρχόντων.
1047 1520 1201 1561 τοῦτον
1217 1514 1238 1560 ὃ
1256 1514 1524 1573 μισθοδότης
1542 1517 1727 1560 ἐκέλευσε

206 1591 359 1641 θῦσαι,
383 1586 444 1645 μὴ
466 1585 718 1644 πειθόμενον
737 1588 783 1631 δὲ
799 1586 1004 1647 ὗβρίζων,
1030 1587 1262 1644 ἐμμένοντα
1283 1585 1608 1646 προῦπηλάκιζε,
1641 1592 1727 1644 βα-

205 1659 383 1717 κτηρίαν
398 1655 582 1716 μεγάλην
605 1658 751 1714 λαβὼν
771 1659 842 1703 διὰ
859 1664 944 1704 τῶν
958 1659 1137 1717 ἐντέρων
1157 1660 1227 1703 καὶ
1247 1663 1332 1703 τῶν
1355 1656 1605 1717 σπλάγχνων
1622 1656 1718 1703 διώ·
1737 1670 1786 1706 20

167 1740 292 1781 Βσας
309 1728 532 1774 ἀπέκτεινε.
569 1731 614 1774 τί
635 1732 703 1774 δεῖ
721 1729 850 1788 λέγειν
873 1730 921 1775 τὸ
941 1735 1113 1788 πλῆθος
1134 1734 1219 1774 τῶν
1240 1729 1284 1774 ἐν
1307 1730 1499 1789 ἐρημίαις
1516 1731 1588 1773 καὶ
1610 1729 1727 1790 ὄρεσι

300 1827 339 1865 4.
362 1826 647 1877 στρατιωτικόν]
672 1832 911 1873 στρατιωτῶν
931 1831 979 1866 G.
1076 1832 1111 1869 7.
1136 1829 1314 1877 ἐπρίαντο
1337 1842 1382 1866 ex
1401 1829 1571 1866 Eusebio.
1607 1830 1725 1876 Vulgo

301 1874 500 1925 ἐπριῶντο.
620 1880 676 1915 11.
700 1877 811 1926 ὥστε]
837 1877 889 1923 ὥς
911 1877 971 1916 ὅτι
990 1880 1038 1915 G.
1153 1881 1211 1917 12.
1236 1878 1432 1927 γενέσθαι]
1453 1879 1655 1926 κρίνεσθαι
1676 1879 1725 1916 G,

375 1925 432 1963 14.
455 1924 510 1972 ἐκ]
537 1921 614 1965 ἀπὸ
639 1927 690 1963 G.

205 2005 348 2043 vinctus
380 2011 580 2044 accusatur.
644 2008 739 2053 Iste,
772 2019 840 2045 ceu
871 2008 932 2056 qui
962 2008 1137 2045 nefarium
1166 2008 1281 2046 scelus
1315 2021 1338 2045 a
1375 2021 1416 2046 se
1442 2008 1551 2045 vellet
1580 2008 1724 2052 editum,

207 2055 344 2090 catenis
373 2055 479 2103 duplo
509 2055 757 2103 gravioribus,
783 2057 1039 2104 suppliciisque
1061 2063 1098 2092 et
1117 2057 1345 2101 verberibus,
1371 2069 1474 2105 quam
1499 2069 1592 2103 quae
1613 2057 1725 2092 latro·-

207 2102 312 2137 nibus
332 2102 600 2150 infligerentur,
624 2105 842 2148 cruciatum3
867 2105 1003 2140 Christi
1023 2109 1140 2140 tamen
1159 2106 1318 2153 exemplo
1340 2106 1480 2141 beatum
1498 2105 1723 2140 honoratum-

207 2160 301 2193 que,
326 2151 476 2187 medium
505 2152 599 2187 inter
619 2151 708 2188 duos
737 2153 892 2188 latrones
916 2152 993 2198 igni
1012 2153 1282 2188 comburendum
1313 2152 1570 2199 pronunciavit.
1628 2152 1724 2186 Con-

208 2196 326 2231 festim
349 2209 454 2243 porro
472 2200 642 2245 quaedam
668 2199 813 2235 militum
834 2206 951 2235 turma
972 2202 1136 2243 Ammon,
1159 2201 1284 2244 Zeno,
1310 2201 1534 2236 Ptolemaeus
1555 2203 1592 2233 et
1615 2199 1725 2244 Inge-

209 2253 272 2277 nes
290 2248 416 2279 etcum
437 2246 488 2280 eis
506 2247 623 2282 senior
643 2247 783 2293 quidam
803 2248 1023 2294 Theophilus
1039 2259 1155 2283 coram
1177 2248 1347 2283 tribunali
1367 2247 1519 2282 adstitit.
1558 2246 1722 2287 Quodam

206 2289 316 2335 igitur
342 2291 427 2326 fidei
458 2294 685 2329 Christianae
708 2293 846 2330 nomine
864 2296 1085 2338 examinato,
1109 2295 1248 2342 iamque
1268 2296 1313 2329 ad
1337 2294 1519 2330 Christum
1542 2294 1724 2340 abnegan-

206 2339 288 2372 dum
306 2339 476 2384 proclivi,
502 2340 555 2375 illi
575 2342 783 2377 assistentes
801 2342 1058 2385 infremebant3
1083 2342 1228 2384 animis,
1252 2342 1354 2377 vultu
1373 2342 1585 2384 innuebant,
1610 2342 1723 2376 mani-

205 2385 273 2419 bus
300 2386 404 2421 elatis
425 2386 528 2432 signa
557 2387 709 2431 dabant,
734 2401 803 2424 uno
820 2389 929 2424 verbo
957 2389 1044 2424 totis
1066 2390 1272 2435 corporibus
1304 2394 1345 2424 ut
1371 2389 1503 2424 animos
1532 2388 1720 2435 adderent,

205 2431 529 2480 distorquebantur.
579 2435 742 2470 Omnium
764 2440 880 2471 autem
906 2436 951 2471 ad
979 2448 1040 2470 eos
1070 2437 1185 2471 versis
1211 2437 1460 2483 adspectibus,
1484 2436 1580 2471 nullo
1600 2448 1720 2471 eorum

206 2479 322 2515 adhuc
337 2480 570 2528 deprehenso,
597 2483 642 2517 ad
659 2483 824 2518 subsellia
843 2488 968 2530 sponte
986 2495 1185 2527 accurrere,
1205 2484 1428 2520 Christianos
1448 2496 1487 2519 se
1504 2496 1583 2519 esse
1595 2490 1722 2530 sponte

206 2526 381 2573 professi,
406 2528 494 2564 adeo
520 2534 560 2563 ut
589 2530 791 2575 praefectus
819 2535 857 2565 et
887 2542 1085 2566 assessores
1113 2531 1280 2578 deinceps
1300 2537 1392 2567 metu
1416 2531 1520 2578 quasi
1539 2530 1720 2567 iudicandi

207 2575 364 2622 corripi,
386 2576 458 2623 ipsi
477 2588 560 2611 vero
579 2576 726 2612 iudicati
752 2577 900 2612 obiectis
921 2579 1127 2621 tormentis,
1154 2580 1293 2626 pavidis
1315 2585 1431 2615 tamen
1453 2579 1633 2614 iudicibus
1655 2589 1718 2613 au·-

206 2621 367 2657 daciores
385 2623 475 2659 facti
493 2623 709 2659 viderentur.
759 2625 814 2658 lta
832 2625 1067 2661 tribunalibus
1089 2626 1125 2661 in
1143 2627 1231 2673 ipsis
1247 2632 1399 2674 tropaea
1421 2630 1591 2669 statuere,
1615 2625 1721 2661 testi-

205 2670 392 2716 monioque
412 2671 553 2707 reddito
580 2683 712 2715 ovare,
745 2672 892 2708 Christo
923 2685 1055 2709 summa
1083 2686 1160 2710 cum
1189 2675 1307 2721 gloria
1334 2675 1372 2710 in
1392 2674 1446 2710 eis
1466 2672 1719 2720 triumphante,

206 2723 411 2763 coeperunt.
1146 2754 1149 2757 Α

301 2765 371 2799 Alii
397 2777 482 2800 vero
500 2770 574 2813 -'per
600 2766 707 2801 urbes
735 2768 771 2802 et
801 2766 900 2802 vicos
926 2766 1235 2811 distrahebantur,
1261 2779 1408 2815 quorum
1435 2766 1539 2803 unius
1567 2766 1717 2813 exempli

206 2811 373 2846 memoria
393 2813 477 2848 mihi
497 2818 553 2849 est
577 2814 723 2859 agenda.
771 2814 955 2862 Ischyrion
975 2816 1137 2851 mercede
1158 2816 1350 2851 conductus
1377 2815 1562 2851 cuiusdam
1585 2814 1715 2851 nobilis

207 2865 469 2902 procuratorem
497 2862 638 2907 agebat.
699 2862 735 2896 Is
763 2861 823 2908 qui
849 2862 1085 2906 conduxerat,
1120 2863 1217 2899 iubet
1246 2863 1341 2898 idola
1370 2863 1556 2898 sacrificiis
1587 2862 1714 2904 colere,

204 2904 301 2940 iussa
324 2907 577 2943 detrectantem
605 2908 774 2944 conviciis
800 2908 948 2944 incessit
967 2910 1126 2945 dominus
1154 2916 1191 2946 et
1217 2911 1252 2946 in
1279 2910 1444 2946 instituto
1472 2909 1714 2955 perseveranti

205 2952 291 2990 sude
312 2961 418 2991 acuta
443 2967 508 3003 per
533 2960 689 2993 ventrem
715 2960 754 2992 et
772 2954 912 2993 viscera
938 2958 1066 2993 adacta
1089 2959 1198 2994 vitam
1227 2957 1348 3006 eripit.
1395 2957 1492 3002 Quid
1518 2968 1622 3005 porro
1652 2968 1714 2992 ne·-
