1800 3236
220 160 325 210 410
686 166 937 213 GEORGII
966 167 1252 213 SYNCELLI

63 285 107 321 Ρ.
130 283 202 324 217
220 278 384 325 Ἰωσίου
415 275 625 330 ἀνέδειξαν
654 278 843 334 βασιλέα.
881 276 970 323 εἶτα
1002 281 1070 323 καὶ
1100 280 1365 336 ἐβασίλευσεν
1395 277 1439 324 ἓν
1466 277 1635 338 Ἰσραὴλ
1657 282 1727 324 καὶ

221 352 264 395 ἓν
289 347 562 408 Ἰερουσαλὴμ
590 353 728 405 μῆνας
760 346 810 406 γ’.
849 351 918 392 καὶ
953 349 1185 407 ἀπέστησεν
1217 349 1346 394 αὐτὸν
1364 350 1564 405 βασιλεῦς
1585 350 1724 408 Azy&-

221 438 328 466 πτου
358 416 590 474 βασιλεύειν
620 420 663 463 ἔν
689 416 990 476 Ἰερουσαλὴμ,
1028 422 1097 463 καὶ
1126 422 1325 477 ἐζημίωσε
1362 420 1411 464 τὸ
1443 419 1570 472 ἔθνος
1593 421 1723 480 ἄργυ-

220 492 312 550 ρίου
339 488 528 535 τάλαντα
564 485 601 545 ρ’
633 490 702 532 καὶ
735 490 914 546 χρυσίου
941 488 1130 535 τάλαντα
1157 489 1198 536 ι’.
1245 493 1315 536 καὶ
1342 490 1518 544 ἀνέδειξε
1545 492 1724 548 βασιλέα

211 562 402 616 Ἵωακεὶμ
420 559 494 603 τὸν
514 558 698 618 ἀδελφὸν
718 559 865 604 αὐτοῦ.
1727 568 1752 605 5

256 636 348 677 Τοῦ
373 628 514 674 Ἰούδα
538 626 592 685 ιη’
623 631 888 685 ἐβασίλευσεν
907 629 1140 687 Ἓλιακεὶμ,
1178 628 1201 676 ὅ
1222 631 1292 675 καὶ
1308 629 1522 688 Ἰωακεῖμ,
1558 629 1630 689 ἔτη
1649 628 1720 677 ια’.

357 705 435 745 τοῦ
457 700 503 744 δὲ
523 716 683 756 κοσμου
705 696 755 758 ἦν
776 699 868 752 ἔτος
887 698 1043 762 ,δωπγῖ

325 771 391 816 Τὸ
412 768 451 815 δ’
479 769 572 820 ἔτος
599 771 786 827 Ἰωακεὶμ
816 772 910 815 υἱοῦ
937 771 1098 816 Ἰωσίου
1128 770 1338 828 βασιλέως
1356 767 1522 826 Ἰούδα,
1560 769 1722 828 κόσμου

217 843 264 888 δὲ
292 837 344 900 ἧν
372 841 466 893 ἔτος
495 840 637 902 ,δωπρί
650 875 665 897 ,
703 843 773 885 καὶ
803 846 972 901 πρῶτον
1001 841 1093 894 ἔτος
1112 842 1319 898 βασιλέως
1341 844 1602 896 Βαβυλῶνος
1623 846 1722 886 Να-

174 910 542 972 Ββουχοδονόσωρ
574 909 596 956 ὃ
625 912 754 971 μέγας
780 911 978 972 Ἱερεμίας
1007 914 1117 971 φησί
1126 927 1136 937 ·
1173 912 1221 957 τὸ
1246 913 1290 957 δ’
1323 911 1426 956 αὐτὸ
1447 909 1510 970 κγ’
1530 912 1623 972 ἔτος
1643 918 1719 970 τῆς
1734 922 1779 957 10

213 983 368 1029 ἑαυτοῦ
410 983 803 1040 προφητείαςπρός
832 983 907 1028 τόν
932 982 1035 1027 λαὸν
1050 981 1190 1027 Ἰούδα
1213 984 1437 1041 ἓξαριθμεΐ
1460 982 1543 1026 ἀπὸ
1573 989 1649 1027 τοῦ
1669 981 1720 1041 ιγ’

215 1054 336 1107 ἔτους
348 1054 510 1098 Ἰωσίου
541 1054 749 1110 βασιλέως
773 1052 1003 1112 ἀρχόμενον
1012 1087 1024 1107 ,
1063 1053 1146 1112 ἀφ’
1175 1048 1224 1097 οὗ
1247 1055 1322 1097 καί
1344 1070 1449 1104 τινες
1468 1057 1552 1097 τῶν
1575 1054 1722 1111 ἐξηγη-

215 1130 327 1180 τῶν,
371 1125 415 1168 ἐν
436 1121 498 1174 οἷς
517 1125 585 1167 καὶ
605 1125 832 1180 Εὐσέβιος,
871 1125 944 1168 τὸν
976 1122 1454 1181 ἔβδομηκονταετηρικὸν
1471 1128 1547 1180 τῆς
1566 1127 1722 1180 αἰχμα-

215 1196 375 1246 λωσίας
388 1192 543 1253 χρόνον
564 1193 791 1249 βούλονται
810 1199 1072 1253 μετρεῖσθαι,
1105 1195 1182 1245 ἔως
1201 1199 1276 1238 τοῦ
1296 1192 1465 1252 πρώτου
1486 1193 1605 1245 ἔτους
1627 1192 1722 1238 Κύ-

217 1284 294 1324 ρου
313 1263 527 1324 γινόμενον
549 1264 618 1323 ἔτη
642 1263 946 1322 ἑβδομήκοντα.
969 1265 1075 1308 κατὰ
1096 1265 1141 1308 δὲ
1163 1262 1356 1323 δεύτερον
1377 1262 1533 1322 τρόπον
1551 1263 1572 1308 ὃ
1593 1265 1720 1316 αὐτὸς
1732 1272 1777 1310 15

216 1335 605 1393 ἕβδομηκονταετὴς
631 1333 784 1393 χρόνος
816 1333 1038 1393 συνάγεται
1073 1334 1155 1379 ἀπὸ
1187 1340 1263 1379 τοῦ
1293 1337 1519 1386 ἐνεστῶτος
1539 1333 1577 1379 δ’
1600 1334 1720 1386 ἔτους

211 1407 400 1462 ’Ῑωακεὶμ
414 1438 427 1459 ,
467 1406 548 1464 ἀφ’
587 1401 637 1450 οὗ
668 1408 737 1450 καὶ
760 1404 781 1449 ὃ
803 1406 906 1457 θεὸς
936 1406 1006 1450 διὰ
1027 1410 1103 1450 τοῦ
1125 1403 1346 1464 προφήτου
1367 1399 1534 1462 ἐγκαλεῖ
1547 1410 1606 1465 τῷ
1628 1410 1719 1465 λαῷ

214 1482 292 1523 τοῦ
317 1474 459 1521 Ἰούδα
490 1478 581 1534 περὶ
611 1480 688 1533 τῆς
717 1476 937 1531 ἀπειθίας,
974 1477 1040 1520 ἐπὶ
1073 1475 1121 1520 τό
1153 1480 1322 1534 πρῶτον
1349 1474 1442 1527 ἔτος
1474 1479 1551 1520 τοῦ
1586 1475 1718 1523 αὐτοῦ

178 1546 382 1605 ΟΚῦρου.
422 1546 531 1591 κατὰ
562 1547 608 1591 δὲ
634 1545 671 1604 γ’
698 1549 768 1591 καὶ
796 1551 1031 1592 τελευταῖον
1059 1546 1143 1590 ἀπὸ
1181 1550 1258 1590 τοῦ
1293 1543 1341 1590 θ’
1370 1545 1490 1597 ἔτους
1521 1548 1716 1591 Σεδεκιόυ

213 1620 293 1671 Ξ-ἰυς
311 1622 386 1662 τοῦ
408 1616 603 1675 δευτέρου
628 1617 746 1669 ἔτους
764 1619 965 1676 Δαρείου.
1003 1618 1087 1662 τισὶ
1114 1617 1159 1660 δὲ
1186 1616 1478 1674 ἀκριβέστερον
1507 1618 1622 1660 δοκεῖ
1635 1616 1716 1660 ἀπὸ
1727 1623 1774 1659 20

214 1693 292 1734 τοῦ
333 1687 363 1733 ε’
404 1687 524 1740 ἔτους
551 1692 629 1745 τῆς
674 1691 932 1748 προφητείας
968 1685 1191 1747 Ἰερεμίου,
1228 1687 1285 1740 ὥς
1323 1704 1452 1747 φησιν
1489 1687 1717 1743 Εὐσέβιος,

279 1836 339 1873 >1.
376 1833 457 1871 εἶτα
491 1832 577 1879 καὶ]
618 1832 682 1871 καὶ
716 1847 783 1870 om.
816 1835 866 1871 G.
1025 1834 1062 1870 7.
1095 1831 1225 1881 ,δωπδ’
1256 1845 1302 1869 m.
1468 1836 1513 1872 10
1549 1837 1587 1869 et
1623 1814 1717 1868 infra

304 1902 352 1910 -
371 1894 446 1925 σωρ
475 1882 518 1916 Β.
548 1901 596 1907 ——-
614 1894 681 1927 σορ
717 1884 766 1918 G.
914 1882 970 1920 13.
1008 1878 1211 1929 Εὐσέβιος]
1249 1880 1341 1916 Vide
1374 1880 1563 1915 Eusebium
1596 1892 1632 1927 p.
1658 1882 1715 1917 86.

305 1977 364 2016 ¹9.
394 1930 690 2014 {17'13f⁰2{¹²({?⁶
720 1931 769 1967 G.
930 1931 986 1967 18.
1023 1929 1206 1972 ἀπειθίας
1234 1928 1277 1964 Β.
1298 1927 1516 1971 ’ἀπειθείας
1549 1929 1597 1963 G.

214 2104 266 2141 Et
280 2103 449 2141 inferius:
480 2105 644 2151 regnavit
670 2103 706 2140 in
727 2104 839 2140 Israel
860 2106 897 2140 et
916 2103 1136 2139 Hierusalem
1154 2102 1327 2140 mensibus
1343 2102 1470 2140 tribus.
1518 2101 1568 2136 Et
1584 2101 1716 2136 amovit

215 2164 293 2187 eum
314 2164 377 2187 rex
393 2153 567 2199 Aegypti,
591 2164 636 2188 ne
652 2157 818 2198 regnaret
835 2152 870 2186 in
887 2151 1119 2186 Hierusalem.
1167 2151 1217 2186 Et
1235 2146 1401 2186 multavit‘
1415 2153 1553 2195 gentem
1575 2149 1716 2195 argenti

213 2199 356 2235 talentis
382 2207 519 2235 centum
543 2204 580 2235 et
606 2200 685 2236 auri
712 2199 856 2235 talentis
881 2199 1014 2234 decem.
1061 2198 1111 2233 Et
1141 2197 1321 2233 constituit
1344 2208 1463 2242 regem
1490 2196 1620 2231 Ioacim
1641 2197 1716 2231 fra-

214 2251 305 2282 trem
325 2246 412 2282 eius.

262 2294 350 2330 Iuda
374 2305 436 2328 rex
455 2295 498 2330 18
516 2292 686 2335 EBacim,
710 2292 773 2339 qui
793 2294 831 2327 et
848 2290 996 2334 Ioacim,
1022 2290 1122 2326 annis
1146 2293 1187 2328 11
1202 2316 1213 2334 ‚
1236 2289 1355 2326 mundi
1374 2301 1459 2325 vero
1479 2287 1585 2326 4884.

308 2340 436 2375 Ioacim
454 2340 518 2374 filii
534 2340 649 2375 Iosiae
666 2339 762 2385 regis
779 2339 867 2373 Iuda
882 2350 994 2373 annus
1009 2338 1033 2375 4
1051 2339 1088 2373 in
1104 2337 1220 2373 mundi
1237 2337 1330 2374 4883
1347 2336 1513 2379 incurrit,
1539 2345 1575 2372 et
1590 2348 1713 2382 magno

215 2386 394 2424 Hieremia
411 2393 526 2429 teste,
561 2387 598 2421 in
616 2386 942 2422 Nabuchodonosor
970 2385 1064 2431 regis
1086 2385 1277 2432 Babylonis
1301 2384 1467 2431 primum3
1502 2384 1715 2430 eundemque

215 2446 356 2470 suorum
377 2435 422 2470 ad
446 2434 579 2481 plebem
599 2434 762 2468 Iudaeam
790 2433 1032 2468 vaticiniorum
1058 2432 1200 2468 tertium
1228 2444 1270 2467 ac
1289 2432 1487 2467 vicesimum
1514 2431 1605 2466 idem
1633 2443 1716 2477 pro-

215 2483 325 2530 pbeta
349 2483 539 2524 observat,
563 2480 622 2527 qui
643 2480 810 2515 videlicet
835 2492 856 2515 a
884 2479 977 2526 regis
1005 2479 1120 2515 Iosiae
1140 2479 1271 2514 decimo
1291 2479 1397 2514 tertio
1419 2479 1640 2520 exordiatur3
1668 2478 1713 2512 ab

214 2541 258 2564 eo
284 2524 454 2576 siquidem
475 2528 711 2575 expositorum
733 2526 905 2569 nonnulli,
931 2527 1023 2562 inter
1044 2539 1131 2573 quos
1157 2527 1331 2573 reperitur
1349 2525 1544 2567 Eusebius,
1569 2531 1711 2570 septua-

215 2588 342 2623 genum
361 2575 581 2623 captivitatis
600 2574 752 2622 spatium
771 2574 815 2608 ad
835 2585 959 2609 annum
978 2574 1064 2620 Cyri
1084 2573 1250 2621 primum,
1276 2585 1343 2620 quo
1365 2572 1445 2608 anni
1465 2575 1512 2610 70
1529 2573 1711 2607 manifesto

214 2623 453 2671 complentur,
484 2623 606 2658 volunt
632 2626 856 2656 numeratum.
909 2622 1031 2657 Altera
1055 2633 1139 2656 vero
1163 2620 1300 2656 ratione
1325 2625 1577 2667 septuagenum
1604 2631 1713 2654 anno-

213 2682 289 2706 rum
306 2682 435 2706 summa
453 2670 499 2706 ab
518 2682 606 2705 anno
627 2668 755 2703 Ioacim
775 2672 900 2714 quarto
921 2668 1083 2711 ineunte,
1107 2680 1177 2714 quo
1199 2668 1284 2703 deus
1305 2669 1498 2714 prophetae
1516 2666 1623 2702 verbo
1645 2678 1712 2712 po-

214 2718 330 2765 puium
354 2716 592 2753 contumaciae
617 2716 804 2752 damnabat
823 2715 867 2750 ad
890 2715 1068 2750 memorati
1092 2715 1179 2762 Cyri
1201 2726 1323 2750 annum
1349 2714 1494 2760 primum
1521 2713 1713 2759 computari

213 2765 445 2811 dignoscitur.
493 2763 620 2801 Tertio
640 2768 677 2798 et
697 2767 871 2810 postremo
894 2762 993 2797 modo
1010 2763 1054 2798 ab
1074 2762 1254 2797 undecimo
1270 2761 1440 2796 Sedeciae
1463 2760 1508 2796 ad
1527 2761 1628 2795 Darii
1649 2772 1714 2796 an-

215 2824 295 2847 num
323 2813 513 2848 secundum
533 2823 555 2847 a
575 2810 780 2857 quibusdam
805 2809 1004 2855 colligitur3
1029 2809 1109 2844 aliis
1130 2821 1174 2844 ex
1195 2809 1358 2855 opposito
1385 2807 1568 2843 certiorem
1591 2813 1629 2842 et
1645 2819 1712 2842 ve-

215 2859 343 2894 riorem
363 2871 528 2895 annorum
546 2857 713 2894 rationem
727 2882 737 2900 ‚
761 2869 783 2892 e
797 2869 942 2904 quorum
960 2868 1070 2902 grege
1091 2856 1265 2891 Eusebius
1287 2856 1511 2896 observatur,
1535 2860 1655 2890 tenere
1675 2866 1713 2889 se

215 2905 449 2952 iactantibus,
473 2918 604 2942 summu
621 2904 776 2942 nimirum
794 2915 962 2940 annorum
979 2905 1027 2941 70
1044 2903 1088 2939 ab
1105 2915 1196 2939 anno
1216 2901 1414 2938 Hieremiae
1430 2901 1671 2938 vaticiniorum
1689 2901 1712 2938 5
