1800 3236
197 161 302 213 424
677 167 932 215 GEORGII
959 166 1247 213 SYNCELLI

196 284 410 339 βυλῶνος,
447 279 576 332 αὐτὸς
594 281 663 325 καὶ
682 284 799 324 πᾶσα
817 277 844 336 ἦ
868 277 1044 335 δύναμις
1063 277 1194 323 αῧτοῧ
1220 279 1277 330 εἷς
1291 275 1563 336 Ἰερουσαλὴμ
1575 310 1589 332 ,
1628 278 1698 321 καὶ

196 352 476 411 παρενέβαλεν
505 350 574 394 ἐπ’
605 350 736 407 αὐτὴν
747 383 761 403 ,
797 349 866 393 κἀὶ
906 347 1174 409 ᾠκοδόμησεν
1208 348 1277 393 ἐπ’
1313 348 1444 404 αὐτὴν
1473 349 1699 406 περίτείχος

197 420 348 482 κύκλῳ.
386 423 455 466 καὶ
482 417 615 478 ἦλθεν
642 419 668 477 ἡ
692 418 813 471 πόλις
841 421 898 470 εἷς
924 419 1118 477 περιοχὴν
1149 419 1225 471 ἕως
1254 423 1330 463 τοῦ
1357 416 1414 462 ια’
1433 417 1552 469 ἔτους
1571 423 1699 472 βασι-

197 494 301 544 λέως
309 492 517 545 Σεδεκίου,
529 489 577 535 θ’
595 494 672 535 τοῦ
689 487 835 546 μηνός.
873 490 943 533 καὶ
954 490 1164 546 ἐνίσχυσεν
1185 488 1206 534 ὃ
1227 488 1348 545 λιμὸς
1366 490 1410 532 ἐν
1427 493 1479 548 τῇ
1493 487 1608 532 πόλει
1630 490 1699 532 καὶ

162 563 280 620 Οοῧκ
305 558 413 620 ἦσαν
433 560 552 620 ἄρτοι
572 565 631 620 τῷ
651 564 740 620 λαῷ
760 561 837 616 τῆς
858 564 947 618 γῆς.
984 561 1054 603 καὶ
1071 556 1223 618 ἐρράγη
1245 557 1272 616 ἦ
1291 557 1411 611 πόλις
1431 561 1500 603 καὶ
1522 560 1727 615 ἐξῆλθενὸ

200 632 222 678 ὃ
250 631 448 689 βασιλεὺς
490 633 559 675 καὶ
587 627 741 681 πάντες
774 630 814 674 οἳ
845 629 995 689 ἄνδρες
1021 634 1098 674 τοῦ
1130 629 1315 686 πολέμου
1345 629 1494 681 νυκτὸς
1518 630 1700 686 ἐξῆλθον

201 701 300 748 ὃδόν
318 700 452 758 πύλης
469 705 545 758 τῆς
566 700 647 745 ἀνὰ
664 701 793 757 μέσον
813 698 889 744 δύο
910 700 1098 757 τειχέων,
1138 700 1245 757 αὕτη
1266 701 1354 744 ἐστὶ
1374 704 1450 745 τοῦ
1469 697 1603 756 κήπου
1624 703 1701 743 τοῦ

199 773 420 830 βασιλέως.
468 773 537 816 καὶ
565 772 606 816 οἳ
633 773 849 815 Χαλδαῖοι
875 771 942 814 ἐπὶ
969 771 1046 828 τὴν
1075 768 1197 815 πόλιν
1229 768 1366 830 κύκλῳ
1401 770 1510 814 κατὰ
1539 769 1703 826 δυσμὰς

201 842 310 889 κατὰ
334 840 503 901 Ἱεριχῶ.
541 843 610 886 καὶ
639 839 933 900 ἐπορεύθησαν
963 839 1063 885 ὁδὸν
1088 841 1164 898 τὴν
1182 840 1362 900 Ἄραβα.
1401 843 1470 885 καὶ
1491 841 1654 893 ἐδίωξεν
1675 837 1702 896 ἦ

203 912 383 970 δύναμις
403 917 487 957 τῶν
506 913 740 956 Χαλδαίων
760 910 894 956 ὃπίσω
915 916 992 955 τοῦ
1009 912 1216 967 βασιλέως
1235 913 1304 955 καὶ
1323 911 1554 966 κατέλαβον
1572 910 1702 954 αὐτὸν
1713 922 1760 958 10

202 985 246 1029 ἐν
274 988 328 1043 τῇ
363 981 505 1042 ἐρήμῳ
534 980 705 1040 Ἰεριχῶ.
743 984 813 1026 καὶ
842 986 959 1026 πᾶσα
978 979 1005 1038 ἦ
1026 980 1202 1037 δύναμις
1223 981 1354 1026 αὐτοῦ
1373 979 1575 1038 διεσπάρη
1600 978 1704 1024 ἐπά-

201 1059 341 1100 νωθεν
363 1054 509 1098 αὐτοῦ.
547 1054 616 1096 καὶ
634 1053 865 1107 συνέλαβον
883 1051 957 1096 τὸν
975 1052 1153 1108 βασιλέα
1182 1054 1251 1096 καὶ
1270 1051 1424 1110 ἤγαγον
1443 1051 1572 1096 αὐτὸν
1599 1050 1704 1109 πρὸς

204 1124 382 1182 βασιλέα
402 1127 663 1179 Βαβυλῶνος
684 1125 740 1175 εἷς
756 1121 983 1179 Ὂβλαθὰ,
1019 1124 1088 1167 καὶ
1107 1123 1256 1181 ἐκρίθη
1274 1122 1380 1181 πρὸς
1399 1121 1527 1166 αὐτὸν
1550 1119 1702 1178 λόγοις.

205 1197 275 1240 καὶ
297 1194 397 1246 τοὺς
414 1194 532 1245 υἱοὺς
551 1194 742 1238 Σεδεκίου
761 1193 913 1252 ἔσφαξε
934 1193 1031 1237 κατ’
1055 1192 1310 1251 ὀφθαλμοὺς
1328 1193 1474 1246 αὐτοῦ,
1511 1193 1580 1236 καὶ
1606 1191 1705 1243 τοὺς

169 1265 470 1325 Βὸφθαλμοῦς
497 1265 691 1310 Σεδεκίου
719 1261 998 1322 ἐξετύφλωσε,
1038 1265 1106 1307 καὶ
1138 1263 1283 1320 ἔδησεν
1323 1262 1452 1307 αὐτὸν
1482 1263 1525 1306 ἐν
1544 1262 1701 1313 πέδαις.
1717 1273 1763 1311 15

206 1337 277 1381 καὶ
323 1334 473 1393 ἤγαγεν
504 1334 634 1379 αὐτὸν
667 1336 723 1386 εἷς
758 1336 1013 1388 Βαβυλῶνα.
1059 1335 1127 1378 καὶ
1159 1335 1201 1378 ἐν
1228 1337 1289 1392 τῷ
1316 1335 1416 1391 μηνὶ
1440 1337 1500 1393 τῷ
1530 1333 1706 1392 πέμπτῳ

206 1403 370 1464 ἕβδόμῃ
402 1409 477 1449 τοῦ
512 1404 646 1461 μηνὸς
673 1403 802 1456 αὐτὸς
830 1404 1019 1456 ἐνιαυτὸς
1051 1404 1410 1456 ἐννεακαιδέκατος
1432 1408 1508 1448 τοῦ
1527 1406 1708 1458 Ναβου-

202 1473 450 1534 χοδονόσωρ
480 1470 588 1531 ’ἦλθε
607 1474 922 1534 Ναβουζαρδὰν
953 1473 1245 1534 ἀρχιμάγειρος
1277 1472 1407 1525 ἑστὼς
1428 1471 1602 1518 ἐνώπιον.
1622 1478 1708 1530 βα-

208 1546 356 1597 σιλέως
374 1549 637 1601 Βαβυλῶνος
667 1547 725 1597 εἰς’
740 1543 1013 1604 Ἰερουσαλὴμ
1023 1578 1038 1601 ,
1077 1547 1146 1590 καὶ
1180 1544 1377 1604 ἐνέπρησε
1405 1543 1479 1588 τὸν
1500 1542 1613 1588 οἶκον
1632 1561 1707 1587 κυ-

211 1618 302 1679 ρίου
333 1617 403 1660 καὶ
430 1615 505 1659 τὸν
527 1614 640 1660 οἷκον
663 1620 740 1660 τοῦ
758 1615 966 1672 βασιλέως
991 1617 1061 1660 καὶ
1091 1613 1254 1668 πάντας
1274 1615 1372 1666 τοὺς
1397 1613 1705 1672 οἷ’κουςἾερου-
1717 1620 1766 1656 20

209 1684 374 1744 σαλήμ.Δ
402 1688 473 1731 καὶ
502 1683 641 1731 πάντα
662 1684 775 1730 οἶκον
795 1686 1015 1744 ἐνέπρησεν
1036 1688 1078 1730 ἐν
1099 1687 1212 1745 πυρί.
1251 1687 1319 1729 καὶ
1340 1684 1388 1729 τὸ
1406 1692 1538 1741 τεῖχος
1552 1683 1709 1742 Ἰερου-

209 1757 352 1814 σαλὴμ
382 1756 581 1801 κατέλυσε
612 1753 749 1818 κύκλῳ
790 1754 817 1814 ἦ
849 1755 1025 1813 δύναμις
1056 1758 1291 1801 Χαλδαίων
1299 1790 1314 1811 ,
1352 1754 1373 1803 ὃ
1403 1753 1706 1814 ἀρχιμάγειρος.

305 1848 339 1884 1.
362 1845 466 1881 πᾶσα
482 1841 507 1890 ἡ
526 1846 570 1881 Β.
594 1841 618 1894 ἡ
637 1846 742 1882 πᾶσα
761 1845 810 1881 G.
933 1846 968 1881 2.
994 1845 1129 1891 παρενέ
1156 1848 1242 1882 αλεν
1267 1845 1310 1880 Β.
1333 1842 1541 1892 παρέλαβεν
1565 1844 1614 1879 G.

300 1894 508 1938 περίτειχον
532 1894 580 1928 G.
699 1895 748 1931 3.·
767 1891 944 1940 περιοχὴν
967 1890 1088 1938 κύκλῳ
1158 1921 1167 1930 .
1191 1892 1314 1938 κύκλῳ
1338 1904 1403 1927 om.
1437 1892 1480 1926 B.
1596 1892 1709 1939 βασι-

301 1942 404 1982 λείας
427 1941 476 1974 G.
582 1939 616 1975 4.
639 1942 711 1977 τοῦ
729 1941 862 1988 μηνός]
887 1941 958 1977 τοῦ
979 1953 1045 1976 om.
1064 1941 1106 1975 B.
1217 1942 1251 1978 5.
1277 1938 1381 1976 εἷσαν
1399 1939 1439 1975 Β.
1557 1938 1591 1974 7.
1615 1936 1710 1974 ἅνα-

302 1986 419 2034 μέσον
433 1987 474 2021 Β.
501 1984 577 2023 α’νοὶ
597 1986 722 2033 μέσων
741 1989 790 2023 G.
868 1991 908 2026 r9
926 1992 962 2022 et
980 1990 1035 2024 11.
1059 1987 1188 2033 ἰεριχῶ
1210 1988 1284 2024 ΑΒ.
1375 1988 1409 2024 9.
1433 1985 1545 2032 Vulgo
1564 1984 1709 2033 Αραβᾶ.

311 2055 315 2060 ·
372 2037 430 2072 13.
452 2031 637 2082 Ῥεβλοιθά
654 2036 745 2082 Reg.
841 2037 897 2072 17.
924 2031 945 2071 ὃ
964 2033 1136 2076 ἐνιαυτὸς
1154 2036 1202 2071 Gr.
1299 2035 1353 2070 18.
1375 2030 1647 2080 ἄρχημοὶγειρος
1664 2034 1708 2068 Β.

374 2084 435 2119 21.
457 2080 565 2119 οἶκον
589 2094 654 2119 om.
678 2084 727 2118 G.
819 2084 879 2121 22.
903 2082 966 2119 καὶ
987 2079 1007 2119 ὁ
1034 2095 1079 2118 ιιι.
1105 2081 1125 2118 ὁ
1147 2080 1409 2129 ἄρχιμᾶγειρος
1434 2093 1500 2116 om.
1523 2081 1615 2127 Reg.

212 2151 251 2187 in
270 2150 501 2187 Hierusalem.
548 2152 600 2188 Et
622 2156 739 2188 castra
758 2155 909 2188 metatus
933 2157 987 2188 est
1011 2164 1117 2200 super
1136 2164 1209 2187 eam
1239 2157 1274 2188 et
1291 2151 1493 2187 aedificavit
1512 2162 1617 2196 super
1635 2161 1711 2185 eam

214 2198 341 2234 vallum
357 2198 394 2233 in
412 2199 570 2234 circuitu.
617 2199 666 2235 Et
682 2199 920 2235 cirumvallata
938 2205 993 2235 est
1008 2205 1044 2235 et
1061 2199 1177 2235 clausa
1196 2199 1323 2234 civitas
1340 2210 1403 2244 per
1419 2209 1541 2244 gyrum
1552 2223 1562 2240 ‚
1588 2197 1632 2231 ad
1647 2209 1713 2231 an-

213 2257 296 2286 num
313 2245 525 2287 undecimum
550 2246 652 2293 regni
670 2245 860 2289 Sedecim,
885 2258 974 2282 nona
993 2246 1131 2281 mensis.
1180 2245 1231 2281 Et
1257 2245 1406 2280 invaluit
1430 2245 1538 2281 fames
1563 2244 1599 2279 in
1621 2243 1711 2278 civi-

214 2292 310 2335 t'ate3
333 2296 371 2327 et
387 2304 454 2327 non
473 2298 574 2328 erant
592 2305 701 2339 panes
719 2293 846 2339 populo
861 2297 989 2329 terrae.
1035 2292 1087 2328 Et
1106 2291 1217 2327 scissa
1239 2297 1294 2327 est
1315 2291 1462 2335 civitas3
1487 2297 1523 2326 et
1549 2302 1712 2336 egressus

215 2343 272 2374 est
290 2351 351 2374 rex
370 2351 555 2386 omnesque
571 2340 638 2375 viri
654 2339 839 2374 bellatores
857 2344 959 2375 nocte
975 2339 1108 2387 pariter
1124 2339 1286 2374 exierunt
1303 2339 1359 2374 via
1376 2344 1498 2385 portae
1515 2339 1606 2373 inter
1624 2339 1711 2373 duos

214 2397 330 2421 muros
356 2388 576 2430 exstructae,
599 2386 686 2422 haec
711 2392 767 2422 est.
791 2386 965 2432 regiorum
993 2387 1171 2421 hortorum
1197 2392 1317 2432 porta3
1342 2391 1377 2420 et
1397 2385 1565 2422 Chaldaei
1583 2384 1712 2419 civita-

218 2436 288 2469 tem
316 2445 380 2480 per
404 2445 528 2479 gyrum
552 2433 760 2468 obsidebant
787 2433 831 2468 ad
864 2432 1077 2469 occidentem
1107 2445 1232 2468 versus
1258 2433 1436 2468 Hiericho.
1485 2432 1535 2468 Et
1562 2431 1713 2479 profecti

218 2482 299 2518 sunt
318 2479 375 2516 via
391 2481 519 2519 Araba.
567 2480 618 2515 Et
636 2480 794 2514 insecuta
814 2485 868 2514 est
890 2480 1005 2516 virtus
1025 2480 1280 2516 Chaldaeorum
1300 2486 1381 2526 post
1409 2491 1528 2525 regem
1552 2485 1587 2515 et
1608 2491 1713 2524 cepe-

217 2530 300 2563 runt
319 2538 396 2562 eum
415 2527 460 2563 ad
477 2527 650 2563 desertum
667 2526 856 2570 Hierich03
881 2531 918 2562 et
941 2539 1038 2563 omne
1060 2528 1167 2563 robur
1185 2528 1260 2563 eius
1288 2527 1482 2573 dispersum
1510 2533 1564 2561 est
1593 2527 1636 2560 ab
1657 2538 1711 2560 eo.

218 2573 268 2608 Et
287 2580 455 2620 ceperunt
483 2586 599 2620 regem
624 2579 660 2608 et
690 2573 862 2608 duxeruut
877 2586 953 2608 eum
974 2574 1018 2609 ad
1046 2587 1164 2621 regem
1179 2574 1370 2622 Babylonis
1399 2573 1437 2608 in
1459 2573 1653 2616 Reblath33
1677 2578 1714 2608 et

217 2620 352 2656 locutus
371 2626 426 2657 est
444 2621 611 2656 iudicium
631 2632 707 2655 cum
730 2632 783 2655 eo.
821 2621 872 2656 Et
892 2621 982 2656 filios
1003 2621 1174 2656 Sedeciae
1191 2621 1366 2668 iugulavit
1382 2627 1463 2656 ante
1480 2620 1597 2655 oculos
1615 2619 1714 2660 eius;

217 2671 255 2703 et
275 2668 392 2703 oculos
407 2667 577 2704 Sedeciae
594 2668 799 2703 excaecavit
824 2672 860 2702 et
875 2668 1002 2713 ligavit
1025 2680 1101 2703 eum
1127 2668 1351 2714 compedibus
1375 2672 1412 2703 et
1444 2667 1546 2703 duxit
1571 2678 1648 2701 eum
1675 2666 1713 2700 in

216 2714 441 2761 Babylonem.
488 2715 538 2751 Et
553 2715 590 2750 in
608 2726 724 2750 mense
743 2713 874 2761 quinto,
894 2715 952 2750 die
970 2715 1116 2761 septima
1134 2715 1272 2757 mensis,
1294 2716 1398 2761 (ipse
1419 2725 1529 2749 annus
1552 2725 1661 2748 nonus
1676 2717 1713 2748 et

217 2761 369 2797 decimus
389 2761 755 2807 Nabuchodonosor),
775 2762 873 2796 venit
892 2762 1130 2798 Nabuzardan
1150 2763 1313 2808 princeps
1333 2772 1520 2807 coquorum
1540 2766 1637 2795 stans
1653 2772 1715 2794 co-

216 2819 289 2844 ram
313 2821 397 2855 rege
418 2809 630 2856 Babylonia,
652 2809 688 2843 in
709 2808 948 2851 Hierusalem3
975 2813 1012 2843 et
1027 2809 1182 2844 incendit
1199 2809 1333 2844 domum
1371 2808 1499 2843 domini
1518 2813 1556 2843 et
1579 2807 1715 2842 domum

218 2855 314 2900 regis
332 2862 370 2890 et
384 2868 517 2892 omnem
537 2856 674 2892 domum
692 2855 908 2891 Hierusalem
936 2858 974 2890 et
993 2857 1107 2891 omnia
1137 2856 1283 2892 flammis
1299 2855 1524 2901 consumpsit.
1570 2853 1620 2889 Et
1638 2865 1715 2888 mu-

217 2912 292 2938 rum
301 2901 521 2940 Hierusalem
536 2903 573 2940 in
590 2902 741 2941 circuitu
757 2901 868 2939 diruit
882 2901 997 2939 virtus
1005 2903 1260 2940 Chaldaeorum
1277 2907 1316 2940 et
1332 2902 1497 2951 princeps
1514 2911 1716 2949 coquorum,
