1800 3236
237 197 343 246 322
694 198 950 246 GEORGII
977 198 1264 246 SYNCELLI

238 313 346 360 κατὰ
374 312 422 358 τὸ
447 307 589 373 ,γψλῆ
602 314 620 366 ,’
656 309 728 369 ἔτη
750 308 972 369 συνάγεται
993 309 1099 370 (ψ’-ιβ’
1120 312 1187 354 ἐπὶ
1213 310 1300 367 τὴν
1316 310 1476 368 Τροίας
1494 307 1678 366 ἅλωσιν,
1702 308 1754 354 ἐἲ

239 381 308 430 καὶ
331 384 521 442 Εὖσεβίῳ
541 382 590 426 οὗ
613 384 730 426 δοκεῖ
745 380 1074 439 διαμαρτάνοντι
1097 379 1177 432 σις’
1199 381 1304 425 ἔτεσι
1329 379 1590 436 κατάλειψιν.

273 449 493 511 Μυκηνῶν
516 453 710 510 Ἀργείων
731 450 786 508 ιη’
809 453 1076 507 ἐβασίλευσεν
1103 451 1407 508 Αἰίγισθοςιὲτη
1436 449 1480 495 ε’.
1518 452 1596 494 τοῦ
1617 452 1663 494 δὲ
1680 449 1752 495 κό-

268 530 272 533 ’
381 541 490 581 σμου
513 519 564 579 ἦν
586 523 678 582 ἔτος
701 519 817 582 ‘6172st
862 527 864 530 ’

88 600 131 636 P·
156 599 223 638 171
278 595 498 652 Μυκηνῶν
511 594 705 651 Ἀργείων
725 589 788 635 ιθ’
809 592 1073 646 ἐβασίλευσεν
1087 591 1288 650 Ὀρέστης
1309 589 1380 647 ἴτή
1401 586 1474 647 κγ’.Ι
1512 593 1591 634 τοῦ
1612 590 1659 633 δὲ
1677 586 1783 633 xci-5

218 679 220 681 ’
385 682 494 721 σμου
516 659 568 719 ἦν
593 662 686 713 ἴτός
710 659 846 722 ,δτλεῖ

300 736 302 738 ’
345 734 547 794 Ὀρέστης
577 731 757 791 Πύρρον
785 732 860 776 τὸν
886 732 1105 790 Ἀχιλλέως
1141 731 1304 787 ἀναιρεῖ
1333 730 1377 772 ἓν
1402 730 1590 788 Δελφοῖς
1619 731 1676 781 εἷς
1705 730 1754 774 τὸ

247 810 322 851 τοῦ
346 803 749 861 Ἀπόλλωνος·ἷερὸν
778 805 1048 860 προδοθέντα
1073 802 1157 848 ὑπὸ
1190 799 1450 857 Μαχαιρέως
1478 805 1555 844 τοῦ
1590 800 1753 858 ἱερέως·

249 879 318 921 καὶ
349 877 391 921 οἳ
417 875 617 932 Ἕκτορος
650 875 796 924 παῖδες
821 874 870 917 τὸ
888 874 1014 919 Ἴλιον
1033 871 1313 930 ἀνεκτήσαντο
1340 869 1440 922 τοὺς
1463 870 1757 931 Ἀντηνορίδας

249 945 494 1004 ἐκβαλόντες
510 942 675 989 Ἑλένου
694 942 851 1002 γνώμῃ.
1769 947 1800 982 1(

675 1054 807 1102 Meto?
835 1054 919 1113 τήν
949 1054 1116 1100 ἅλωσιν
1150 1053 1328 1110 Τροίας.

778 1127 988 1171 Λατίνων
1017 1127 1224 1183 βασιλεῖς.

216 1227 247 1264 Β
360 1216 536 1269 Πολλῆς
572 1214 805 1272 διαφωνίας
839 1212 1059 1271 γενομένης
1088 1209 1205 1269 παρὰ
1247 1215 1336 1260 τοῖς
1364 1212 1536 1260 πολλοῖς
1563 1209 1657 1266 περὶ
1683 1211 1761 1266 τῆς

246 1282 480 1340 Ῥωμαϊκῆς
505 1284 582 1340 μὲν
610 1282 796 1340 ἐσχάτως
826 1283 934 1340 μετὰ
960 1280 1174 1337 Ῥωμύλον
1201 1281 1417 1336 βασιλείας
1447 1279 1759 1336 ὀνομασθείσης

253 1354 331 1397 ἀπ’
356 1355 501 1408 αὐτοῦ,
541 1354 623 1412 πρὸ
651 1355 781 1399 αὐτοῦ
813 1356 859 1398 δὲ
877 1354 1097 1405 Λατίνων,
1137 1351 1219 1395 ἀπὸ
1241 1352 1437 1395 Λατίνου
1461 1355 1536 1394 τοῦ
1558 1347 1758 1406 βασιλεύ-
1771 1356 1800 1392 11

254 1440 408 1475 σαντος
448 1424 528 1483 πρὸ
563 1427 736 1468 Αἰνείου
766 1425 874 1469 κατὰ
904 1425 1004 1475 τοὺς
1037 1422 1255 1480 Τρωϊκοὺς
1283 1419 1487 1479 χρόνους,
1525 1421 1599 1464 τὸν
1629 1420 1758 1464 αὐτὸν

254 1495 336 1552 πρὸ
359 1494 490 1539 αὐτοῦ
507 1493 761 1550 καλούμενον
771 1495 992 1549 ’Ammon
1031 1493 1114 1537 ἀπὸ
1127 1490 1334 1548 Ἀλβάνου
1359 1489 1530 1548 Κρόνου
1553 1495 1629 1535 τοῦ
1653 1489 1759 1534 πάν-

253 1583 338 1609 των
363 1564 471 1608 κατὰ
501 1565 579 1621 τὴν
617 1565 798 1610 Ἰταλίαν
827 1566 1034 1622 βασιλέων
1065 1561 1235 1622 πρώτου
1269 1562 1515 1619 λεγομένου,
1554 1562 1761 1620 παρέλκον

240 1633 474 1695 ’ἡγούμεθα
514 1641 708 1694 κανονικῇ
747 1639 909 1698 θεωρία
947 1636 1023 1687 τὰς
1063 1632 1225 1678 τούτων
1264 1632 1543 1691 παραθέσθαι
1573 1630 1758 1691 χρήσεις,

254 1710 380 1750 τοῦτο
415 1703 546 1762 μόνον
578 1708 850 1764 σημαίνοντες
884 1706 949 1752 ὅτι
977 1705 1058 1766 πρὸ
1087 1705 1261 1749 Αἰνείου
1297 1702 1336 1747 α’
1360 1704 1467 1762 φασὶ
1497 1706 1654 1746 Πεΐκον
1669 1703 1800 1746 υἷὸν24

353 1829 388 1865 1.
413 1826 525 1876 ,γψλζ
548 1842 593 1865 m.
701 1826 789 1878 φῖηί
814 1826 866 1867 ηιξ
963 1831 998 1866 2.
1023 1826 1108 1874 σις’]
1132 1824 1206 1865 τιοί
1230 1839 1275 1863 m.
1392 1825 1503 1872 ἔτεσι]
1531 1824 1595 1873 ἔτη
1619 1826 1666 1862 G.

350 1876 573 1924 uardzmpw
588 1877 629 1913 Β.
653 1882 893 1924 καταλείψειν
906 1878 955 1913 G.
1051 1879 1085 1914 6.
1112 1871 1217 1924 ,δι-λε’
1240 1876 1316 1910 Bm.
1343 1873 1462 1923 ,δτλθί
1485 1875 1533 1910 G.
1631 1876 1664 1911 7.
1689 1873 1762 1910 πύ-

350 1936 420 1967 ρον
444 1925 486 1958 Α.
582 1922 662 1971 τὸν]
689 1928 761 1963 τοῦ
786 1928 836 1961 G.
931 1927 966 1962 8.
991 1924 1149 1959 Alterum
1166 1923 1238 1959 τοῦ
1262 1935 1327 1958 om.
1355 1923 1403 1957 G.
1505 1923 1560 1958 12.
1583 1922 1763 1958 λατείνων

349 1971 396 2013 Β,
415 1982 508 2016 quae
528 1977 691 2008 constans
708 1974 744 2009 in
758 1975 825 2010 hoc
835 1972 958 2008 codice
978 1972 1152 2018 scriptura
1167 1974 1234 2007 est.
1326 1970 1384 2005 13.
1407 1968 1610 2015 γεναμένης
1619 1970 1691 2004 ΑΒ.

353 2021 409 2055 14.
438 2017 621 2063 Ρωμύλου
644 2021 692 2055 G.
807 2023 863 2059 15.
889 2018 974 2065 ἀπ’]
1000 2017 1072 2055 ὑπ’
1099 2021 1148 2055 G.
1255 2019 1310 2054 16.
1333 2016 1483 2054 καὶτὸν
1503 2015 1624 2054 αὐτόν
1647 2029 1691 2055 m.

354 2067 412 2110 11.
434 2067 506 2102 τοῦ
526 2067 699 2116 Αλβοὲνου
724 2069 774 2107 G.
869 2069 954 2114 τοῦ]
979 2067 1056 2104 τῶν
1079 2067 1128 2102 G.
1241 2067 1302 2104 20.
1326 2065 1459 2112 Πῆκον
1475 2065 1523 2100 G.

261 2169 308 2206 ad
325 2169 464 2206 dirutae
481 2171 617 2207 Troiae
632 2172 815 2209 terminum
833 2172 917 2209 anni
933 2174 1155 2208 numerantur
1171 2172 1254 2214 593,
1280 2181 1486 2217 quamquam
1504 2169 1679 2205 Eusebius
1698 2180 1762 2205 an-

258 2217 314 2253 nis
334 2219 403 2254 311
425 2219 560 2254 omissis
581 2221 957 2266 peccans-sententiam
977 2219 1171 2255 huiusmodi
1191 2231 1258 2254 non
1275 2218 1448 2254 admittat.

304 2265 530 2310 Mycenarum
559 2273 596 2302 et
623 2268 832 2314 Argivorum
854 2280 917 2304 rex
943 2269 983 2304 18
1002 2268 1196 2313 Aegisthus
1222 2266 1322 2301 annis
1339 2266 1383 2307 5,
1409 2264 1527 2300 mundi
1545 2277 1629 2300 vero
1653 2262 1760 2302 4330.

268 2340 271 2344 .
305 2311 533 2358 Mycenarum
547 2318 584 2349 et
602 2314 810 2359 Argivorum
829 2328 891 2351 rex
909 2318 953 2352 19
970 2317 1118 2351 Orestes
1137 2312 1236 2348 annis
1255 2314 1322 2355 23,
1347 2311 1468 2347 mundi
1486 2324 1570 2348 vero
1590 2312 1695 2350 4335.

351 2358 544 2404 Pyrrhum,
568 2361 713 2396 Achillis
730 2363 837 2397 filium
851 2389 861 2406 ‚
886 2375 906 2398 a
924 2363 1132 2398 Machaereo
1156 2360 1340 2395 sacerdote
1367 2359 1543 2406 proditum
1561 2359 1707 2406 Delphis
1724 2359 1761 2394 in

258 2405 386 2451 templo
416 2406 586 2452 Apollinis
605 2408 753 2444 Orestes
779 2410 960 2445 interficit.
1007 2408 1171 2444 Hectoris
1202 2408 1356 2454 posteri,
1380 2407 1606 2444 Autenoridis
1634 2406 1762 2443 Heleni

260 2452 406 2489 consilio
423 2458 505 2501 post
524 2458 664 2501 captam
683 2456 826 2492 Troiam
845 2457 967 2493 eiectis
980 2482 991 2500 ‚
1014 2457 1116 2493 Ilium
1132 2458 1384 2498 restaurarunt.

813 2541 1051 2580 Latinorum
1079 2554 1205 2593 reges.

348 2603 458 2641 Vario
477 2605 726 2642 sententiarum
747 2607 912 2643 conflictu
931 2620 952 2643 a
969 2608 1086 2643 multis
1105 2609 1282 2654 hucusque
1300 2610 1470 2643 certatum
1486 2607 1543 2642 est
1560 2604 1604 2641 de
1616 2604 1762 2641 Romani

255 2650 391 2699 imperii
409 2652 567 2700 origine,
593 2654 714 2700 (quod
733 2654 866 2690 demum
889 2667 909 2690 a
931 2655 1066 2690 Romuli
1095 2656 1308 2701 temporibus
1330 2655 1373 2689 ab
1399 2655 1476 2700 ipso
1509 2665 1631 2688 nomen
1655 2652 1762 2688 sorti-

254 2703 349 2742 tum,
373 2698 573 2741 Latinorum
602 2712 745 2747 regnum
773 2702 871 2749 prius
898 2702 1090 2737 habebatur
1119 2714 1140 2737 a
1162 2702 1286 2737 Latino
1308 2701 1475 2737 Troianis
1504 2700 1762 2736 calamitatibus

254 2747 392 2792 aequali
411 2752 448 2782 et
468 2749 608 2783 Aeneae
624 2747 667 2783 vin
697 2749 773 2795 ipso
796 2749 998 2784 Latinorum
1029 2762 1136 2795 regno
1161 2761 1410 2795 praecessore,
1437 2760 1505 2794 quo
1537 2748 1639 2795 paulo
1667 2747 1761 2782 auti-

254 2794 359 2839 quior
385 2795 452 2829 fuit
476 2794 580 2830 etiam
599 2795 774 2839 Albanus,
807 2797 851 2831 ab
877 2796 1008 2831 Albano
1031 2798 1182 2831 Saturno
1211 2808 1331 2841 regum
1361 2796 1505 2831 omnium
1534 2807 1599 2842 per
1615 2794 1760 2829 ‘Italiam

254 2841 365 2886 primo
386 2842 438 2877 ita
461 2842 631 2888 dictus),
655 2842 871 2879 diversorum
899 2856 975 2878 eam
1002 2844 1046 2878 ob
1071 2855 1144 2878 rem
1174 2843 1270 2877 dicta
1299 2843 1510 2889 scriptorum
1540 2843 1577 2877 in
1610 2842 1759 2877 medium

253 2888 414 2932 proferre
429 2889 596 2936 temporis
612 2894 650 2925 et
665 2901 832 2926 annorum
849 2890 977 2925 rationi
993 2901 1178 2925 consonum
1207 2897 1244 2925 et
1273 2890 1529 2925 accommodum
1551 2890 1629 2925 sore
1657 2887 1760 2923 duxi-

252 2944 327 2972 mus
339 2960 351 2979 ,
375 2936 443 2972 hoe
461 2948 529 2974 uno
547 2937 760 2986 praemisso,
783 2938 906 2976 Picum
926 2937 1073 2975 Saturni
1085 2937 1195 2974 filium
1213 2937 1429 2985 temporibus
1456 2938 1577 2974 Aenea
1595 2935 1758 2984 superio-
