1800 3236
189 199 295 248 366
670 204 931 252 GEORGII
958 207 1247 255 SYNCELLI

192 323 307 383 Περὶ
341 325 420 384 τῆς
449 321 768 383 ἄρχαιογουίας
790 323 1028 383 Ῥωμαίων
1057 326 1106 372 ἐκ
1134 328 1213 385 τῆς
1243 324 1277 383 ζ’
1305 325 1548 386 Διοδώρου
1578 332 1707 375 Σικε·

854 394 1034 443 λιώτου.

286 468 418 515 ’Ένιοι
449 470 526 526 μὲν
559 464 634 514 οὖν
653 474 740 514 τῶν
762 471 1035 529 συγγραφέων
1055 473 1341 530 πλανηθέντες
1369 471 1583 530 ὑπέλαβον
1606 474 1707 526 τοὺς

155 542 292 599 Οπερὶ
310 541 383 585 τὸν
403 538 618 596 Ῥωμύλον
639 542 683 584 ἐκ
701 545 778 597 τῆς
786 543 958 585 Αἰνείου
977 543 1193 601 θυγατρὸς
1212 545 1466 601 γεννηθέντα
1483 546 1706 589 κεκτικέναι

192 609 439 669 τὴνῬιόμην
452 626 462 635 ·
483 611 531 655 τὸ
550 610 587 654 (δ’
609 610 770 667 ἄληθες
788 612 866 668 οὐχ
878 611 1012 663 οὕτως
1023 612 1117 669 ἔχει,
1139 618 1305 658 πολλῶν
1314 616 1391 670 μὲν
1411 617 1454 659 ἐν
1471 620 1532 675 τῷ
1546 615 1734 672 μεταξύὄ

189 680 332 743 χρόνῳ
349 686 427 725 τοῦ
444 699 491 743 Ιτε
508 683 681 725 Αἰνείου
704 684 773 726 καὶ
787 681 1003 739 Ῥωμύλου
1021 683 1246 741 γεγονότων
1269 686 1491 741 βασιλέων,
1516 687 1707 742 ἐκτισμέ-

193 770 270 810 νης
290 753 334 796 δὲ
353 756 429 809 τῆς
445 750 605 803 πόλεως
623 753 731 796 κατὰ
750 753 798 797 τὸ
820 751 1014 811 δεύτερον
1032 754 1123 805 ἔτος
1142 760 1218 811 τῆς
1238 754 1268 808 ζ’
1287 754 1557 812 ὀλυμπιάδος.
1597 756 1706 814 αὕτη

1676 826 1688 843 Ι

192 823 274 882 γὰρ
298 821 324 880 ἦ
346 824 477 874 κτίσις
495 821 664 881 ὗστερεΐ
678 828 763 868 τῶν
778 828 980 882 Τρωϊκῶν
1000 824 1106 868 ἔτεσι
1127 824 1235 883 τρισὶ
1258 828 1384 870 πλείω
1401 831 1486 870 τῶν
1504 826 1544 870 υ’
1559 830 1628 871 καὶ
1650 833 1674 871 λ
1691 862 1703 872 .

193 895 368 945 Αἰνείας
387 893 467 952 γὰρ
488 889 595 949 μετὰ
613 894 690 951 τὴν
713 893 870 939 ἅλωσιν
902 899 978 952 τῆς
1011 898 1170 954 Τροίας
1190 898 1294 941 ἐτῶν
1313 901 1441 955 τριῶν
1462 896 1706 956 παρελθόν-

194 983 281 1009 των
301 964 518 1023 παρέλαβέ
533 964 610 1021 τὴν
630 970 715 1009 τῶν
735 967 944 1010 Λατίνων
963 968 1195 1021 βασιλείαν,
1231 969 1299 1011 καὶ
1318 968 1541 1024 κατασχὼν
1564 973 1703 1027 τριετῆ
1719 977 1763 1012 10

189 1034 343 1093 χρόνον
366 1036 409 1087 ἐξ
432 1033 676 1094 ἀνθρώπων
698 1036 919 1094 ἠφανίσθη
941 1039 1009 1080 καὶ
1030 1042 1162 1093 τιμῶν
1183 1037 1323 1094 ἔτυχεν
1344 1037 1589 1084 ἀθανάτων.
1626 1039 1704 1096 τὴν

193 1107 243 1150 δ’
284 1106 418 1164 ἀρχὴν
460 1105 753 1163 διαδεξάμενος
776 1106 992 1158 Ἀσκάνιος
1018 1108 1108 1159 υἱὸς
1145 1108 1301 1153 ἔκτισεν
1323 1108 1482 1165 Ἄλβαν
1515 1110 1593 1167 τὴν
1628 1114 1704 1154 νῦν

190 1177 455 1233 ’καλουμένην
489 1174 692 1234 Λόγγαν,
731 1177 783 1235 ἣν
814 1176 1029 1233 ὠνόμασεν
1065 1179 1146 1223 ἀπὸ
1179 1185 1254 1223 τοῦ
1288 1184 1482 1236 ποταμοῦ
1512 1185 1589 1225 τοῦ
1610 1179 1703 1224 τότε

155 1249 274 1305 Βμὲν
296 1248 428 1303 {Ama
458 1248 742 1304 καλουμένου,
781 1253 855 1292 νῦν
887 1250 932 1293 δὲ
961 1250 1169 1307 Τιβέρεως
1190 1250 1510 1307 ὀνομαζομένου.
1548 1254 1641 1309 περὶ
1657 1252 1704 1294 δὲ

190 1323 268 1376 τῆς
295 1319 579 1376 προσηγορίας
609 1317 768 1376 ταύτης
804 1318 967 1375 Φάβιος
1010 1318 1029 1363 ὃ
1066 1321 1142 1371 τὰς
1170 1320 1386 1376 Ῥωμαίων
1407 1320 1576 1380 πράξεις
1596 1323 1701 1366 ἄνα-
1716 1326 1760 1364 15

189 1387 362 1448 γράψας
392 1388 529 1440 ἄλλως
555 1387 889 1447 μεμυθολόγηκε.
928 1392 1032 1449 φησὶ
1061 1391 1140 1449 γὰρ
1162 1393 1315 1453 Αἰνείᾳ
1342 1393 1537 1450 γενέσθαι
1564 1391 1702 1450 λόγιον

189 1458 425 1518 τετράπουν
455 1459 570 1519 αὐτῷ
606 1459 941 1518 καθηγήσασθαι
973 1461 1078 1519 πρὸς
1101 1464 1233 1506 κτίσιν
1255 1461 1427 1515 πόλεως.
1473 1464 1702 1519 μέλλοντος

190 1531 235 1575 (5³
269 1530 400 1574 αὐτοῦ
431 1527 553 1573 θύειν
580 1525 631 1575 ὗν
665 1531 810 1589 ἔγκυον
837 1536 898 1591 τῷ
922 1530 1116 1590 χρώματι
1143 1534 1292 1591 λευκὴν
1327 1536 1515 1593 ἐκφυγεῖν
1543 1534 1587 1578 ἔκ
1614 1539 1700 1579 τῶν

187 1606 339 1660 χειρῶν
369 1602 436 1645 καὶ
459 1603 694 1658 διωχθῆναι
718 1600 824 1661 πρός
847 1620 940 1646 τινα
959 1601 1114 1661 λόφον,
1153 1604 1259 1662 πρὸς
1279 1598 1313 1664 ᾧ
1335 1610 1611 1660 κομισθεῖσαν
1631 1623 1700 1649 τε-

192 1681 275 1716 κεῖν
292 1670 328 1715 λ’
346 1672 528 1730 χοίρους.
566 1673 640 1717 τὸν
665 1674 710 1716 δὲ
729 1674 905 1717 Αἰνείαν
924 1671 973 1718 τό
994 1691 1036 1718 τε
1059 1673 1300 1733 παράδοξον
1320 1674 1611 1731 θαυμάσαντα
1629 1678 1698 1719 καὶ
1710 1681 1759 1716 20

191 1743 242 1788 τὸ
261 1741 400 1801 λόγιον
419 1741 719 1799 ἀνανεούμενον
738 1745 991 1803 ἐπιχειρῆσαι
1009 1746 1086 1801 μὲν
1108 1749 1275 1803 οῗκῆσαι
1294 1746 1368 1791 τὸν
1389 1745 1534 1802 τόπον,
1557 1745 1703 1791 ἰδόντα

288 1845 321 1880 1.
345 1840 692 1888 Διοδώρου]·0οηί“.
713 1843 847 1879 Euseb.
866 1844 904 1887 Ι,
929 1843 989 1882 46.
1014 1857 1050 1891 p.
1066 1847 1148 1882 210.
1263 1843 1298 1882 4.
1323 1845 1537 1895 κεκτηκένοιι
1564 1848 1609 1882 Β.

285 1893 322 1928 8.
344 1890 418 1938 γάρ
439 1891 534 1926 delet
552 1902 597 1926 m.
700 1891 799 1937 τρισὶ
820 1891 900 1926 add.
922 1893 964 1927 B.
1079 1895 1136 1930 12.
1163 1889 1283 1940 ἆλβάν
1303 1894 1346 1929 Β.
1453 1894 1509 1931 14.
1535 1892 1632 1942 ἆλβὰ
1656 1895 1700 1930 Β.

285 1935 386 1976 oilae}
410 1940 454 1974 A.
557 1937 732 1987 τιβὲρεως
750 1940 793 1976 Β.
823 1938 994 1987 Τιβέριος
1013 1940 1061 1978 G.
1170 1944 1224 1979 16.
1250 1943 1378 1990 Αἰνείᾳ
1396 1954 1430 1977 m
1455 1946 1491 1978 et
1509 1942 1700 1978 Eusebius.

284 1987 439 2023 Αἰνείαν
459 1986 507 2022 G.
540 2016 542 2018 .
629 1989 683 2023 17.
710 1984 833 2036 αὐτῷ]
858 1986 954 2023 αὐτὸ
982 1989 1025 2022 Β.
1145 1990 1202 2026 18.
1228 1987 1272 2024 δ’
1293 2001 1357 2024 om.
1378 1991 1426 2027 G.
1554 1993 1610 2028 19.
1634 1989 1700 2026 καὶ

284 2034 515 2083 διωχθῆναι]
543 2034 747 2081 Legebatur
765 2037 1088 2082 καταδιωχθῆναι.
1192 2031 1221 2087 ᾧ
1242 2037 1285 2072 Β.
1312 2033 1334 2074 ὃ
1351 2039 1393 2074 A.
1423 2032 1467 2074 ὃν
1485 2037 1533 2073 G.

231 2131 290 2170 De
313 2131 484 2184 antiquo
507 2132 786 2172 Romanorum
807 2139 898 2173 ortu
922 2147 973 2173 ex
1002 2133 1171 2174 Diodori
1199 2133 1327 2173 Siculi
1347 2133 1452 2174 libro
1473 2135 1659 2189 septimo.

288 2198 456 2234 Nonnulli
481 2212 566 2235 sane
593 2200 784 2246 scriptores
802 2213 843 2237 eo
861 2201 951 2247 lapsi
976 2206 1058 2237 sunt
1086 2201 1236 2244 erroris,
1270 2205 1310 2236 ut
1335 2201 1472 2237 Romuli
1491 2215 1535 2237 ex
1559 2203 1700 2238 Aeneae

193 2245 264 2281 filia
284 2246 359 2280 nati
381 2247 495 2281 socios
519 2248 638 2282 urbem
657 2249 799 2283 Romam
817 2249 1015 2284 condidisse
1034 2244 1330 2291 existimaverint,
1355 2250 1447 2295 quod
1471 2262 1491 2284 a
1510 2262 1594 2285 vero
1616 2263 1700 2296 pro-

192 2294 251 2328 cul
270 2293 429 2330 alienum.
478 2294 653 2340 Tempore
671 2295 840 2341 siquidem
866 2290 1046 2331 Romulum
1066 2297 1159 2331 inter
1181 2301 1217 2330 et
1240 2297 1392 2331 Aeneam
1420 2297 1535 2332 medio
1554 2298 1699 2343 regibus

190 2339 408 2386 interpositis
429 2340 586 2386 pluribus
600 2367 611 2384 ‚
637 2346 672 2376 et
692 2343 778 2378 urbe
797 2354 865 2377 non
885 2344 954 2377 nisi
986 2343 1206 2388 Olympiadis
1230 2344 1400 2389 septimae
1426 2356 1515 2379 anno
1544 2345 1699 2380 secundo

191 2387 354 2430 condita,
378 2388 488 2433 prima
515 2389 590 2423 eius
615 2389 838 2424 fundamenta
867 2391 974 2425 rebus
997 2391 1043 2425 ad
1068 2391 1210 2425 Troiam
1230 2391 1340 2437 gestis
1362 2391 1462 2426 annis
1489 2392 1570 2438 plus
1593 2403 1697 2438 quam

191 2432 263 2470 400
284 2440 320 2469 et
338 2436 386 2472 30
403 2436 600 2481 posteriora
621 2436 806 2471 aestimare
834 2448 977 2472 necesse
998 2442 1063 2472 est.
1113 2439 1220 2473 Annis
1251 2438 1340 2473 enim
1361 2439 1474 2474 tribus
1503 2443 1583 2485 post
1604 2439 1699 2474 Tro-

189 2481 250 2516 iae
270 2481 402 2516 cladem
425 2483 577 2517 evolutis
589 2509 599 2525 ‚
623 2483 824 2518 Latinorum
843 2495 988 2530 regnum
1014 2487 1148 2520 Aeneas
1165 2487 1279 2520 tenuit
1297 2485 1487 2532 eodemque
1508 2498 1571 2532 per
1589 2487 1699 2521 trien-

191 2529 287 2564 nium
307 2529 453 2564 alterum
472 2530 624 2575 potitus,
650 2542 693 2565 ex
718 2530 889 2566 hominum
909 2533 1071 2567 convictu
1093 2537 1233 2579 raptum
1258 2533 1327 2568 diis
1346 2533 1477 2568 deferri
1490 2533 1613 2568 solitos
1634 2534 1698 2568 ho·-

192 2588 296 2612 nores
315 2582 546 2623 consequutus
566 2584 632 2612 est.
680 2578 852 2613 Ascanius
879 2580 971 2615 filius
992 2580 1122 2626 sceptri
1154 2581 1410 2627 potestatisque
1436 2592 1620 2615 successorv
1638 2581 1700 2615 Al-

192 2624 271 2659 bam
290 2624 445 2670 Longam
465 2636 556 2658 nuno
577 2625 725 2666 dictam,
751 2625 795 2660 de
815 2626 925 2661 Albae
943 2627 1041 2662 fluvii
1054 2654 1064 2671 ‚
1093 2627 1234 2662 Tiberis
1257 2629 1323 2662 hac
1343 2631 1460 2663 aetate
1476 2628 1613 2670 vocati,
1634 2640 1699 2662 no-

192 2671 285 2706 mine
301 2671 473 2706 fundavit.
520 2671 576 2706 De
599 2672 792 2707 huiusmodi
810 2674 1045 2720 appellatione
1065 2675 1216 2714 Fabius,
1241 2675 1302 2721 qui
1325 2687 1382 2709 res
1405 2687 1426 2710 a
1451 2675 1616 2710 Romanis
1634 2687 1698 2721 ge-

194 2723 269 2754 stas
286 2717 324 2753 in
344 2719 477 2765 scripta
495 2719 638 2762 retulit,
662 2719 813 2754 fabulam
833 2723 898 2756 hoc
922 2727 1024 2768 pacto
1049 2722 1242 2757 contexuit.
1291 2723 1420 2758 Datum
1447 2722 1612 2757 videlicet
1629 2725 1698 2757 Ae-

194 2777 282 2800 neae
303 2770 522 2812 portentum,
545 2767 699 2802 animans
727 2767 947 2815 quadrupes,
984 2781 1077 2804 suem
1099 2770 1205 2804 fetam
1226 2773 1262 2804 et
1282 2769 1465 2804 candidam
1488 2770 1584 2804 urbis
1615 2782 1695 2804 con-

195 2812 332 2848 dendae
354 2813 463 2848 locum
478 2814 639 2860 vestigiis
657 2814 948 2851 demonstrantem
968 2822 1004 2851 et
1021 2829 1120 2851 sacra
1139 2817 1207 2851 iam
1234 2817 1302 2851 iam
1329 2817 1466 2851 facturo
1485 2817 1695 2851 occurrisse.

196 2859 296 2894 Haec
322 2860 481 2896 manibus
503 2866 539 2897 et
567 2861 674 2896 oculis
704 2861 823 2908 lapsa,
851 2875 928 2898 mox
949 2876 1032 2899 vero
1052 2864 1212 2910 diligenti
1235 2875 1320 2898 cura
1340 2864 1524 2910 quaesita,
1539 2863 1584 2898 'in
1611 2863 1699 2898 colle

198 2907 349 2952 quodam
368 2908 539 2953 porcellos
558 2908 707 2954 triginta
728 2909 832 2944 enixa
848 2911 1037 2957 reperitur.
1093 2914 1230 2946 Aeneas
1255 2915 1450 2956 portentum
1471 2910 1638 2953 miratus,
1663 2916 1699 2945 et
1760 2920 1765 2923 “

199 2953 400 2990 vaticinium
415 2961 530 2992 mente
545 2956 752 3001 revolvens,
776 2957 888 2994 locum
906 2963 1087 2995 exstruere
1106 2958 1333 3005 aggreditur3
1365 2961 1404 2994 at
1424 2957 1501 2993 viso
1518 2969 1583 3005 per
1605 2969 1695 2992 som-
