1800 3236
173 121 176 125 ’
228 147 333 198 592
696 154 950 202 GEoRGn
977 156 1265 204 SYNCELLI

228 270 342 327 δρεῖς
367 266 635 327 ψηφίζεσθαι
657 266 759 319 τοὺς
793 267 1122 327 ἀστρονομικοῦς
1144 268 1325 324 κανόνας
1345 272 1388 317 ἓν
1408 279 1502 326 ταῖς
1530 273 1736 332 ἐκλείψεσι

227 343 315 383 τῶν
339 336 416 382 δύο
439 336 675 397 φωστήρων
705 340 773 382 καὶ
793 346 888 391 ταῖς
907 339 1016 383 καθ’
1049 340 1224 386 ἕκαστον
1243 348 1358 400 μῆνα
1386 343 1552 405 συνόδῳ
1580 364 1736 390 πανσεη-

227 407 370 466 λήνοις
389 413 474 453 τῶν
495 427 540 453 τε
560 408 842 464 πλανωμένων
865 406 896 452 ε’
918 409 1105 469 ἀστέρων
1137 414 1206 456 καὶ
1235 418 1319 457 τῶν
1348 418 1505 459 λοιπῶν
1536 414 1736 460 ἀπλανῶν

227 479 306 531 τὰς
327 479 482 535 ἐποχὰς
498 477 610 522 οὕτω
631 476 944 534 λαμβάνεσθαι.
990 482 1058 523 καὶ
1079 479 1190 527 οὕτω
1206 484 1282 539 μὲν
1303 482 1324 528 ὁ
1345 484 1608 543 Πανόδωρος
1627 504 1737 542 συμ-

229 553 423 608 φωνῆσαι
457 546 704 602 σπουδάζων
739 556 828 601 τοῖς
849 549 927 602 ἔξω
950 558 1099 609 σοφοῖς
1117 555 1208 610 περὶ
1231 554 1307 611 τὴν
1326 552 1553 614 ’σφαιρικὴν
1574 557 1765 613 κίνησινὸ

229 618 361 663 ἔτεσιν
396 616 429 673 ζ’
464 617 667 677 διήμαρτε
698 624 776 663 τοῦ
799 618 877 680 ‘eqo'
913 619 1045 675 ἴτους,
1079 619 1200 683 ,ευῑηί
1224 623 1316 668 ἀντὶ
1348 623 1427 686 ἐφ’
1449 624 1733 684 στοιχειώσας,

231 691 376 746 καίπερ
399 689 443 732 ἐν
466 688 608 740 ἄλλοις
631 688 912 747 εὐδοκιμήσας
933 691 1049 750 παρὰ
1070 692 1265 745 πολλούς.
1316 693 1436 752 ἡμεῖς
1463 698 1509 740 δὲ
1530 703 1589 758 τῷ
1612 715 1737 754 ποιη-

190 764 283 819 Βτῇ
303 763 388 804 τῶν
413 757 579 818 χρόνων
607 757 772 821 ἀχρόνῳ
804 765 894 821 θεῷ
917 765 968 820 τῇ
997 767 1243 823 παντουργῷ
1265 767 1333 808 καὶ
1364 764 1575 827 ὃμοουσίῳ
1596 766 1736 826 τριάδι

229 827 471 885 πειθόμενοι
499 837 594 881 ταῖς
629 830 736 886 παρ’
772 831 905 888 αὐτῆς
936 834 1153 884 δοθείσαις
1181 832 1281 891 ἡμῖν
1311 835 1607 889 θεοπνεύστοις
1630 856 1737 896 γρα-

230 907 332 957 φαῖς
365 898 436 943 διά
468 918 512 944 τε
542 904 726 952 παλαιᾶς
752 904 822 945 καὶ
851 902 948 954 νέας
980 902 1192 961 διαθήκης
1225 904 1644 964 ἓξηκολουθήσαμεν,
1694 907 1736 952 ἕν
1751 914 1795 949 10

229 988 314 1016 τισι
339 969 696 1029 συμφωνήσαντες
723 973 792 1015 καὶ
823 979 911 1024 τοῖς
933 973 1037 1032 παρ>
1065 974 1230 1018 ἐκείνων
1259 974 1456 1031 κανόσιν,
1497 976 1552 1029 ὥς
1582 980 1624 1022 ἓν
1649 986 1739 1030 τοῖς

225 1039 500 1099 Ἀλεξάνδρου
528 1045 604 1084 τοῦ
621 1039 887 1086 Μακεδόνων
907 1042 1013 1087 ἔτεσι
1035 1044 1144 1087 κατὰ
1165 1045 1213 1088 τὸ
1235 1044 1332 1105 Ιερο’
1353 1046 1445 1098 ἔτος
1465 1053 1541 1092 τοῦ
1557 1047 1734 1104 κόσμου,

231 1112 423 1155 ἐνταῦθα
453 1111 498 1154 δὲ
525 1110 853 1157 ἀντιπίπτουσαν
883 1111 1071 1171 εὖρόντες
1096 1115 1512 1169 ταῖςιάποστολικαῖς
1543 1117 1739 1178 παραδό-

231 1199 321 1226 σεσι
344 1181 422 1238 τὴν
443 1182 609 1232 ἐκείνοις
629 1181 814 1227 ἄλλοθεν
833 1184 1083 1241 εἷλημμένην
1104 1185 1237 1243 ἀρχὴν
1255 1188 1323 1230 καὶ
1343 1187 1418 1231 οὐκ
1436 1188 1481 1231 ἔκ
1503 1194 1578 1246 τῆς
1599 1193 1740 1246 κοινῆς

230 1256 310 1297 τοῦ
335 1249 494 1308 κόσμου
514 1252 706 1309 γενέσεως
739 1253 975 1311 ἀναγκαίως
997 1259 1074 1311 τῆς
1104 1257 1229 1308 θείας
1256 1259 1323 1301 καὶ
1355 1256 1542 1317 ἀρρήτου
1567 1258 1736 1320 σαρκώ-
1749 1271 1796 1310 15

232 1340 339 1374 σεως
360 1322 434 1366 τὸν
456 1322 610 1381 ἀκριβῆ
625 1321 780 1381 χρόνον
799 1323 1147 1383 προετιμήσαμεν.

193 1399 225 1435 C
337 1391 589 1450 Αὔγουστος
602 1392 823 1450 Ῥωμαίοις
842 1396 1137 1453 ἐνομοθέτησε.

333 1460 528 1515 Λόλλιος
549 1461 736 1522 Μάρκος
751 1463 971 1522 Ῥωμαίοις
989 1467 1205 1511 Γαλατίαν
1225 1464 1494 1525 ἐπεκτήσατο,

335 1532 590 1591 ,Αὔγουστος
610 1537 844 1594 μοναρχίαν
870 1538 1191 1596 ἓγχειριζομένήν
1213 1536 1429 1584 ἀπώσατο.

334 1602 590 1667 ,Αὔγουστος>
610 1603 822 1657 Γαλάταις
844 1606 1005 1665 φόρους
1029 1607 1166 1653 ἔθετο.
1748 1620 1797 1657 20

338 1674 534 1733 Τιβέριος
559 1674 780 1733 Ἀρμενίαν
799 1675 1037 1738 Αὐγούστῳ
1061 1675 1371 1737 παρεστήσατο.

324 1752 363 1787 2.
388 1750 553 1799 συνόδῳ]
580 1751 759 1796 συνόδοις
776 1753 840 1791 καὶ
863 1766 909 1792 m.
1010 1754 1044 1790 6.
1069 1752 1319 1801 στοιχειώσας]
1346 1745 1599 1801 ἐστοιχείωσεν
1622 1755 1672 1791 G.

332 1799 367 1834 3·
392 1795 540 1847 ἆτρόνῳ
555 1800 598 1834 Β·
624 1797 796 1847 ἀχρόνους
815 1802 863 1836 G·
961 1798 1147 1851 ὅμοουσίᾳ
1164 1805 1212 1838 G.
1309 1806 1366 1840 11.
1389 1801 1484 1849 παρ’
1508 1814 1576 1838 om.
1598 1803 1648 1838 G.

232 1857 360 1899 dente,
385 1858 475 1893 diem
496 1870 600 1894 unum
617 1860 735 1906 elapso
764 1858 991 1907 quadriennio
1009 1862 1163 1897 debitum
1185 1861 1426 1897 intercalatum
1445 1861 1555 1898 fuisse
1571 1863 1741 1903 narrant3

233 1909 271 1940 et
289 1916 402 1950 usque
418 1904 453 1939 in
470 1905 561 1941 diem
578 1907 800 1951 hodiernum,
825 1907 943 1950 aiunt,
969 1909 1005 1943 in
1024 1909 1205 1956 utriusque
1222 1909 1403 1944 luminaris
1419 1910 1503 1945 solis
1521 1907 1687 1945 videlicet
1703 1912 1741 1943 et

232 1952 338 1987 lunae
356 1951 565 1998 eclipsibus,
590 1959 626 1989 et
648 1955 833 2001 utriusque
852 1954 999 2001 insuper
1026 1956 1126 1992 iuxta
1149 1968 1283 1991 menses
1309 1956 1466 2002 singulos
1494 1955 1740 2001 congressibus

234 2004 272 2034 et
290 1998 511 2045 pleniluniis,
537 2012 601 2047 pro
626 2002 864 2045 Graecorum,
889 2001 926 2036 id
949 2006 1004 2037 est
1021 2003 1332 2039 Alexandrinorum
1359 2004 1554 2046 sententia,
1579 2007 1741 2038 astrono-

234 2047 346 2081 micae
368 2047 512 2091 regulae
530 2049 781 2092 observantur,
808 2053 844 2084 et
861 2050 1048 2084 errantium
1075 2051 1226 2097 quinque
1246 2056 1417 2085 astrorum
1435 2050 1740 2096 relinquorumque

233 2093 381 2127 fixorum
403 2094 555 2129 siderum
574 2097 749 2142 epochae,
773 2096 811 2130 id
830 2100 906 2138 est,
931 2097 1020 2132 certi
1040 2098 1179 2144 ratique
1207 2102 1320 2132 status
1348 2109 1576 2143 cur-suumque
1598 2097 1741 2131 termini

234 2140 492 2175 describuntur.
539 2142 590 2177 Et
605 2144 671 2177 hac
692 2143 853 2190 equidem
871 2143 1008 2180 ratione
1032 2144 1239 2179 Panodorus
1262 2144 1320 2179 vir
1341 2156 1362 2179 a
1387 2144 1495 2191 pletis
1522 2156 1565 2179 ne
1584 2154 1739 2179 summae

234 2185 444 2222 eruditionis
461 2189 597 2224 nomine
624 2191 880 2226 commendatus
907 2203 985 2226 cum
1003 2192 1220 2237 sapientibus
1239 2192 1285 2226 ab
1312 2191 1461 2226 ecclesia
1488 2190 1612 2226 aienis
1640 2191 1737 2225 circa.

235 2233 438 2268 caelestium
461 2235 595 2271 orbium
624 2243 736 2272 motus
760 2243 889 2273 sartam
914 2243 1113 2284 tectamque
1139 2237 1398 2272 consensionem
1424 2242 1547 2273 tenere
1573 2241 1739 2283 satagens

235 2279 336 2315 annis
354 2279 503 2326 integris
523 2287 653 2330 septem
684 2296 705 2319 a
726 2286 820 2321 5500
841 2296 970 2320 summa
991 2284 1266 2330 deprehenditur
1281 2285 1463 2319 aberrasse
1493 2289 1530 2319 et
1547 2286 1643 2322 5500
1661 2286 1740 2320 vice

232 2326 436 2373 reposuisse
452 2326 558 2365 5493.
592 2331 668 2365 Nos
681 2330 793 2376 igitur
813 2337 957 2366 aeterno
974 2343 1087 2366 rerum
1103 2331 1250 2366 omnium
1268 2331 1385 2377 opifici
1404 2336 1441 2367 et
1453 2332 1555 2367 unius
1576 2333 1741 2367 substan-

231 2373 308 2409 tiae
328 2373 394 2409 deo
416 2376 577 2420 personis
606 2377 699 2411 trino
730 2389 855 2424 parere
883 2378 1072 2424 dispositi,
1096 2377 1214 2412 verbis
1236 2389 1327 2412 novo
1359 2383 1397 2414 et
1419 2378 1607 2425 antiquiori
1626 2383 1740 2414 testa-

233 2423 351 2456 mento
382 2421 596 2467 consignatis
625 2424 878 2467 adhaerentem
903 2426 1070 2471 quasdam
1100 2423 1186 2459 licet
1210 2425 1353 2471 regulas
1372 2438 1394 2461 a
1421 2425 1637 2472 sapientibus
1667 2425 1739 2460 illis

234 2467 394 2514 positas,
419 2469 539 2515 quales
565 2470 755 2506 Alexandri
783 2471 987 2506 Macedonis
1014 2483 1121 2507 annos
1151 2472 1245 2506 circa
1274 2472 1392 2508 mundi
1419 2474 1515 2510 5170
1547 2476 1738 2519 exponunt,

233 2514 403 2550 fuerimus
423 2515 634 2561 amplexati3
658 2517 717 2551 hic
739 2523 836 2553 certe
854 2518 967 2554 alieno
985 2519 1084 2554 nobis
1105 2518 1221 2554 oblato
1242 2518 1403 2564 Epactae
1423 2518 1620 2566 principio,
1643 2518 1738 2566 quod

234 2561 442 2607 apostolicis
461 2562 668 2598 adversatur
693 2564 961 2608 traditionibus,
997 2570 1033 2601 et
1062 2566 1183 2612 primis
1206 2566 1323 2601 mundi
1348 2567 1523 2602 natalibus
1545 2566 1646 2613 plane
1668 2577 1738 2600 non

235 2610 422 2652 consentit,
447 2610 587 2645 divinae
605 2623 671 2645 nec
688 2611 804 2646 verbis
820 2613 1057 2658 explanandae
1076 2613 1327 2648 incarnationis
1347 2625 1472 2650 annum
1497 2619 1535 2650 et
1555 2612 1736 2650 terminum

235 2655 384 2692 alterum
401 2656 606 2703 exquisitius
625 2658 732 2693 fixum
752 2659 949 2695 necessario
969 2660 1234 2707 praeferendum
1253 2661 1446 2698 statuimus.

328 2706 511 2750 Augustus
525 2705 621 2750 leges
638 2705 802 2740 Romanis
821 2706 948 2753 posuit.

328 2750 461 2785 Lollius
479 2752 621 2787 Marcus
640 2752 816 2787 Galatiam
836 2752 1000 2790 subiecit.

329 2798 567 2834 Monarchiam
586 2798 653 2834 sibi
670 2799 819 2834 oblatam
837 2801 1013 2847 Augustus
1028 2800 1241 2848 repudiavit.

329 2843 496 2890 Vectigal
514 2845 653 2881 Galatis
674 2846 841 2892 imposuit
863 2848 1053 2894 Augustus.

328 2890 496 2928 Tiberius
512 2894 676 2940 Augusto
692 2894 889 2930 Armeniam
904 2895 1010 2933 armis
1028 2895 1224 2942 acquisivit.
