1800 3236
200 172 306 222 728
683 174 938 224 chRGn
961 160 1261 224 'SYNCELLI

203 288 428 348 ἐπιστολὴν
436 323 451 346 ,
487 289 546 342 εἲς
567 284 796 350 πρόσωπον
825 293 903 334 τοῦ
920 306 967 334 τε
981 287 1200 346 Ῥωμαίων
1223 283 1453 334 ἐπισκόπου
1483 282 1714 335 Ἀιονυσιόυ

202 364 273 407 καὶ
290 362 499 418 Μαξίμου
519 365 596 406 τοῦ
618 361 727 406 κατὰ
741 358 1056 419 Ἀλεξάνδρειαν
1082 361 1148 404 ἐπὶ
1177 357 1320 412 πάσας
1339 378 1384 405 τε
1408 361 1715 417 διαπέμπονται

203 432 284 485 τὰς
303 433 506 492 ἐπαρχίας
516 465 530 487 ,
563 431 641 489 τὴν
662 431 804 476 αῧτῶν
824 431 902 488 μὲν
921 430 1113 488 σπουδὴν
1131 437 1222 482 τοῖς
1250 435 1354 475 πᾶσι
1375 431 1563 490 φανερὰν
1583 430 1713 476 καθι-

201 507 407 558 στῶντες,
445 504 515 548 καὶ
547 506 625 546 τοῦ
654 500 836 548 Παύλου
858 502 906 546 δὲ
935 501 1014 559 τὴν
1033 499 1294 561 διάστροφον
1312 500 1576 562 ἑτεροδοξίαν
1603 503 1716 561 ἐλέγ-

205 592 312 632 χους
328 592 374 619 τε
399 575 468 617 καὶ
489 571 710 632 ἐρωτήσεις
729 572 780 625 ἃς
802 572 911 633 πρὸς
937 571 1067 617 αὐτὸν
1094 571 1411 631 ἀνακεκινήκασι
1422 607 1436 628 ,
1476 575 1545 617 καὶ
1563 572 1622 617 ἴτι
1640 573 1746 618 τὸν5

169 643 354 691 Βποὶντα
372 645 468 699 βίον
487 661 533 688 τε
555 645 625 688 καὶ
647 641 805 704 τρόπον
826 647 903 689 τοῦ
922 643 1077 702 ἀνδρὸς
1095 641 1370 702 διηγούμενοι.
1406 644 1451 697 ἔξ
1472 638 1530 689 ὧν
1550 642 1720 702 μνήμης

208 716 341 762 ἕνεκεν
371 718 512 766 καλῶς
542 713 595 759 ἂν
623 713 710 773 ἔχοι
743 712 903 766 ταύτας
931 714 1071 759 αὐτῶν
1103 715 1170 758 ἐπὶ
1202 719 1279 759 τοῦ
1304 713 1517 774 παρόντος
1538 717 1720 759 διελθεῖν

207 786 287 839 τὰς
307 782 466 846 φωνάς.
503 786 719 847 Διονυσίῳ
743 787 812 831 καὶ
831 787 1025 846 Μαξίμῳ
1046 787 1116 829 καὶ
1135 792 1225 837 τοῖς
1249 785 1358 830 κατὰ
1379 785 1456 842 τὴν
1474 786 1720 843 οῗκουμένην

209 862 315 902 πᾶσι
337 860 674 916 συλλειτουργοΐς
691 855 811 914 ἡμῶν
843 854 1085 908 ἐπισκόποις
1118 857 1187 900 καὶ
1213 856 1513 916 πρεσβυτέροις
1534 858 1604 901 καὶ
1626 859 1721 900 δια-

211 926 350 980 κόνοις
372 930 442 972 καὶ
462 924 580 987 πάσῃ
599 933 651 988 τῇ
674 926 757 972 ὕπὸ
782 927 855 972 τὸν
876 926 1056 987 οὐρανὸν
1077 931 1286 986 καθολικῇ
1306 928 1503 989 ἐκκλησίᾳ
1516 940 1527 952 ·
1555 926 1721 979 Ἕλενος
1734 935 1779 972 10

210 1001 282 1046 καὶ
297 997 519 1056 ιΥμὲναιος
539 1000 608 1042 καὶ
631 996 840 1057 Θεόφιλος
859 1000 929 1042 καὶ
955 995 1183 1050 Θεότεκνος
1199 1000 1268 1042 καὶ
1286 996 1490 1054 Μάξιμος
1509 1000 1578 1042 καὶ
1598 996 1723 1058 Πρό-

211 1074 336 1124 κλος,
367 1072 564 1126 Νικομᾶς
585 1071 654 1114 καὶ
669 1069 876 1121 Αἶλιανὸς
897 1071 966 1114 καὶ
986 1072 1166 1120 Παῦλος
1186 1071 1255 1113 καὶ
1276 1069 1505 1124 Βωλανός,
1538 1072 1724 1128 Πρωτο-

211 1140 331 1199 γένης
360 1142 430 1185 καὶ
453 1138 588 1199 Ἱέραξ
620 1142 689 1185 καὶ
719 1139 916 1197 Εὗτυχὴς
947 1141 1017 1184 καὶ
1056 1138 1281 1198 Θεόδωρος
1313 1141 1382 1184 καὶ
1412 1142 1620 1196 Μαλχίων
1654 1141 1725 1184 καὶ

212 1209 410 1263 Λούκιος
429 1212 498 1255 καὶ
522 1211 561 1254 οἳ
579 1212 716 1255 λοιποὶ
738 1208 891 1262 πάντες
911 1210 951 1255 οἱ
973 1210 1051 1255 σὺν
1070 1208 1170 1268 ἡμῖν
1190 1215 1487 1268 παροικοῦντες
1508 1211 1586 1262 τὰς
1606 1210 1726 1269 ἓγγῦς

213 1280 355 1333 πόλεις
381 1284 451 1326 καὶ
474 1280 582 1339 ἔθνη
613 1283 829 1325 ἐπίσκοποι
860 1283 930 1325 καὶ
957 1279 1234 1340 πρεσβύτεροι
1261 1283 1329 1325 καὶ
1362 1279 1546 1326 διάκονοι
1577 1284 1646 1326 καὶ
1680 1281 1726 1325 αἱ
1738 1292 1783 1330 15

61 1361 104 1398 P.
127 1359 199 1398 389
219 1353 433 1410 ἐκκλησίαι
454 1357 531 1397 τοῦ
553 1356 660 1396 θεοῦ
671 1386 686 1408 ,
724 1352 954 1410 ἀγαπητοῖς
976 1351 1176 1411 ἀδελφοῖς
1199 1353 1242 1395 ἓν
1263 1353 1392 1414 κυρίῳ
1417 1353 1591 1411 χαίρειν.
1627 1350 1730 1396 τού-

217 1440 309 1475 τοις
335 1422 445 1480 μετὰ
475 1422 639 1483 βραχέα
671 1423 901 1481 ἐπιλέγουσι
933 1427 1083 1469 ταῦτα.
1143 1416 1434 1479 ἔπιστὲλλομεν
1463 1424 1509 1467 δὲ
1536 1422 1626 1479 ἅμα
1659 1424 1730 1467 καὶ

217 1498 549 1555 παρακαλοῦμεν
575 1496 646 1539 καὶ
676 1493 861 1546 πολλοὺς
896 1495 967 1538 καὶ
993 1498 1079 1538 τῶν
1106 1493 1275 1553 μακρὰν
1307 1491 1543 1538 ἐπισκόπων
1563 1495 1628 1537 ἐπὶ
1651 1493 1729 1550 τὴν

218 1566 455 1626 θεραπείαν
475 1569 552 1623 τῆς
571 1562 882 1624 θανατηφόρου
905 1566 1204 1621 διδασκαλίας,
1245 1563 1383 1623 ὥσπερ
1409 1566 1479 1608 καὶ
1500 1562 1729 1609 Διονύσιον

218 1636 296 1682 τὸν
315 1637 382 1681 ἐπὶ
404 1641 482 1694 τῆς
495 1636 808 1696 Ἀλεξανδρείας
834 1637 904 1680 καὶ
932 1635 1208 1695 Φιρμιλιανὸν
1236 1635 1311 1680 τὸν
1339 1635 1420 1679 ἀπὸ
1442 1640 1519 1693 τῆς
1536 1638 1787 1682 Kanna-20

220 1709 360 1759 δοκῶν
380 1707 480 1759 τοῦς
497 1709 759 1767 μακαρίτας,
800 1700 858 1752 ὧν
886 1705 908 1751 ὃ
931 1707 1007 1764 μέν
1032 1708 1102 1751 καὶ
1127 1706 1355 1751 ἐπέστειλεν
1380 1708 1437 1758 εἲς
1464 1706 1542 1763 τὴν
1566 1704 1729 1751 Ἀντιό-

220 1795 337 1836 χειαν
361 1777 438 1824 τὸν
468 1776 653 1839 ἡγεμόνα
682 1783 761 1838 τῆς
794 1775 955 1838 πλάνης
987 1777 1086 1825 οῦδὲ
1111 1775 1386 1840 προσρήσεως
1416 1775 1601 1833 ἀξιώσας
1631 1777 1730 1822 οῦδὲ

317 1912 357 1952 4.
376 1911 548 1963 ἐλέγχους
562 1915 608 1954 Ρ.
631 1913 780 1964 ἐλέγχου
802 1915 852 1952 G.
977 1916 1036 1952 11.
1059 1914 1175 1962 Vulgo
1199 1912 1371 1958 Τμένεος.
1479 1914 1540 1950 20.
1565 1915 1732 1950 Καππα-

318 1963 462 2001 δοκιῶν
482 1965 532 2002 G.
627 1966 687 2002 21.
710 1962 780 2013 μὲν
796 1963 876 2011 καὶ]
898 1961 963 2001 καὶ
980 1975 1047 2000 om.
1065 1964 1112 1999 G.
1207 1965 1263 2007 εἰς
1280 1962 1363 2012 τὴν]
1389 1960 1443 2006 εἰς
1458 1960 1530 2010 τήν
1548 1957 1670 2008 αὐτὴν
1680 1961 1729 1998 G.

226 2078 427 2128 episcopum
445 2082 636 2119 Romanum
653 2082 841 2131 privatim,
864 2084 902 2119 et
920 2081 965 2118 ad
985 2080 1220 2118 Alexandriae
1237 2080 1449 2125 Maximum,
1471 2083 1547 2116 tum
1572 2080 1619 2116 ad
1646 2091 1733 2126 pro·-

227 2128 366 2164 vincias
391 2130 546 2177 reliquas
573 2132 712 2166 litteras
738 2131 867 2166 dedere
886 2142 1081 2166 communes
1093 2156 1104 2173 ‚
1129 2130 1259 2177 quibus
1280 2130 1433 2164 studium
1447 2128 1483 2163 in
1503 2128 1605 2163 fidem
1623 2138 1733 2170 suum,

227 2178 267 2210 et
285 2187 444 2212 aversam
463 2178 509 2212 ab
526 2190 569 2214 ea
585 2178 688 2214 Pauli
703 2178 900 2225 opinionem
918 2178 1174 2214 fraudulentam
1193 2189 1387 2224 aperuere3
1412 2181 1449 2212 et
1469 2174 1609 2210 insimul
1625 2186 1733 2220 argu-

228 2226 366 2267 menta,
389 2223 752 2272 interrogationesque
771 2226 808 2260 in
828 2237 908 2261 eum
925 2231 1055 2268 motas,
1079 2226 1126 2261 ad
1151 2226 1238 2260 haec
1257 2224 1403 2259 hominis
1428 2233 1544 2258 mores
1569 2226 1606 2256 et
1636 2223 1734 2256 vitae

227 2268 429 2306 institutum
454 2272 569 2318 palam
606 2273 823 2308 manifestum
851 2274 992 2316 fecere3
1034 2284 1078 2308 ex
1102 2272 1230 2319 quibus
1262 2283 1367 2307 voces
1394 2270 1485 2305 istas
1515 2274 1734 2315 posterorum

228 2317 415 2352 memoriae
437 2320 725 2356 commendandas
751 2321 929 2367 praesenti
955 2320 1032 2355 loco
1066 2329 1274 2366 percurrere
1297 2317 1444 2352 iuvabit.
1498 2316 1669 2362 Dionysio
1696 2320 1735 2351 et

229 2363 385 2400 Maximo
409 2370 447 2400 et
465 2367 600 2402 cunctis
629 2379 692 2413 per
713 2369 833 2403 orbem
853 2367 1052 2402 universum
1075 2366 1221 2411 collegis
1234 2391 1246 2408 ‚
1279 2364 1477 2412 episcopis,
1500 2362 1733 2411 presbyteris,

230 2411 410 2455 diaconis,
434 2416 472 2448 et
486 2413 694 2456 universae,
718 2426 810 2459 quae
826 2415 893 2449 sub
911 2414 1008 2449 caelo
1029 2417 1104 2456 est,
1141 2412 1333 2455 ecclesiae,
1357 2413 1513 2447 Helenus
1537 2416 1574 2446 et
1599 2412 1736 2457 Hyme-

230 2469 341 2495 naeus
357 2463 395 2495 et
414 2459 636 2507 Theophilus,
660 2467 697 2497 et
719 2462 945 2496 Theotecnus
967 2464 1004 2496 et
1024 2460 1195 2496 Maximus
1222 2464 1258 2495 et
1282 2460 1429 2495 Proclus
1450 2465 1486 2495 et
1503 2459 1676 2495 Nicomas
1697 2461 1737 2493 et

230 2506 397 2542 Aelianus
416 2511 453 2542 et
467 2507 597 2542 Paulus
616 2512 654 2542 et
663 2507 816 2543 Bolanus
828 2512 866 2542 et
881 2508 1100 2554 Protogenes
1120 2513 1157 2543 et
1167 2507 1301 2542 Hierax
1318 2515 1354 2542 et
1363 2507 1546 2553 Eutyches
1562 2511 1600 2541 et
1611 2505 1734 2540 Theo-

231 2553 339 2589 dorus
356 2558 392 2590 et
406 2554 581 2590 Malchion
600 2560 637 2590 et
652 2554 786 2590 Lucius
807 2560 844 2590 et
867 2554 993 2602 reliqui
1010 2567 1127 2590 omnes
1138 2581 1148 2597 ‚
1173 2556 1232 2601 qui
1249 2554 1414 2590 finitimas
1435 2554 1600 2589 civitates
1613 2556 1650 2587 et
1670 2563 1736 2587 na-

229 2601 348 2637 tiones
370 2601 526 2638 incolunt
541 2602 699 2649 episcopi
719 2606 756 2636 et
785 2603 984 2648 presbyteri
1013 2607 1049 2638 et
1073 2602 1212 2638 diaconi
1240 2607 1278 2638 et
1303 2602 1473 2638 ecclesiae
1492 2600 1570 2643 dei3
1595 2598 1733 2634 dilectis

231 2648 403 2684 fratribus
431 2650 468 2684 in
500 2650 658 2685 domino:
694 2650 853 2684 salutem.
916 2650 1044 2685 Paucis
1069 2662 1148 2685 mox
1177 2650 1380 2696 praemissis
1403 2648 1622 2693 subiungant
1648 2647 1733 2681 ista.

231 2695 316 2730 Una
336 2697 453 2732 cuncti
469 2696 651 2732 scribimus
668 2702 704 2732 et
721 2696 962 2743 episcoporum
982 2710 1003 2732 a
1022 2697 1120 2733 nobis
1138 2697 1338 2732 dissitorum
1358 2696 1475 2743 plures
1499 2693 1653 2731 remedio
1669 2706 1735 2740 pe-

233 2743 382 2778 stiferae
399 2743 635 2780 huiuscemodi
660 2744 842 2779 doctrinae
869 2745 1014 2780 ferendo
1038 2746 1202 2791 precibus
1221 2743 1505 2785 sollicitavimus,
1527 2742 1622 2777 inter
1645 2752 1735 2787 quos

234 2789 441 2837 Dionysium
467 2792 700 2828 Alexandriae
731 2795 768 2826 et
794 2791 1032 2827 Firmilianum
1060 2792 1308 2840 Cappadociae
1335 2791 1515 2838 praesules
1543 2790 1587 2825 B.-
1608 2799 1736 2824 memo-

234 2837 289 2873 ria
307 2838 432 2885 dignos
457 2850 700 2883 recensemus;
733 2849 877 2885 quorum
901 2839 960 2874 ille
987 2839 1124 2886 quidem
1152 2840 1291 2875 litteras
1310 2838 1528 2874 Antiochiam
1550 2836 1666 2878 misit,
1690 2847 1735 2869 ne

234 2883 350 2923 salute
377 2885 515 2934 quidem
543 2886 673 2924 erroris
692 2886 827 2924 auctori
850 2886 1051 2935 impertita,
1085 2887 1142 2925 vel
1171 2886 1250 2924 aliis
1274 2885 1319 2924 ad
1345 2897 1423 2923 eum
1447 2884 1611 2933 privatim
1629 2883 1736 2924 datis,

266 2948 283 2961 Q
