1800 3236
215 160 321 209 706
682 163 949 224 *GEORGII
973 162 1266 211 SYNCELLI

216 295 295 330 νας
324 273 396 335 ιη’,
433 273 669 337 πράξαντες
697 276 820 322 οῦδὲν
845 273 1088 334 ἀξιόλογον·
1123 276 1231 321 κατὰ
1252 276 1299 321 δὲ
1326 275 1483 328 ἄλλους
1508 276 1628 329 τινὰς
1658 275 1730 334 ἴτη

214 347 267 408 γ’,
306 351 375 393 καὶ
395 348 504 393 καθ’
527 347 694 406 ἑτέρους
718 347 789 404 ἴτη
809 345 867 404 β’.
906 345 1153 406 ἓσφάγησάν
1173 366 1218 392 τε
1238 348 1523 406 προδοθέντες
1548 346 1630 393 ὖπό
1654 354 1732 405 τῆς

216 422 328 472 ἰδίας
349 417 567 476 δυνάμεως
590 420 633 463 ἓν
655 419 789 479 ἀγορᾷ
813 419 1052 474 Φλαμενίου
1075 422 1153 475 τῆς
1173 418 1305 476 αὐτῆς
1327 420 1612 478 κακοτροπίας
1636 417 1731 476 ἐχό-

216 509 335 548 μενοι
351 495 412 551 τῷ
429 491 590 550 Δεκίῳ,
630 487 687 541 ὥς
706 486 787 533 πού
810 506 938 547 φησιν
960 486 1206 548 ὃμακάριος
1224 489 1536 550 Ἀλεξανδρείας
1561 490 1730 534 ἐπίσκο-

218 579 298 613 πος
316 557 542 611 Διονύσιος
559 558 847 618 Ἑρμαμμωνῇ
867 556 1043 619 γράφων
1062 562 1156 619 περὶ
1174 565 1250 604 τοῦ
1271 559 1456 606 Γάλλου.
1508 560 1607 605 ἀλλ’
1634 561 1765 605 οῦδὲ5

219 634 372 683 ἐκεῖνος
393 630 496 690 ἴγνω
517 630 566 675 τὸ
589 632 744 675 Δεκίου
763 630 913 684 κακὸν,
952 630 1052 674 οὐδὲ
1080 628 1368 689 προεσκόπησε
1387 633 1432 675 τί
1449 649 1549 676 ποτε
1580 632 1733 682 ἐκεῖνος

179 703 425 762 Οἴσφηλεν,
462 700 572 745 ἀλλὰ
596 701 703 761 πρὸς
723 701 798 746 τὸν
826 700 957 745 αὐτὸν
976 700 1058 760 πρὸ
1078 706 1163 746 τῶν
1192 700 1436 760 ὀφθαλμῶν
1459 702 1592 747 αὐτοῦ
1614 701 1732 761 γενό-

215 791 345 831 μενον.
365 771 533 816 ἔπταισε
557 773 708 817 λίθον·
744 770 792 824 ὃς
812 771 1143 832 εὖφραινομένης
1163 771 1281 833 αὐτῷ
1311 777 1389 830 τῆς
1415 774 1633 828 βασιλείας
1663 775 1732 817 καὶ

216 844 326 889 κατὰ
357 847 459 888 νοῦν
481 840 737 902 χωρούντων
763 846 850 887 τῶν
880 840 1139 901 πραγμάτων
1172 844 1242 887 καὶ
1278 843 1380 896 τοὺς
1407 843 1544 902 ἱεροὺς
1573 843 1733 903 ἄνδρας

215 915 318 967 τοὺς
339 915 434 972 περὶ
458 918 534 970 τῆς
565 911 731 973 εἰρήνης
761 913 878 974 αὐτῷ
905 915 974 957 καὶ
1003 918 1080 972 τῆς
1111 912 1266 972 ὖγιείας
1285 913 1597 973 πρεσβεύοντας
1625 916 1732 974 πρὸς
1748 925 1791 961 10

214 987 290 1032 τὸν
309 985 413 1030 θεὸν
432 981 555 1042 ἡμῶν
572 983 742 1042 ἤλασεν.
781 983 935 1029 οὐκοῦν
959 984 1037 1030 σὺν
1066 985 1235 1037 ἐκείνοις
1257 985 1398 1038 ἐδίωξε
1419 987 1490 1030 καὶ
1526 985 1603 1038 τὰς
1625 984 1731 1046 ὑπὲρ

217 1057 351 1102 αὐτοῦ
372 1053 623 1114 προσευχάς.

325 1125 508 1178 Τούτοις
533 1133 622 1178 τοῖς
649 1123 817 1186 χρόνοις
846 1123 868 1171 ὅ
898 1126 1029 1185 μέγας
1050 1127 1119 1171 καὶ
1140 1126 1476 1187 θαυματουργός
1498 1131 1542 1172 Γ
1538 1123 1734 1187 ρηγόριος

217 1198 261 1243 ἓν
282 1195 508 1254 τελειότητι
535 1201 612 1255 τῆς
630 1197 739 1241 κατὰ
759 1197 951 1255 Χριστὸν
968 1199 1224 1257 φιλοσοφίας
1251 1195 1503 1256 διέλαμπεν,
1543 1192 1594 1242 οὗ
1623 1196 1734 1256 μνή-

216 1287 303 1326 μην
324 1266 593 1326 ἁρμόζουσαν
616 1266 637 1312 ὃ
659 1266 897 1327 Ιίαισάριος
916 1268 1122 1324 Εὐσέβιος
1143 1268 1219 1312 οὐκ
1238 1268 1334 1314 οἶδα
1354 1271 1466 1321 τίνος
1485 1270 1617 1325 ἕνεκα,
1639 1270 1732 1313 καί-
1747 1277 1791 1313 15

219 1357 296 1398 περ
314 1338 550 1397 Ὠριγένους
569 1342 646 1383 τοῦ
668 1341 904 1394 δυσσεβοῦς
924 1337 1090 1398 ἀλόγοις
1110 1340 1385 1399 ἓνδιατρίψας
1405 1341 1622 1399 ἐγκωμίοις
1630 1374 1645 1396 ,
1681 1340 1731 1385 οὗ

218 1411 464 1466 πεποίηται,
496 1413 574 1454 τοῦ
596 1409 705 1454 καθ’
734 1409 836 1467 ὅλης
860 1414 937 1467 τῆς
968 1411 1215 1468 οῗκουμένης
1239 1412 1518 1469 ἔξηχουμένου
1537 1413 1670 1463 θειόις
1689 1429 1734 1456 τε

179 1478 360 1539 Βλόγοις
379 1481 448 1524 καὶ
471 1480 640 1540 τέρασιν
659 1478 1043 1540 ἕξαστράπτοντος,
1068 1479 1126 1533 ὦς
1144 1484 1214 1526 καὶ
1236 1482 1381 1534 αὐτοῖς
1406 1484 1579 1540 δαίμοσι
1597 1501 1732 1542 προσ-

218 1549 386 1595 τάττειν
408 1548 477 1595 οἷά
496 1568 604 1596 τισιν
627 1550 931 1612 ἀνδραπόδοις,
969 1552 1039 1596 διὰ
1062 1553 1221 1611 πολλὴν
1242 1553 1350 1612 πρὸς
1371 1553 1475 1598 θεὸν
1493 1555 1735 1614 παρρησίαν

218 1624 287 1675 καὶ
304 1623 401 1678 βίου
422 1624 492 1666 καὶ
514 1620 639 1682 λόγου
668 1621 963 1683 καθαρότητα.
1009 1625 1164 1681 νομίζω
1185 1625 1232 1668 δὲ
1251 1625 1327 1670 τὸν
1357 1625 1562 1682 Εὗσέβιον
1585 1625 1633 1670 τὸ
1655 1629 1791 1683 ‘ciffis-20

218 1694 342 1745 θείας
364 1692 515 1752 ἀρετῆς
535 1699 610 1739 τοῦ
631 1698 968 1754 θαυματουργοῦ
1001 1697 1071 1739 καὶ
1103 1693 1321 1755 θεοφόρου
1345 1699 1388 1740 Γ
1385 1698 1583 1756 ρηγορίου
1608 1696 1730 1755 μέγε-

218 1768 304 1815 θος
335 1768 545 1821 σιωπῆσαι
586 1764 657 1809 διὰ
693 1766 742 1810 τὸ
783 1769 1001 1823 πανταχοῦ
1042 1771 1128 1811 τῶν
1164 1765 1388 1826 δογμάτων
1424 1767 1620 1828 ἀκέραιον
1661 1770 1731 1812 καὶ

215 1832 438 1894 ἀλλότριον
469 1839 554 1880 τῶν
579 1835 819 1895 Ὠριγένους
852 1834 1107 1896 ληρημάτων
1136 1840 1208 1882 καὶ
1230 1842 1315 1884 τῶν
1333 1838 1496 1899 Ἀρείου
1529 1843 1732 1898 βλασφη-

212 1909 323 1961 μιῶν
332 1939 348 1961 ,
382 1903 446 1957 οἷς
465 1906 670 1963 Εὐσέβιος
689 1906 936 1967 ἐλελώβητο.

308 1996 344 2033 5.
369 1993 576 2039 Διονύσιος
596 2008 661 2032 om.
681 1997 730 2032 G.
829 2000 887 2036 16.
911 1993 1004 2035 οὐδὲ
1020 2001 1189 2036 ποιεῖται
1207 2000 1258 2034 G.

218 2077 292 2101 rum
318 2066 482 2110 calculis,
518 2067 674 2111 duobus,
707 2068 804 2104 nullo
838 2069 931 2116 quod
953 2069 1090 2106 laudem
1120 2071 1189 2105 sibi
1218 2069 1399 2116 conciliet,
1433 2069 1594 2106 facinore
1620 2068 1731 2114 edito,

219 2113 319 2148 simul
338 2114 577 2160 imperarunt3
602 2115 687 2162 quin
707 2116 808 2152 immo
825 2117 950 2153 iisdem
964 2145 975 2162 ,
1000 2118 1128 2164 quibus
1145 2118 1277 2154 Decius
1290 2144 1300 2163 ‚
1324 2118 1474 2164 flagitiis
1493 2118 1732 2164 inhaerentes,

218 2171 241 2194 a
257 2161 409 2207 propriis
427 2163 540 2208 copiis
559 2163 693 2209 proditi
709 2164 746 2198 in
767 2165 860 2200 Foro
883 2165 1047 2201 Flaminii
1065 2165 1292 2209 occiduntur,
1316 2171 1357 2202 ut
1379 2168 1424 2202 de
1445 2166 1550 2201 Gallo
1569 2166 1615 2201 ad
1637 2165 1731 2200 Her-

217 2218 439 2242 mammonem
467 2211 593 2245 beatus
613 2210 804 2258 Dionysius
825 2213 1061 2249 Alexandriae
1088 2214 1229 2260 praesul
1255 2214 1426 2260 scriptum
1451 2213 1607 2259 reliquit.
1655 2212 1731 2249 Sed

217 2265 332 2300 neque
354 2254 455 2290 Decii
469 2257 645 2293 fortunam
665 2259 848 2295 adversam
866 2261 952 2308 ‚ipse
976 2261 1183 2308 perpendit,
1209 2273 1273 2296 nec
1294 2261 1331 2296 in
1354 2270 1424 2308 quo
1449 2264 1639 2307 peccarat,
1664 2261 1731 2297 ad-

218 2301 350 2344 vertit3
374 2301 460 2348 quin
484 2304 590 2339 etiam
614 2305 651 2341 in
673 2307 868 2343 subiectum
888 2308 999 2343 oculis
1019 2308 1167 2355 lapidem
1193 2309 1340 2344 eundem
1359 2308 1526 2352 offendit3
1551 2309 1730 2345 Romanae

218 2348 352 2395 quippe
376 2348 429 2383 rei
453 2351 614 2396 publicae
634 2359 755 2399 gratus
774 2359 812 2390 et
833 2367 950 2390 rerum
971 2367 1136 2391 successu
1161 2356 1296 2398 laetus,
1321 2367 1443 2391 sacros
1460 2356 1556 2392 viros
1576 2357 1622 2393 de
1640 2369 1729 2403 pace

218 2400 257 2431 et
281 2397 393 2432 salute
415 2396 682 2445 interpellantes
701 2401 747 2435 ad
766 2402 868 2437 deum
888 2403 1086 2438 transmisit
1111 2405 1149 2437 et
1177 2414 1247 2438 uua
1266 2415 1342 2439 cum
1363 2403 1434 2439 illis
1451 2416 1517 2452 pro
1535 2417 1575 2441 se
1592 2405 1728 2441 oblatas

242 2454 342 2479 reees
364 2444 508 2480 avertit.

217 2453 241 2490 P
312 2491 394 2526 Hac
417 2495 534 2527 aetate
556 2504 703 2540 magnus
731 2499 769 2530 et
799 2496 1041 2532 miraculorum
1073 2499 1234 2544 patrator
1266 2498 1469 2544 Gregorius
1506 2498 1729 2534 Christianae

216 2538 470 2620 gihssoewhhe
489 2541 706 2586 perfectione
734 2543 964 2590 splendebat,
995 2556 1063 2590 quo
1095 2545 1237 2592 dignam
1268 2546 1464 2582 memoriam
1486 2547 1729 2582 Caesariensis

254 2585 408 2629 usebius‚
431 2587 551 2632 (cuius
569 2592 686 2624 tamen
708 2601 814 2625 causa
829 2590 985 2638 ignotum
1006 2593 1205 2639 hactenus),
1232 2594 1366 2639 putidis
1382 2595 1467 2629 licet
1488 2599 1526 2630 et
1548 2606 1570 2630 a
1588 2594 1727 2630 ratione

217 2632 344 2668 alienis
368 2634 467 2681 impii
493 2635 662 2682 Origenis
687 2637 847 2673 laudibus
882 2639 1102 2683 immoretur,
1136 2641 1264 2676 nullam
1292 2641 1403 2685 facit3
1443 2643 1545 2684 eius,
1569 2641 1725 2688 inquam,

217 2680 318 2716 cuius
346 2692 467 2718 nomen
492 2694 557 2730 per
583 2685 701 2719 orbem
726 2686 926 2721 universum
949 2687 1116 2731 auditur,
1149 2689 1279 2734 quique
1306 2688 1437 2724 divinis
1457 2688 1578 2725 verbis
1604 2690 1727 2736 prodi—

215 2727 357 2774 giisque
386 2729 474 2765 adeo
499 2730 651 2775 claruit,
673 2735 714 2767 ut
739 2745 785 2768 ex
815 2745 856 2768 ea
883 2745 986 2780 quam
1014 2736 1136 2771 habuit
1153 2736 1189 2771 in
1211 2736 1312 2771 deum
1338 2736 1488 2780 fiducia,
1522 2748 1724 2784 morumque

216 2785 259 2809 ao
276 2786 469 2813 sermonum
487 2778 663 2825 puritate,
686 2779 908 2816 daemonibus
925 2781 1015 2828 ipsis
1034 2788 1198 2830 tanquam
1218 2783 1400 2830 mancipiis
1422 2783 1616 2831 imperarit·
1645 2785 1723 2820 Eu-

216 2821 347 2858 sebium
374 2829 488 2860 autem
516 2826 774 2873 Thaumaturgi
800 2828 994 2876 deiferique
1021 2832 1134 2876 patris
1164 2831 1336 2877 Gregorii
1371 2831 1524 2867 divinam
1552 2832 1722 2867 virtutem

214 2867 353 2905 silentio
372 2872 603 2917 praeteriisse
627 2874 805 2917 arbitror,
829 2880 976 2922 propter
999 2877 1134 2913 incerta
1156 2879 1285 2925 passim
1306 2884 1343 2914 et
1358 2889 1379 2913 a
1399 2879 1471 2914 fide
1489 2891 1615 2915 aversa
1634 2879 1722 2914 Ori-

213 2915 313 2961 genis
343 2917 469 2955 deHria
491 2925 529 2956 et
553 2920 643 2965 Arii,
668 2934 739 2970 qua
753 2922 929 2960 Eusebius
949 2929 1028 2961 erat
1042 2926 1206 2970 infectus,
1225 2926 1459 2974 blasphemam
1476 2925 1696 2963 sententiam.
