1754 3236
197 182 229 230 4
667 174 912 223 GEORGII
941 168 1228 219 SYNCELLI

197 298 264 342 καὶ
285 297 435 356 φθορᾷ
463 291 486 338 ὃ
512 288 663 351 χρόνος
685 288 804 347 ἡλίου
827 289 942 348 φορᾷ
961 288 1278 341 καταμετρεΐται
1288 313 1303 336 ,
1343 278 1403 332 ὥς
1419 275 1502 325 πού
1523 295 1654 339 φησιν
1672 277 1697 325 ὃ

195 368 326 425 μέγας
339 366 382 410 ἐν
402 365 599 424 θεολογίᾳ
610 366 651 406 Γ
648 358 849 419 ρηγόριος.
888 355 1124 413 ἀναγκαίως
1143 348 1217 398 οὖν
1236 353 1282 396 ἐκ
1299 349 1470 396 πάντων
1489 352 1700 396 δείκνυται

194 435 367 496 χρονικὴ
394 433 516 493 ἀρχὴ,
530 432 637 477 καθ’
654 430 706 489 ἣν
728 428 749 474 ὃ
772 426 950 487 οὐρανὸς
971 426 1040 470 καὶ
1060 422 1087 482 ἦ
1107 429 1160 482 γῆ
1175 421 1406 482 γεγόνασιν,
1423 420 1450 480 ἦ
1467 420 1565 481 ἁγία
1589 420 1698 479 αὕτη

198 504 504 567 πρωτόκτιστος
522 502 656 561 ἡμέρα
668 535 682 556 ,
719 499 772 557 ἢν
790 497 846 550 ὡς
864 497 1060 554 θεμέλιον
1083 494 1245 554 ἀρραγῆ
1270 496 1339 538 καὶ
1355 491 1483 550 βάσιν
1503 492 1699 538 ἄσειστον

161 575 432 636 Βπηξάμενος
451 576 577 631 τῆσδε
600 577 676 630 τῆς
699 573 963 629 συγγραφῆς,
1003 570 1169 624 λιπαρῶ
1202 566 1276 610 τὸν
1305 566 1348 609 ἕν
1381 563 1490 624 αὐτῇ
1509 566 1580 609 καὶ
1595 563 1730 608 κατ’5

199 648 332 704 αὐτὴν
360 645 409 691 οὐ
428 643 558 701 μόνον
586 643 662 700 τὴν
696 640 908 698 αἰσθητὴν
935 640 1069 682 κτίσιν
1090 633 1464 694 ὑποστησάμενον,
1503 635 1611 679 ἀλλὰ
1633 636 1704 679 καὶ

202 719 280 776 τὴν
303 719 347 762 ἐν
370 715 483 776 αὐτῷ
503 713 646 771 καινὴν
665 714 796 757 κτίσιν
806 709 996 770 Χριστὸν
1014 707 1119 753 θεὸν
1135 705 1256 764 ἡμῶν
1276 707 1532 766 συνεργῆσαί
1547 724 1622 763 μοι
1639 709 1703 767 τῷ

199 784 482 846 ἄμαθεστάτῳ
491 819 505 840 ,
530 783 635 829 ὥστε
657 787 804 843 σαφῶς
825 781 1040 833 ἀποδεῖξαι
1059 783 1119 839 τῷ
1141 776 1222 840 ἐφ’
1242 777 1322 822 ἔτει
1339 781 1417 823 τοῦ
1440 775 1602 834 κόσμου
1623 777 1703 835 τὴν

201 859 399 916 ἴνσαρκον
431 855 562 900 αὐτοῦ
593 859 839 913 γεγενῆσθαι
870 851 1111 907 οἰκονομίαν
1118 883 1133 904 ,
1173 850 1243 893 καὶ
1274 847 1356 894 ὅσα
1388 849 1432 892 ἓν
1460 853 1521 909 τῷ
1542 847 1701 904 μεταξὺ

90 947 132 983 v,
154 947 178 984 3
198 928 335 990 χρόνῳ
355 927 512 986 γέγονεν
532 926 715 983 ἐπίσημα
744 921 972 983 πράγματα
995 922 1094 980 περί
1110 938 1155 964 τε
1177 919 1283 978 ἔθνη
1306 921 1375 964 καὶ
1393 920 1612 976 βασιλείας
1632 920 1703 963 καὶ
1716 924 1754 961 10

202 1005 286 1045 τῶν
303 998 408 1055 μετὰ
431 1001 564 1041 ταῦτα
580 996 833 1041 ὀκτακοσίων
852 992 927 1039 δύο
949 994 1069 1047 ἐτῶν,
1093 989 1318 1049 τριάκοντα
1338 994 1464 1049 τριῶν
1482 991 1560 1046 μὲν
1581 991 1703 1045 ἐτῶν,

202 1073 270 1115 καὶ
288 1068 452 1127 ἡμερῶν
471 1065 782 1126 τεσσαράκοντα
802 1070 878 1123 τῆς
897 1066 961 1109 ἐπὶ
979 1069 1058 1123 γῆς
1079 1065 1319 1119 οἰκονομίας
1327 1097 1341 1117 ,
1374 1060 1635 1106 ἑπτακοσίων
1657 1061 1705 1105 δὲ

166 1143 275 1186 Οκαὶ
299 1137 496 1196 ἑξήκοντα
514 1136 561 1189 (ἐξ
579 1139 646 1181 καὶ
664 1142 807 1195 μηνῶν
835 1137 933 1181 δέκα
955 1138 1025 1179 καὶ
1043 1132 1211 1193 ἡμερῶν
1235 1134 1362 1178 εἴκοσι
1382 1137 1469 1178 τῶν
1495 1132 1605 1188 μετὰ
1626 1132 1705 1190 τὴν

205 1210 326 1269 ἁγίαν
347 1209 477 1253 αὐτοῦ
502 1206 734 1265 ἀνάληψιν,
772 1207 892 1253 τοῦτ’
919 1207 1030 1251 ἔστιν
1061 1205 1144 1250 ἀπὸ
1163 1209 1241 1263 τῆς
1262 1205 1579 1264 πρωτοκτίστου
1599 1201 1706 1260 ’ἦμέ-

206 1299 284 1340 ρας
313 1280 389 1332 ἕως
410 1283 485 1323 τοῦ
515 1283 712 1336 κοσμικοῦ
733 1282 963 1324 καθολικοῦ
987 1275 1124 1331 ἑξάκις
1139 1280 1356 1333 χιλιοστοῦ
1380 1278 1703 1336 τριακοσιοστοῦ
1717 1280 1754 1320 15

205 1351 325 1403 ἔτους
345 1351 596 1402 ῗνδικτίωνος
616 1348 786 1410 πρώτης
796 1384 810 1405 ,
849 1348 905 1402 ὥς
923 1348 1215 1394 ὑποτέτακται.

310 1421 403 1478 Τὴν
422 1418 590 1479 πρώτην
602 1419 760 1480 ἡμέραν
783 1419 1062 1481 ὁἈφρικανὸς
1081 1419 1236 1477 νοητὴν
1257 1418 1375 1478 λέγει,
1398 1417 1468 1462 διὰ
1485 1416 1536 1463 τὸ
1558 1415 1708 1478 ἀδιορ-

202 1489 398 1551 γᾶνιστον
416 1489 518 1535 εἶναι
542 1491 643 1543 τέως
664 1492 711 1536 τὸ
732 1491 1040 1552 πρωτόκτιστον
1061 1494 1153 1550 φῶς
1174 1492 1243 1534 καὶ
1265 1489 1500 1547 κεχυμένον.

304 1561 372 1606 Ἐν
394 1565 453 1622 τῷ
474 1563 771 1624 πρωτοκτίστῳ
784 1563 1053 1624 νυχθημέρῳ,
1073 1565 1126 1621 τῇ
1147 1559 1296 1621 πρώτη
1316 1565 1393 1605 τοῦ
1417 1559 1517 1620 παρ’
1536 1558 1710 1620 Ἑβραί-

204 1650 267 1686 οις
282 1630 455 1692 ,πρώτου
483 1632 614 1690 μηνὸς
639 1634 800 1686 Νισὰν,
838 1633 896 1687 ὥς
921 1634 1234 1695 προδέδεικται,
1272 1632 1392 1692 παρὰ
1415 1633 1461 1676 δὲ
1486 1629 1754 1688 Ῥωμαίοιςρ(

299 1722 333 1757 1.
369 1721 472 1770 φορᾷ
503 1722 546 1757 Α.
588 1725 726 1769 φοραῖς
761 1724 808 1760 G.
930 1723 965 1761 5.
998 1722 1146 1768 λιπαρῶ
1179 1720 1248 1759 τὸν
1271 1722 1314 1758 Α.
1356 1721 1505 1769 λιπαρῶ
1541 1721 1621 1757 τῶν
1656 1720 1706 1756 G.

298 1770 332 1805 6.
362 1767 574 1816 αἰσθητὴν]
611 1769 777 1818 ἕσθητὴν
801 1773 843 1807 Α.
936 1774 972 1809 7.
1006 1771 1077 1819 τήν
1107 1769 1148 1807 ἐν
1167 1770 1273 1815 αὐτῷ
1292 1770 1333 1805 Α.
1381 1768 1452 1806 τὸν
1471 1757 1513 1807 ἓν
1533 1766 1634 1817 αὐτῇ
1657 1769 1706 1804 G.

300 1816 357 1852 ll·
382 1814 454 1852 δύο
479 1815 572 1851 delet
601 1829 644 1852 m.
724 1820 779 1856 13.
804 1817 923 1867 ἤγουν
941 1818 1012 1864 ἕως
1032 1815 1078 1857 οὗ
1099 1817 1310 1855 ἐτελείωσεν
1331 1812 1445 1860 οὗτος
1463 1815 1484 1854 ὃ
1500 1815 1709 1863 Γεώργιος·

297 1860 410 1921 ἐπεδῂ
422 1861 564 1899 ω’ἐτῶν
575 1864 824 1912 συνεστήσατο
835 1880 956 1915 margo
967 1869 1009 1903 A.
1068 1868 1123 1904 15.
1142 1867 1326 1913 κοσμικοῦ
1336 1866 1417 1901 add.
1429 1877 1473 1900 ex
1486 1866 1530 1901 A.
1580 1866 1638 1902 18.
1649 1876 1710 1900 κε-

297 1922 458 1957 χυμενον
471 1922 515 1946 m.
532 1913 757 1960 κεχυμμένον
780 1916 828 1951 G.
923 1917 982 1954 20.
1006 1913 1136 1952 Νισὰν
1159 1927 1202 1950 m.
1227 1914 1363 1951 νισσᾶν
1385 1914 1428 1951 A.
1456 1910 1608 1950 Νισσὰν
1632 1914 1682 1948 G.

207 1981 344 2036 enatum
364 1986 594 2028 coaequatur,
619 1988 658 2021 ut
677 1986 793 2033 aliquo
813 1987 1019 2034 scriptorum
1034 1987 1112 2023 loco
1138 1985 1341 2032 praeclarus
1366 1985 1546 2032 theologia
1566 1986 1711 2032 Grego-

207 2039 280 2062 nus
295 2031 459 2064 testatum
480 2031 631 2077 reliquit.
678 2033 926 2070 Necessarium
949 2035 1070 2082 itaque
1090 2035 1265 2081 quoddam
1293 2032 1460 2079 temporis
1488 2033 1710 2080 principium,

206 2085 276 2130 fluo
294 2076 427 2130 caelum
448 2080 485 2111 et
506 2081 600 2114 terra
618 2080 758 2116 condita
779 2082 900 2125 fuere,
925 2095 970 2118 ex
997 2082 1090 2118 omni
1114 2087 1217 2128 parte
1251 2083 1542 2116 commonstratur
1566 2084 1711 2117 sanctus

206 2127 277 2176 1ste
306 2133 415 2177 pnmo
442 2125 597 2160 conditus
627 2127 723 2170 dies3
756 2140 823 2175 quo
849 2130 946 2165 velut
964 2129 1167 2165 inconvulso
1190 2130 1436 2172 fundamento,
1462 2133 1499 2164 et
1521 2128 1709 2177 voluminis

206 2167 311 2203 huius
327 2180 530 2207 lnconcussa
547 2173 622 2208 basi
641 2175 816 2218 stabilita,
838 2177 933 2213 illum
956 2177 1015 2224 qui
1044 2177 1081 2212 in
1110 2190 1151 2212 eo
1184 2189 1226 2212 ac
1252 2177 1318 2212 sub
1347 2188 1389 2212 eo
1413 2188 1481 2211 non
1511 2176 1711 2212 sensibilem

206 2215 308 2250 modo
325 2221 514 2272 creaturam
529 2221 647 2264 subiit,
659 2223 720 2257 sed
732 2223 818 2258 etin
836 2236 876 2259 eo
895 2237 986 2261 nova
998 2228 1161 2261 creatura
1176 2225 1292 2260 factus
1312 2227 1380 2267 est,
1405 2223 1584 2260 Christum
1607 2224 1710 2260 deum

206 2266 362 2317 nostrum
382 2263 544 2322 llhterato
564 2268 646 2303 mihi
667 2282 767 2316 opem
787 2271 902 2315 ferat,
926 2284 1071 2319 precor:
1091 2277 1131 2308 ut
1150 2277 1186 2307 et
1206 2271 1393 2319 quinquies
1410 2271 1588 2307 millesimo
1606 2271 1711 2319 quin-

208 2313 400 2355 gentesmo
426 2313 554 2369 mundx-
571 2326 659 2351 anno
686 2317 760 2352 eius
791 2318 829 2353 in
853 2331 958 2355 carne
989 2319 1282 2367 dispensationem
1308 2318 1520 2365 contigisse,
1552 2323 1589 2354 et
1616 2331 1710 2366 quae

208 2361 424 2411 mox-notatu
442 2370 498 2394 res
522 2360 649 2408 dignae
670 2375 734 2410 per
754 2365 869 2401 varias
887 2367 1050 2402 nationes
1078 2372 1115 2402 et
1140 2379 1250 2412 regna
1276 2367 1313 2402 in
1335 2366 1521 2402 interiecto
1541 2368 1710 2414 temporis

210 2407 325 2458 spatio
353 2405 399 2458 ad
422 2405 582 2463 (duorum
605 2411 659 2455 et)
686 2413 961 2458 octingentorum
985 2427 1154 2450 annorum
1179 2415 1361 2450 terminum
1389 2414 1619 2457 acciderunt,
1642 2414 1710 2449 tri·-

209 2453 310 2505 ginta
328 2451 607 2508 videllcettrium
627 2469 790 2494 annorum
816 2465 852 2495 et
881 2463 1118 2508 quadraginta
1144 2474 1251 2508 super
1277 2466 1408 2497 terram
1435 2461 1711 2508 dispensationis

209 2498 344 2552 merum
355 2522 366 2539 ‚
391 2505 572 2556 ⁸e¹fag¹¹¹fa
590 2516 650 2538 sex
666 2510 778 2541 autem
799 2520 904 2554 supra
927 2509 1165 2555 septingentos
1183 2521 1347 2545 annorum
1359 2535 1370 2554 ‚
1403 2508 1522 2544 decem
1540 2508 1712 2544 mensium

211 2547 249 2578 et
265 2543 397 2579 (herum
416 2551 559 2603 ‘'flgmtff’
593 2552 686 2596 quod
713 2558 793 2599 post
814 2555 888 2590 eius
919 2562 1073 2592 sanctam
1094 2558 1330 2593 ascensionem
1347 2557 1483 2603 lapsum
1501 2560 1575 2599 est,
1600 2556 1712 2592 inter-

211 2589 323 2633 vallo,
347 2603 368 2626 a
387 2603 512 2647 primo,
530 2607 690 2652 mquam,
715 2600 774 2635 die
802 2603 942 2639 condito
965 2604 1010 2639 ad
1046 2616 1256 2640 communem
1282 2604 1441 2639 omnibus
1470 2607 1507 2639 et
1532 2604 1713 2650 vulgarem

208 2639 545 2696 trecentesimum-et
559 2655 673 2698 sexies
694 2647 906 2686 millesimum
925 2651 1126 2687 indictionis
1142 2651 1274 2699 primae
1290 2663 1414 2688 annum
1425 2675 1435 2694 ,
1460 2655 1502 2687 ut
1515 2652 1712 2687 subiectum

209 2689 266 2719 est
283 2686 452 2741 mfepus,
474 2687 625 2726 dilucide
644 2694 827 2738 proferam.

303 2732 454 2788 Prlmum
491 2735 582 2772 (hem
604 2738 890 2793 ‘intellectualiter
917 2746 1053 2793 concipi
1091 2746 1271 2782 desiderat
1298 2746 1510 2789 Africanus,
1545 2758 1587 2784 eo
1617 2746 1714 2793 quod

209 2777 302 2834 nulla
321 2785 471 2825 partlum
488 2789 682 2821 secretlone
700 2787 902 2826 distinctum
921 2794 1127 2840 apparuerit
1146 2795 1327 2841 hucusque
1351 2794 1466 2830 lumen
1485 2793 1570 2830 illud
1589 2795 1715 2842 primi-

210 2828 595 2881 gemumnundequaque
614 2845 811 2879 expansum.

302 2874 419 2909 Primo
445 2883 648 2933 cunctorum
665 2882 812 2918 omnium
836 2886 948 2921 noctis
974 2887 1116 2935 dieique
1145 2888 1289 2932 circulo,
1314 2887 1444 2925 mensis
1464 2889 1588 2925 ‘Nisan
1617 2889 1715 2937 apud

211 2919 392 2956 Hebraeos
419 2922 476 2959 die
501 2935 635 2970 primo,
668 2934 708 2964 ut
738 2938 1049 2977 praemonstratum
1076 2940 1151 2979 est,
1186 2936 1314 2973 mensis
1341 2948 1426 2973 vero
1456 2936 1580 2974 Martii
1619 2937 1715 2986 apud
