1800 3236
549 169 551 171 ·
577 161 1104 211 CHRONOGRAPHQ
1482 153 1591 212 475‘

92 273 142 320 ὃν
169 277 484 334 πολιορκεῖσθαι
516 272 727 331 ἀρξαμένη
754 272 782 332 ἢ
802 271 924 326 πόλις
940 273 1049 331 μετὰ
1072 272 1252 335 Νέρωνα
1271 273 1391 330 ἔτους
1408 276 1451 336 β’
1474 280 1584 325 Οὐε-

91 349 328 389 σπασιανοῦ
343 343 422 401 τὴν
439 341 618 400 ἐσχάτην
635 343 792 388 ἅλωσιν
811 342 1038 401 ὑπέμεινεν.

188 414 258 459 Ἐν
277 419 332 474 τῇ
349 414 523 474 δευτέρᾳ
550 418 636 458 τῶν
653 417 977 470 ΗΙαιααβαὶέιῶν
995 413 1194 473 ἐπιστολῇ
1212 420 1302 466 τοῖς
1320 415 1421 459 κατ’
1443 418 1582 476 Αἴγυ-
1605 420 1648 457 Ρ.
1668 421 1741 459 250

90 500 196 527 πτον
217 484 436 535 Ἰουδαίοις
463 484 691 542 γέγραπται
726 486 820 542 περὶ
855 486 1040 541 Νεεμίου
1074 483 1141 529 ὅτι
1173 483 1507 545 ἀνοικοδομήσας
1534 489 1582 532 τό

58 552 203 612 5ἶερόν
231 555 301 598 καὶ
327 553 377 598 τὸ
406 551 711 612 θυσιαστήριον
736 555 899 611 μέλλων
918 554 1139 614 ἀναφέρειν
1156 554 1235 611 τὴν
1249 557 1408 599 θυσίαν
1425 555 1583 613 ἔπεμψε

86 623 187 674 τοὺς
201 621 394 682 ἐγγόνους
409 629 496 668 τῶν
518 624 657 683 ἱερέων
677 625 743 669 ἐπὶ
764 625 815 669 τὸ
833 625 996 684 φρέαρ,
1034 626 1078 669 ἓν
1097 618 1132 685 ᾧ
1150 625 1420 683 κατέκρυψαν
1441 627 1482 670 οἱ
1500 645 1586 671 παμ-

85 693 202 751 τέρες
239 693 382 738 αὐτῶν
406 694 451 738 ἐν
488 698 551 754 τῷ
583 699 715 756 καιρῷ
746 699 824 752 τῆς
851 696 1142 751 αἰχμαλωσίας
1148 727 1164 749 ,
1201 694 1404 751 λαβόντες
1431 698 1476 740 ἐκ
1506 702 1584 741 τοῦ

87 763 220 821 πυρὸς
246 768 324 808 τοῦ
347 765 681 821 θυσιαστηρίου,
720 763 778 816 ὥς
817 767 886 809 καὶ
914 764 1116 823 Ἱερεμίας
1145 767 1273 824 φησὶ,
1310 771 1388 810 τοῦ
1418 766 1583 825 ἀγαγεῖν

85 837 170 891 πῦρ
188 834 233 885 ἐξ
250 833 395 882 αὐτοῦ.
433 834 474 878 οἱ
491 835 537 878 δὲ
558 833 813 886 ἀπελθόντες
830 835 906 891 οὐχ
924 829 1045 893 εὗρον
1062 839 1163 893 πῦρ,
1199 834 1298 878 ἀλλ’
1319 835 1436 895 ὕδωρ
1454 835 1581 894 παχύ.

29 905 77 941 10
88 903 272 947 ἐκέλευσε
304 904 351 948 δὲ
376 905 560 960 Νεεμίας
587 905 633 948 ἐκ
658 909 736 949 τοῦ
759 904 918 956 ὕδατος
937 902 1091 949 τούτου
1111 903 1424 962 ἀποβάψαντας
1443 908 1583 966 φέρειν

12 1018 16 1030 Ι
85 974 156 1016 καὶ
184 973 374 1030 ἓπιρᾶναι
393 981 483 1024 τοῖς
514 972 652 1026 ξύλοις
676 976 746 1018 καὶ
778 973 1060 1030 ὑποκειμένοις
1089 972 1270 1031 θύμασι.
1307 981 1384 1020 τοῦ
1399 978 1446 1021 δὲ
1460 976 1580 1034 ἡλίου

84 1042 301 1100 ε’πινεφοῖς
331 1041 605 1099 λάμψαντος,
641 1043 818 1103 ἀνήφθη
846 1044 961 1103 πυρὰ
990 1042 1149 1102 μεγάλη
1171 1045 1280 1090 κατὰ
1302 1051 1388 1091 τῶν
1413 1051 1579 1092 θυσιῶν

84 1114 155 1155 καὶ
178 1109 438 1169 ἐδαπάνησεν
458 1113 615 1168 αὐτὰς,
654 1106 761 1160 ὥστε
782 1113 1011 1171 θαυμάσαι
1033 1113 1195 1167 πάντας
1213 1117 1283 1160 καὶ
1304 1115 1482 1169 δοξάσαι
1502 1118 1617 1164 τόνΒ

82 1181 188 1225 θεὸν
201 1182 299 1238 μετ’
321 1183 456 1240 εὐχῆς.

28 1256 75 1291 15
181 1249 243 1295 ‘H
266 1257 343 1296 τοῦ
363 1253 524 1311 Ἔσδρα
553 1253 696 1312 γραφὴ
727 1255 942 1298 τελευταία
972 1249 1079 1299 οὖσα
1109 1258 1195 1300 τῶν
1220 1255 1476 1301 ἔνδιαθέτων
1505 1261 1576 1313 βι-

82 1321 214 1375 βλίων
230 1327 308 1379 τῆς
325 1327 513 1375 παλαιᾶς
523 1321 806 1368 θεοπνεύστου
823 1330 990 1383 γραφῆς
1006 1325 1164 1383 ἤρξατο
1185 1329 1262 1381 τῆς
1283 1326 1471 1385 ἱστορίας
1491 1326 1575 1371 ἀπὸ

83 1395 161 1434 τοῦ
179 1389 235 1449 ιη’
262 1391 379 1444 ξ’τους
400 1397 477 1450 τῆς
494 1396 711 1449 βασιλείας
726 1394 888 1438 Ἰωσίου
907 1397 1114 1450 βασιλέως
1125 1392 1267 1439 Ἰούδα
1285 1398 1355 1439 καὶ
1376 1401 1453 1440 τοῦ
1472 1396 1573 1440 κατ’

83 1460 212 1505 αὐτὸν
231 1460 444 1519 γεγονότος
463 1468 720 1519 θαυμαστοῦ
741 1461 883 1520 πάσχα
901 1463 1139 1509 ὖπάὖτοῦ.
1177 1466 1339 1522 ἱστορεῖ·
1354 1467 1479 1510 δὲκαὶ
1499 1484 1575 1510 πε-

82 1532 124 1588 ρὶ
142 1535 226 1575 τῶν
239 1532 347 1588 μετὰ
367 1537 502 1576 ταῦτα
522 1533 729 1589 βασιλέων
742 1533 882 1578 Ἰούδα
904 1536 972 1577 καὶ
990 1537 1083 1592 περὶ
1101 1539 1178 1591 τῆς
1197 1532 1279 1578 ὕπὸ
1292 1538 1573 1592 Ναβουχοδο-

25 1598 219 1659 Ξονόσωρ
259 1603 484 1659 γεναμένης
521 1605 810 1659 αἰχμαλωσίας
844 1608 922 1648 τοῦ
948 1603 1089 1648 Ἰούδα
1117 1606 1188 1648 καὶ
1215 1605 1465 1662 ἐμπρησμοῦ
1496 1611 1574 1663 τῆς

77 1668 345 1730 Ἰερουσαλὴμ
356 1705 371 1726 ,
410 1674 478 1716 καὶ
500 1671 564 1717 ὅτι
584 1675 675 1732 περὶ
693 1679 770 1731 τῆς
791 1675 858 1717 ἐπὶ
877 1671 1027 1733 ,Κύρου
1048 1674 1270 1732 γενομένης
1286 1674 1475 1733 ἀφέσεως
1493 1681 1571 1719 τοῦ

175 1772 209 1807 1.
236 1769 398 1818 Νέρωνα
420 1784 485 1807 om.
509 1772 554 1807 Β.
572 1805 576 1807 .
658 1770 857 1818 ὑπέμεινεν
873 1784 918 1809 m.
942 1771 1057 1818 Vulgo
1072 1767 1269 1818 ὑπομένοι.
1277 1784 1401 1857 gasan
1425 1779 1479 1810 est
1496 1764 1574 1810 Eu-

174 1818 302 1852 sebius.
428 1817 463 1856 4.
484 1816 685 1864 Ἰουδαίοις
708 1832 774 1856 om.
798 1821 847 1854 G.
976 1822 1034 1855 11.
1064 1818 1253 1866 ἑπιρᾶναι]
1326 1819 1499 1867 ιῤῥεῦσαι
1522 1822 1572 1857 G.

172 1864 267 1900 Vide
285 1866 442 1902 Macoeb.
462 1866 510 1900 ΙΙ.
538 1869 581 1909 1,
604 1868 664 1903 21.
775 1864 960 1913 θύμασιν]
983 1865 1154 1904 &aiam
1175 1868 1251 1902 AB.
1364 1870 1421 1905 12.
1447 1867 1574 1905 ἐπινε-

174 1912 289 1958 φοῦς]
311 1913 427 1959 Vulgo
443 1911 505 1950 ἐπὶ
523 1913 675 1959 νέφους.
766 1916 826 1950 20.
852 1912 1054 1962 γειναμένης
1072 1915 1156 1961 ΑΒ,
1181 1918 1221 1951 ut
1241 1925 1279 1962 p.
1301 1915 1370 1954 171
1390 1926 1423 1952 a.
1451 1916 1523 1953 259
1540 1928 1571 1951 c.

173 1963 212 1994 et
228 1959 320 2006 apud
337 1961 576 2008 Nicephorum
597 1962 693 1997 infra
714 1972 751 2008 p.
772 1960 842 1999 413
858 1962 893 1997 b.

76 2037 169 2083 490,
202 2040 359 2086 reperiet
381 2053 441 2077 eas
460 2041 496 2076 in
523 2053 633 2088 regno
652 2041 805 2077 Neronis
828 2041 1006 2088 expletas,
1040 2042 1107 2077 sub
1127 2052 1198 2088 quo
1223 2039 1378 2077 obsideri
1396 2041 1568 2079 memsa-

77 2086 143 2122 lem
166 2094 314 2134 coepta,
337 2089 489 2123 secundo
509 2096 632 2134 postea
649 2089 857 2135 Vespasiani
877 2101 965 2124 auno
983 2089 1135 2136 eapitur.

170 2135 334 2182 Epistola
362 2135 407 2170 ad
424 2136 572 2171 Iudaeos
590 2136 743 2182 Aegypti
767 2136 897 2171 incolas
917 2136 1002 2171 data
1024 2139 1062 2171 et
1078 2135 1368 2171 Maccahaeorum
1385 2135 1478 2171 libro
1507 2149 1567 2172 se·

77 2181 189 2216 cundo
213 2182 348 2217 inserta
363 2182 408 2217 de
426 2183 595 2218 Neemiae
620 2183 731 2229 gestis
748 2187 898 2225 tractat3
920 2188 963 2218 ut
979 2182 1083 2217 altari
1099 2182 1256 2218 nimitum
1272 2182 1470 2229 temploque
1486 2195 1565 2219 ere·

77 2227 146 2263 ctis
165 2240 267 2264 sacra
284 2229 442 2264 facturus
460 2230 504 2264 ad
532 2235 673 2275 puteum
688 2230 802 2271 illum,
826 2242 913 2276 quo,
937 2241 982 2264 ex
998 2229 1199 2265 Hieremiae
1211 2229 1374 2271 consilio,
1400 2231 1566 2266 sacerdo·

79 2279 135 2310 tes
154 2275 289 2322 antiqui
306 2276 420 2322 ignem
438 2288 481 2310 ex
501 2276 605 2312 altari
620 2282 802 2323 acceptum
820 2277 1077 2323 deposuerant,
1099 2281 1244 2323 nepotes
1263 2287 1382 2312 eorum
1403 2282 1441 2312 et
1460 2289 1564 2322 prae-

79 2327 195 2356 sentes
215 2326 374 2368 posteros
390 2335 514 2368 rogum
532 2324 717 2359 sacrificiis
737 2329 855 2370 aptum
878 2323 960 2359 inde
978 2323 1046 2359 sibi
1068 2329 1251 2370 paraturos
1266 2324 1420 2366 miserit3
1453 2336 1563 2369 eoque

79 2369 231 2415 profecti
257 2381 303 2403 ne
320 2369 413 2415 ignis
435 2371 573 2415 quidem
604 2371 809 2412 scintillam,
844 2370 907 2406 sed
927 2382 1051 2417 aquam
1069 2370 1242 2407 duntaxat
1257 2370 1403 2405 lutosam
1428 2371 1564 2406 retule-

78 2415 170 2456 rint3
193 2426 237 2450 ea
251 2415 359 2451 nihilo
385 2417 498 2452 secius
529 2418 575 2452 ad
593 2418 762 2452 Neemiae
787 2417 918 2452 iussum
935 2417 1075 2464 prolata
1097 2421 1136 2453 et
1157 2419 1330 2453 exhausta
1353 2417 1459 2462 lignis
1481 2418 1566 2451 sub-

77 2462 249 2508 iectisque
271 2463 420 2498 victimis
439 2464 761 2509 superinfunditur3
786 2476 866 2499 mox
886 2476 972 2500 vero
990 2464 1066 2499 sole
1085 2477 1106 2499 e
1118 2464 1291 2500 nubecula
1310 2464 1430 2499 radios
1448 2464 1566 2498 eiacu-

78 2509 195 2551 lante‚
219 2509 344 2554 ingens
371 2510 409 2544 in
429 2510 591 2546 victimas
616 2511 750 2546 exarsit
770 2511 927 2554 flamma,
959 2523 1051 2558 quae
1075 2516 1220 2547 cunetas
1244 2510 1438 2556 absorpsit;
1473 2510 1563 2544 unde

76 2556 288 2638 ἓᾱεῑαὲιὲἓιιω
305 2556 427 2592 animis
441 2562 563 2592 enatus
571 2563 696 2605 stupor
705 2562 743 2593 et
751 2557 919 2594 communi
935 2557 1083 2594 omnium
1099 2570 1161 2595 ore
1176 2563 1295 2605 grates
1313 2569 1389 2592 cum
1402 2556 1563 2603 precibus

102 2614 143 2637 eo
156 2614 175 2637 r
246 2603 327 2639 ‘tae

170 2649 268 2685 Inter
286 2649 460 2696 legitimos
476 2649 608 2685 veteris
627 2653 666 2686 et
688 2662 710 2686 a
721 2650 796 2687 deo*
812 2651 937 2688 traditi
962 2651 1163 2687 testamenti
1183 2651 1289 2686 libros
1307 2649 1445 2684 Esdrae
1464 2647 1563 2682 volu·

75 2707 155 2731 men
174 2702 382 2742 postremum
400 2703 497 2732 tenet
515 2697 669 2732 ordinem
686 2703 725 2734 et
749 2700 795 2734 ab
814 2700 931 2735 Iosiae
948 2700 1045 2745 regis
1070 2711 1159 2735 anno
1187 2700 1232 2734 18
1258 2703 1294 2731 et
1311 2695 1460 2730 laudatis
1479 2694 1560 2729 olim

75 2742 152 2778 eius
166 2749 324 2790 tempore
341 2745 563 2790 paschalibus
588 2744 764 2781 solemniis
783 2746 952 2782 historiae
970 2746 1097 2781 statuit
1115 2744 1341 2791 principium
1366 2742 1410 2775 de
1432 2752 1560 2795 seqjffl·

74 2789 124 2824 fis
148 2801 287 2836 quoque
311 2791 400 2826 Iuda
423 2791 565 2837 regibus
580 2796 618 2826 et
640 2791 752 2828 eidem
773 2805 883 2839 regno
898 2806 920 2829 a
936 2793 1259 2830 Nabuchodonosor
1280 2789 1380 2822 illata
1408 2787 1559 2833 capturi-

73 2840 172 2878 tate,
195 2836 309 2883 deque
333 2838 552 2873 Hierusalem
572 2837 734 2875 incendio
755 2841 988 2876 narrationem
1010 2840 1137 2880 insert3
1170 2848 1247 2871 mox
1271 2834 1316 2869 ad
1345 2845 1444 2876 eam,
1467 2845 1560 2879 ‘1⁰⁸0

75 2894 119 2919 ex
131 2883 331 2920 Hieremiae
346 2885 488 2920 oraculo
509 2885 643 2921 exactis
661 2891 743 2934 post
758 2886 889 2924 Ioaeim
908 2899 1032 2924 annum
1046 2885 1082 2930 4,
1107 2884 1188 2922 alii»
1202 2884 1261 2925 70,
1277 2881 1343 2916 aab
1352 2881 1448 2927 Cyro
1462 2881 1558 2917 facta
