1800 3236
212 198 310 247 132
337 230 345 242 -,
677 202 929 275 GEORGII
957 199 1246 247 SYNCELLI

206 316 281 361 τὸν
303 313 489 371 ’Άμωσιν
511 317 679 373 πρῶτον
697 313 877 371 βασιλέα
908 312 1007 358 κατ’
1043 312 1173 357 αὖτὸν
1193 312 1262 355 καὶ
1283 309 1394 366 κατὰ
1414 310 1489 355 τὸν
1517 309 1725 367 Εὗσέβιον

207 391 285 443 τῆς
315 383 369 443 ιη’
404 387 653 436 δυναστείας
689 383 812 441 μόλις
839 382 896 428 κε’
923 381 1092 442 χρόνοις
1120 382 1296 440 ὕστερον
1317 379 1566 440 καταλήγει.
1613 381 1724 431 ’ὕπο--Ὶ

209 458 390 501 λείπεται
422 456 473 512 δὴ
496 455 642 499 λοιπὸν
662 453 761 511 ἡμῖν
784 456 1023 511 λογίζεσθαι
1044 453 1118 497 τὸν
1139 454 1203 499 ἐπὶ
1224 449 1400 509 Ὠγύγου
1425 453 1730 513 κατακλυσμὸν,

214 529 278 571 ἐπὶ
306 523 780 585 Μισφραγμουθώσεως
810 525 1016 581 γεγονέναι
1048 527 1226 580 μᾶλλον,
1259 522 1330 581 ἐφ’
1358 516 1408 566 οὗ
1429 525 1499 566 καὶ
1527 526 1726 580 Μωῢσῆς

210 597 321 641 καθ’
354 595 468 653 ἡμᾶς
497 597 565 639 καὶ
597 595 750 646 ἄλλους
781 594 1103 652 ἀκριβεστέρους
1139 590 1439 652 ἕκπεπόρευται
1475 598 1553 650 τῆς
1582 592 1754 652 Ami-5

211 686 319 712 πτου
349 667 426 710 σὺν
446 670 506 725 τῷ
526 669 630 724 λαῷ,
671 663 771 723 ὅπερ
784 665 1049 724 Ἀφρικανὸς,
1087 661 1311 722 συγγνώτω
1331 682 1420 719 μοι,
1460 662 1727 723 διαπορήσας

213 739 307 783 ἀντὶ
340 741 415 781 τοῦ
452 737 516 778 ἐπὶ
547 733 724 792 Ὠγύγου
761 736 835 779 τὸν
866 737 930 779 ἐπὶ
950 737 1244 786 Δευκαλίωνος
1264 734 1421 793 εἴρηκεν
1443 732 1581 795 ἑαυτῷ
1607 735 1725 778 ἄντι-

212 810 386 853 πίπτων.
437 807 504 849 καὶ
534 805 644 849 οὕτω
674 806 751 862 μὲν
780 806 821 849 ἓν
854 804 992 866 τούτῳ
1027 804 1256 864 διήμαρτεν
1289 804 1337 849 οὗ
1372 803 1732 863 συλλογισάμενος,

174 879 399 936 Βᾶκριβῶς
428 875 491 920 ὅτι
524 877 710 934 ,Κέκροψ
737 874 757 920 ὃ
792 877 946 935 διφυὴς
975 879 1043 920 καὶ
1062 877 1266 935 Κραναὸς
1297 876 1337 920 οἱ
1356 879 1515 932 πρῶτοι
1536 881 1725 933 βασιλεῖς

73 954 120 989 V.
142 953 189 989 57
210 949 447 1004 Ἀθηναίων
465 947 572 1003 μετὰ
596 946 801 1005 ’Ώγυγον,
842 948 916 1007 ἐφ’
950 942 1008 991 ὧν
1028 950 1098 991 καὶ
1133 945 1153 991 ὃ
1186 949 1252 991 ἐπὶ
1270 949 1567 998 Δευκαλίωνος
1585 947 1723 1005 γέγονε
1738 953 1783 989 10

211 1017 506 1074 κατακλυσμὸς
543 1017 586 1060 ἐν
622 1018 855 1079 Θετταλία,
893 1019 1001 1075 μετὰ
1018 1016 1455 1076 ΖΙἸισφραγμούθωσιν
1484 1012 1594 1074 ἦσαν
1617 1016 1725 1075 χρό-

211 1107 299 1140 νοις
334 1088 509 1146 ὕστερον
548 1086 824 1145 τούλάχιστον
860 1087 945 1147 ρν’,
987 1087 1044 1140 ὡς
1075 1089 1203 1140 αὐτὸς
1240 1092 1471 1147 μαρτυρῶν
1506 1088 1725 1132 ἀποδέδει-

213 1177 320 1204 κται.
369 1163 517 1216 σαφῶς
548 1159 601 1215 δὴ
633 1158 676 1202 ἔκ
709 1177 753 1203 τε
783 1164 870 1204 τῶν
889 1160 1097 1216 Εὖσεβιόυ
1127 1162 1456 1218 παραλογισμῶν
1488 1158 1595 1217 πρὸς
1625 1158 1726 1210 τοὺς

211 1231 426 1290 βελτίονας
448 1229 578 1273 αὐτοῦ
589 1263 602 1284 ,
644 1228 707 1281 οἷς
742 1229 998 1275 ἀντιπι’πτων
1027 1229 1283 1289 ἀμαρτύρως
1304 1229 1356 1273 τὰ
1378 1231 1587 1273 δοκοῦντα
1608 1229 1724 1290 αὐτῷ

213 1301 495 1358 συνέγραψεν,
535 1300 578 1343 ἔκ
623 1318 667 1344 τε
705 1305 790 1344 τῶν
811 1301 1053 1361 Ἀφρικανῷ
1083 1301 1355 1358 λελεγμένων,
1398 1299 1543 1358 ὃρθῶς
1570 1301 1647 1356 μὲν
1680 1301 1724 1344 ἓν
1739 1310 1783 1346 15

213 1369 276 1422 οἷς
316 1368 593 1430 ε’μμαρτύρως
640 1371 776 1429 εἶ’ρηκε
819 1372 929 1415 κατὰ
965 1371 1134 1428 Ἴναχον
1172 1373 1242 1426 καὶ
1290 1371 1493 1430 Φορωνέα
1528 1371 1726 1428 γενέσθαι

212 1442 431 1495 Μωϋσέα,
471 1443 786 1499 διηπορημένως
832 1444 878 1486 δὲ
908 1443 950 1486 ἓν
986 1441 1049 1494 οἷς
1077 1441 1104 1499 ’ἢ
1142 1442 1235 1487 νέον
1264 1442 1393 1486 αὐτὸν
1425 1442 1491 1484 ἐπὶ
1517 1439 1726 1497 Ἀμώσιος

213 1509 314 1555 εἶναι
341 1511 673 1569 κατηναγκάσθη
693 1512 810 1570 παρὰ
830 1518 905 1569 τῆς
931 1514 1136 1570 ἀληθείας
1158 1513 1313 1571 φάναι,
1352 1511 1380 1569 ’ἢ
1401 1515 1478 1568 τῆς
1500 1510 1723 1569 Αἰγύπτου

175 1582 548 1641 Οέκπορευθηναι,
589 1583 776 1641 παρέστη
804 1582 905 1640 ἡμῖν
936 1583 998 1627 ὅτι
1030 1585 1095 1627 ἐπὶ
1117 1580 1596 1643 ,Μισφραγμουθώσεως
1620 1580 1725 1639 ἦγή-

1616 1650 1721 1669 <vx

213 1670 318 1696 σατο
351 1657 426 1698 τοῦ
454 1657 584 1707 λαοῦ,
624 1657 699 1697 τοῦ
727 1655 798 1696 καὶ
819 1652 1052 1711 Ἀμῶσιος,
1090 1656 1160 1698 καὶ
1180 1655 1244 1701 ὅτι
1265 1653 1335 1699 ἐπ’
1363 1653 1496 1698 αὐτοῦ
1519 1654 1589 1697 καὶ
1610 1671 1631 1697 ο
1657 1664 1781 1699 επιΞΟ

204 1721 384 1782 Ὠγύγου
406 1723 540 1781 γέγονε
560 1723 869 1781 κατακλυσμός.

306 1848 342 1884 2.
364 1843 516 1893 χρόνοις
538 1848 579 1883 Β.
612 1845 773 1895 χρόνους
797 1849 847 1884 G.
950 1850 985 1886 7.
1021 1846 1086 1884 ἐπὶ
1116 1845 1370 1887 δευκαλίωνος
1389 1845 1432 1884 Β.
1485 1846 1621 1883 Aberat
1649 1845 1722 1883 ἐπὶ.

379 1895 524 1940 εἴρηκεν
536 1909 579 1931 m.
615 1897 807 1943 εἰρηκέναι
831 1896 880 1931 G.
987 1891 1215 1932 οἶντιπίπτον
1238 1895 1282 1931 Β.
1400 1896 1435 1930 9.
1461 1893 1626 1941 nocituros
1646 1896 1721 1930 AB.

359 1953 367 1966 s
381 1945 437 1978 10.
464 1937 516 1978 ὧν
532 1945 573 1978 Β.
595 1940 638 1980 ὃν
657 1946 706 1981 G.
791 1941 970 1988 llfustoi]
988 1943 1053 1980 καὶ
1072 1941 1166 1988 μετὰ
1191 1942 1241 1976 G.
1321 1935 1419 1988 ἦσαν
1435 1941 1510 1977 Bm.
1534 1939 1653 1988 ἤγουν
1673 1943 1721 1976 G.

381 1989 438 2025 14.
463 1987 583 2027 αὐτοῦ
601 1994 676 2028 Bm.
702 1988 829 2028 αὐτῶν
848 1992 897 2027 G.
990 1993 1047 2028 15.
1073 1988 1296 2036 λελεγμένων
1312 1989 1355 2025 Β.
1380 1987 1589 2036 λεγομένων
1614 1991 1662 2025 G.

309 2035 367 2072 19.
394 2037 573 2085 παρέστη]
599 2038 829 2087 πάρεστιγθτ.

214 2140 312 2184 eius,
337 2144 410 2178 tum
437 2155 479 2178 ex
501 2144 646 2180 Eusebii
672 2144 870 2188 sententia,
892 2143 955 2180 vix
984 2142 1085 2178 annis
1113 2144 1160 2180 25
1179 2154 1324 2189 regnum
1351 2141 1566 2188 postmodum
1593 2141 1720 2177 tenuit.

214 2188 386 2233 Superest
401 2190 521 2236 itaque
547 2192 753 2239 Ogygaeum
777 2192 944 2228 diluvium
962 2192 1027 2226 sub
1048 2190 1406 2241 Misphragmuthosi‚
1433 2190 1533 2225 cuius
1551 2194 1722 2235 tempore,

214 2241 321 2280 prout
338 2238 437 2272 nobis
463 2239 609 2285 aliisque
631 2240 777 2275 oculatis
800 2240 1000 2276 auctoribus
1028 2239 1182 2284 placuit,
1206 2250 1282 2273 cum
1307 2237 1438 2285 populo
1455 2237 1574 2272 Moses
1600 2249 1723 2282 egres-

215 2293 274 2316 sus
291 2289 345 2317 est
371 2297 414 2319 ex
433 2286 615 2332 Aegypto,
646 2287 858 2333 contigisse3
882 2287 919 2322 in
946 2298 1033 2333 quo,
1059 2298 1148 2332 pace
1174 2286 1287 2332 ipsius
1320 2286 1462 2327 dixero,
1487 2284 1606 2331 lapsus
1624 2284 1722 2318 Afri-

215 2341 322 2364 canus
339 2343 381 2365 ac
399 2332 537 2368 sibimet
553 2334 621 2380 ipsi
639 2347 859 2381 repugnans,
887 2334 1009 2381 Ogygi
1028 2334 1106 2368 vice
1126 2333 1373 2368 Deucalionem
1391 2332 1574 2378 scripsisse
1592 2331 1721 2377 depre-

214 2375 388 2412 henditur.
435 2380 631 2427 Propterea
651 2383 702 2417 illi
732 2383 866 2418 modico
891 2382 1051 2417 examine
1068 2393 1130 2416 uso
1149 2393 1218 2415 non
1239 2381 1328 2415 levis
1347 2391 1446 2415 error
1465 2379 1636 2414 admissus
1654 2382 1721 2420 est,

215 2434 279 2458 ceu
294 2425 405 2460 minus
422 2429 614 2463 attendenti
632 2430 761 2476 primos
782 2429 1042 2465 Atheniensium
1065 2441 1169 2474 reges
1185 2428 1356 2474 geminum
1377 2430 1504 2462 natura
1523 2427 1720 2471 Cecropem

215 2475 252 2504 et
268 2471 462 2516 Cranaum‚
489 2476 585 2510 cuius
607 2481 766 2524 tempore
784 2474 1006 2512 Deucalionis
1024 2475 1204 2510 inundatio
1227 2479 1456 2516 memoratur,
1481 2474 1587 2519 longo
1602 2473 1720 2507 inter-

214 2517 306 2553 vallo
327 2521 456 2566 Ogygo
473 2526 509 2557 et
532 2523 866 2571 Misphragmuthosi
892 2524 991 2559 annis
1013 2523 1056 2558 ad
1077 2524 1187 2558 minus
1207 2525 1276 2559 150
1297 2523 1407 2557 fuisse
1424 2522 1655 2566 posteriores,
1680 2523 1726 2556 ut.

213 2567 365 2601 testatus
394 2568 429 2602 iu
453 2581 491 2604 se
521 2570 643 2616 ipsum,
669 2573 938 2607 demonstratur.
986 2572 1044 2606 Ex
1063 2570 1212 2606 Eusebii
1234 2570 1345 2616 igitur
1374 2567 1720 2610 hallucinationibus,

215 2623 300 2658 quas
328 2615 539 2652 reclamante
568 2620 789 2664 probatorum
823 2625 1001 2655 auctorum
1032 2619 1191 2665 agmine,
1217 2618 1380 2663 nulloque
1412 2627 1497 2650 suae
1522 2615 1720 2651 sententiae

207 2662 306 2695 teste
324 2663 509 2707 producto,
535 2666 711 2711 congessit
725 2666 763 2702 in
779 2679 901 2709 unum3
927 2678 970 2701 ex
992 2665 1150 2701 Africani
1167 2677 1304 2711 quoque
1321 2663 1439 2704 dictis,
1462 2669 1560 2697 recte
1577 2661 1719 2708 quidem

212 2718 284 2752 qua
304 2719 373 2742 non
393 2709 469 2744 sine
486 2712 694 2748 testimoniis
713 2715 843 2749 Inacho
862 2715 1119 2760 Phoroneoque
1137 2717 1359 2747 coaetaneum
1381 2710 1507 2745 Mosen
1526 2709 1638 2756 ponit,
1663 2708 1719 2743 in·-

211 2758 309 2789 certo
329 2768 414 2791 vero
435 2770 505 2803 qua
523 2760 667 2795 veritati
685 2761 889 2797 adversatus
901 2786 911 2805 ,
934 2761 992 2796 vel
1011 2773 1087 2796 eum
1107 2761 1199 2795 inter
1216 2760 1364 2801 iuvenes
1382 2757 1496 2792 adhuc
1515 2757 1581 2791 sub
1599 2756 1719 2792 Amosi
1759 2800 1763 2804 Δ

210 2801 378 2856 relatum,
406 2805 461 2839 vel
482 2818 525 2840 ex
549 2809 713 2854 Aegypto
742 2810 960 2855 profectum,
986 2812 1131 2843 coactus
1156 2811 1212 2843 est
1225 2817 1403 2848 asserere3
1427 2808 1591 2850 superest
1616 2803 1717 2839 nobis

208 2846 586 2897 Ifflsphragmutlxosis,
613 2856 673 2901 qui
705 2860 742 2890 et
769 2856 924 2898 Amosis,
959 2860 1077 2891 aetate
1106 2855 1228 2890 ducem
1264 2852 1385 2901 populi
1413 2863 1492 2887 eum
1518 2851 1717 2886 institutum

207 2896 410 2978 sprilbamus,
426 2904 462 2934 et
473 2900 680 2948 Ogygaeu‘m
699 2902 869 2939 diluvium
886 2902 1006 2939 eodem
1022 2902 1215 2950 superstite
1230 2900 1423 2948 contigisse
1433 2898 1617 2936 manifesto
1633 2910 1718 2934 con-

206 2954 226 2977 c
241 2955 261 2978 u
288 2955 395 2981 amus.
