1800 3236
241 140 345 191 634
723 146 976 195 GEORGII
1004 147 1288 195 SYNCELLI

241 259 388 310 λυθεὶς
414 259 484 303 καὶ
513 262 590 316 τῆς
617 263 812 319 φρουρᾶς
833 259 1050 317 ἐξηνέχθη.
1089 259 1188 304 ἀλλ’
1214 262 1250 305 εἶ
1269 260 1347 318 μὲν
1365 262 1458 323 περὶ
1480 265 1558 308 τοῦ
1576 259 1746 322 πρῶτον

239 326 467 374 ἐπισκόπου
492 326 794 389 Ἱεροσολύμων
819 335 955 374 ταῦτα
973 337 1129 375 νοεῖται
1144 323 1347 388 Ἰακώβου
1365 337 1442 377 τοῦ
1462 332 1744 392 ἄδελῳοθέου,

235 400 471 446 ἀντιπίπτει
498 405 558 460 τῷ
590 401 827 459 ἱστοροῦντι
858 398 967 461 λόγῳ
1000 400 1109 445 κατὰ
1136 401 1184 446 τὸ
1206 401 1246 459 η’
1276 402 1368 455 ἴτος
1385 403 1605 462 Νέρωνος,
1645 403 1746 462 ὅπερ

238 466 293 529 ἦν
324 475 400 529 τῆς
432 469 563 514 αὐτοῦ
595 472 823 528 ἐπισκοπῆς
850 470 944 523 ἔτος
971 489 1053 515 που
1084 469 1146 527 λ’,
1185 475 1325 526 λίθοις
1340 472 1422 519 ὖπό
1443 474 1659 519 Ἰουδαίων
1678 477 1747 519 καὶ

233 546 424 602 γναφικῷ
451 538 561 601 ξύλῳ
597 541 877 600 ἀναιρεθῆναι
886 576 900 597 ,
937 541 1021 587 ἀπὸ
1051 546 1129 587 τοῦ
1155 547 1377 603 πτερυγίου
1401 545 1776 602 καταβληθέντα,5

198 611 297 666 οῶς
318 613 388 656 καὶ
411 610 538 664 αὐτὸς
558 611 761 669 Εὐσέβιος
781 614 825 658 ἐν
843 617 904 676 τῷ
923 611 1066 658 κανόνι
1084 614 1296 674 παρέθετο
1312 630 1321 640 ·
1360 617 1397 661 εἰ
1417 617 1463 661 δὲ
1482 618 1576 677 περὶ
1596 615 1743 672 ἄλλον,

234 681 354 743 ὑγιὴς
374 680 397 728 ὃ
419 679 558 742 λόγος.

81 818 126 854 v,
150 818 223 858 267
689 803 960 848 KOEMOY
989 804 1123 847 ETH
1152 800 1295 865 ,εφνγ’.

613 899 705 953 Τῆς
740 897 864 949 θείας
899 893 1152 956 σαρκώσεως
1186 896 1257 954 ἴτη
1293 894 1369 956 νγ’.

287 979 519 1042 Εὖσεβίου
548 981 598 1029 ἐκ
625 986 710 1029 τοῦ
739 982 782 1042 β’
810 981 953 1043 λόγου
980 990 1060 1043 τῆς
1089 985 1454 1045 ἐκκλησιαστικῆς
1483 985 1697 1042 ἱστορίας.
1759 997 1800 1032 10

334 1072 346 1089 ἱ
426 1075 448 1085 u
594 1069 608 1086 ἱ
674 1070 686 1087 ἱ
845 1069 857 1088 Ι
1060 1077 1080 1087 n
1242 1074 1253 1091 ἱ
1278 1073 1290 1089 7
1326 1070 1337 1088 Ι
1546 1073 1560 1090 ἱ
1634 1072 1647 1088 Ί

238 1073 348 1131 Περι
387 1088 473 1116 των
503 1088 613 1116 κατα
640 1089 716 1117 τον
741 1090 951 1132 μακαριον
977 1075 1157 1118 Παυλον
1184 1091 1253 1117 και
1285 1076 1478 1128 Ιακωβον
1513 1091 1587 1118 τον
1623 1074 1748 1116 αδελ-

904 1141 1081 1202 φόθεον.

346 1220 514 1268 Τούτου
532 1224 578 1268 δὲ
600 1227 772 1281 Φῆστος
792 1221 987 1281 διάδοχος
1006 1222 1090 1269 ὑπὸ
1109 1224 1308 1282 Νέρωνος
1326 1225 1543 1281 πέμπεται,
1563 1223 1677 1269 καθ’
1700 1222 1748 1268 ’ὂν

237 1292 658 1352 δικαιολογησάμενος
673 1292 883 1347 ὅΠαῢλος
895 1295 1065 1352 δέσμιος
1083 1296 1149 1339 ἐπὶ
1165 1294 1329 1354 Ῥώμην
1350 1295 1505 1354 ἄγεται.
1520 1295 1747 1355 Ἀρίσταρ-

199 1374 316 1419 Βχος
346 1363 462 1425 αὐτῷ
490 1369 644 1422 συνῆν,
681 1364 731 1410 ὃν
761 1367 831 1410 καὶ
859 1364 1028 1418 εἰκότως
1058 1365 1405 1424 συναιχμάλωτόν
1436 1386 1518 1412 που
1552 1370 1637 1410 τῶν
1657 1367 1746 1409 ἓπι-
1760 1375 1800 1411 15

235 1438 401 1479 στολῶν
438 1433 588 1494 γράφει
624 1436 845 1494 παραδοὺς
890 1437 933 1481 ἐν
967 1434 1135 1489 τούτοις
1166 1442 1402 1482 καταλῦσαι
1435 1438 1514 1496 τὴν
1542 1434 1746 1495 ἱστορίαν,

236 1506 392 1549 διετίαν
424 1504 528 1563 ὅλην
569 1507 634 1549 ἐπὶ
670 1511 747 1564 τῆς
772 1505 936 1565 Ῥώμης
963 1507 1037 1552 τὸν
1068 1511 1250 1552 Παῦλον
1270 1508 1416 1553 ἄνετον
1434 1511 1657 1567 διατρῖψαι
1679 1508 1749 1551 καὶ

236 1574 310 1620 τὸν
331 1580 407 1620 τοῦ
429 1581 535 1621 θεοῦ
555 1574 681 1635 λόγον
702 1575 927 1630 ἀκωλύτως
949 1581 1125 1638 κηρῦξαι
1145 1577 1519 1638 ἐπισημηνάμενος.
1557 1576 1653 1623 τότε
1671 1578 1748 1640 μὲν

331 1712 366 1748 1.
389 1711 475 1756 περὶ
498 1712 572 1750 ΒΡ.
595 1714 683 1761 πρῶ
704 1713 752 1750 G.
871 1715 907 1753 5.
939 1711 1032 1761 ἀπὸ]
1059 1712 1136 1751 ὑπὸ
1158 1715 1203 1751 Β.
1331 1717 1366 1753 9.
1398 1716 1533 1753 Aberat
1552 1712 1630 1762 ἔτη.
1662 1712 1746 1757 ἔτος

330 1758 413 1794 add.
435 1761 477 1795 Β.
574 1762 630 1798 10.
656 1759 706 1808 β’]
732 1761 821 1808 cap.
839 1764 899 1798 22.
997 1765 1050 1799 11.
1077 1764 1153 1799 τῶν
1166 1764 1209 1799 Β.
1233 1761 1300 1800 τὸν
1322 1765 1371 1799 G.
1467 1765 1524 1801 13.
1550 1767 1684 1809 φῖστος
1702 1764 1743 1798 Α.

331 1809 467 1854 (pistos
492 1807 533 1842 Β.
643 1810 698 1846 15.
725 1823 803 1846 που
824 1810 916 1855 τῶν]
942 1810 1058 1857 Vulgo
1080 1808 1246 1847 πάντων.
1283 1811 1490 1847 Con-ectum
1511 1822 1555 1846 ex
1575 1810 1743 1846 Eusebio.

401 1855 457 1891 16.
479 1851 618 1901 γράφει
636 1855 858 1903 παραδοὺς]
885 1858 988 1905 Apud
1013 1859 1203 1893 Eusebium
1221 1861 1276 1893 est
1295 1855 1482 1896 ἀποκαλεῖ
1493 1870 1501 1879 ·
1520 1858 1584 1894 καὶ
1593 1858 1745 1900 Λουκᾶς

330 1898 374 1937 δὲ
403 1900 423 1938 ὃ
452 1900 520 1945 τοὶς
547 1903 700 1948 πράξεις
718 1906 794 1942 τῶν
811 1903 1031 1944 ἀποστόλων
1050 1907 1180 1954 γραφῇ
1197 1904 1411 1954 παραδοῦς.
1521 1904 1743 1950 καταλῦσαι]

330 1948 506 1989 κατέλυσε
524 1951 713 1988 Eusebius.

237 2078 380 2114 quoque
403 2067 530 2104 fuisset
546 2068 703 2105 eductus.
756 2070 859 2112 Quae
876 2072 974 2106 certe
996 2069 1026 2107 si
1043 2069 1089 2106 de
1106 2070 1217 2118 primo
1236 2069 1555 2118 Hierosolymorum
1574 2069 1740 2117 episcopo

237 2115 366 2150 Iacobo
384 2116 495 2151 fratre
522 2115 651 2152 domini
672 2123 815 2153 narrata
833 2122 934 2164 putet
952 2130 1020 2153 non
1039 2130 1136 2153 nemo
1149 2144 1160 2162 ‚
1184 2119 1215 2154 is
1245 2118 1413 2154 historiae
1442 2123 1567 2153 octavo
1586 2118 1740 2153 Neronis

239 2173 353 2204 anno,
376 2163 437 2208 qui
457 2163 682 2210 episcopatus
703 2165 822 2200 Iacobi
842 2168 889 2202 30
906 2166 995 2208 fuit,
1024 2165 1200 2212 lapidibus
1219 2178 1296 2201 eum
1326 2170 1362 2200 et
1381 2165 1519 2200 fullonis
1538 2166 1635 2200 fuste
1657 2177 1741 2200 con-

239 2213 354 2244 tusum
365 2235 377 2252 ‚
402 2214 439 2245 et
457 2222 477 2245 e
494 2211 614 2257 templi
634 2211 776 2258 fastigio
805 2213 1030 2259 praecipitem
1047 2217 1164 2249 actum
1176 2238 1188 2255 ,
1213 2217 1252 2247 ut
1269 2212 1448 2248 Eusebius
1469 2223 1608 2259 quoque
1624 2212 1661 2247 in
1679 2224 1740 2248 ca·-

240 2267 329 2292 none
355 2257 525 2311 tfadidit,
558 2259 726 2295 referenti
756 2259 1027 2304 adversabitur;
1058 2260 1115 2295 sin
1142 2261 1188 2296 de
1215 2260 1285 2296 alio
1310 2258 1491 2296 intellecta
1520 2259 1630 2303 velit,
1661 2259 1739 2296 eius

239 2309 414 2340 sententia
430 2316 516 2341 sana
532 2310 599 2343 est.

714 2377 868 2418 ANNI
897 2378 1100 2419 MUNDI
1130 2378 1260 2423 5553.

658 2445 821 2482 D1v1mn
854 2446 1141 2483 IncAuNAm-mms
1172 2458 1234 2483 AN.
1257 2447 1316 2484 53.

383 2516 447 2557 Ex
476 2516 640 2557 Eusebii
678 2518 784 2559 libro
815 2520 994 2558 seeundo
1025 2519 1076 2559 de
1106 2519 1379 2559 ecclesiastica
1407 2518 1590 2562 historia.

474 2597 530 2634 De
552 2597 595 2636 B.
620 2598 724 2633 Pauli
747 2601 784 2633 et
806 2597 925 2634 Iacobi
949 2598 1077 2635 domini
1100 2599 1224 2635 fratris
1247 2600 1354 2635 rebus
1378 2599 1502 2646 gestis.

331 2666 448 2703 Huius
470 2667 654 2714 (Felicis)
673 2679 855 2703 successor
874 2669 1003 2704 Festus
1022 2681 1043 2704 a
1063 2670 1207 2706 Nerone
1224 2671 1394 2713 mittitur,
1418 2669 1463 2706 ad
1494 2668 1593 2704 cuius
1621 2667 1735 2703 tribu·

236 2714 315 2756 nai,
341 2725 470 2751 causae
488 2715 650 2762 propriae
671 2715 874 2751 defensione
893 2723 1078 2764 suscepta,
1103 2718 1233 2753 Paulus
1251 2717 1398 2754 vinculis
1415 2716 1568 2752 traditus
1591 2715 1733 2751 Romam

236 2761 434 2799 deducitur.
481 2763 615 2799 Aderat
642 2762 676 2799 ei
698 2763 943 2806 Aristarchus,
967 2777 1068 2811 quem
1096 2766 1339 2812 concaptivum
1367 2764 1483 2811 aliquo
1509 2762 1734 2810 epistolarum

236 2819 377 2844 suarum
394 2810 472 2845 loco
489 2810 567 2847 iure
580 2816 768 2857 nuncupat.
815 2811 930 2847 Lucas
946 2818 1060 2847 autem
1079 2818 1214 2848 actuum
1233 2811 1467 2860 apostolorum
1487 2816 1609 2846 auctor
1623 2809 1734 2844 histo·

239 2855 315 2891 riae
332 2855 377 2891 ad
393 2857 460 2893 hoc
477 2861 618 2906 tempus
634 2858 806 2894 deductae
829 2858 933 2894 finem
959 2859 1126 2906 imponit,
1150 2872 1226 2896 cum
1257 2860 1393 2895 demum
1411 2858 1555 2894 Paulum
1583 2855 1735 2892 vinculis

238 2902 385 2940 liberum
411 2904 551 2942 biennio
579 2905 717 2953 integro
745 2905 876 2943 Romae
904 2912 1072 2943 moratum
1102 2911 1140 2943 et
1166 2907 1259 2945 nullo
1284 2906 1473 2944 resistente
1502 2905 1559 2941 dei
1588 2905 1732 2940 vex-bun
