1800 3236
261 199 365 250 354
732 207 987 254 GEORGII
1015 209 1305 256 SYNCELLI

367 314 668 378 Προεφῆτευον
692 316 713 363 ὃ
739 321 864 364 οῗκῶν
886 320 929 364 ἓν
948 321 1123 377 Βαιθὴλ
1145 323 1215 364 καὶ
1237 319 1258 364 ὃ
1284 322 1351 364 ἐπὶ
1369 324 1446 365 ’τοῦ
1464 312 1775 379 θυσιαστηρίου

225 387 400 448 Βεῦρὼν
430 389 558 433 αὐτὸν
590 387 612 433 ὃ
635 390 679 441 ἕξ
694 388 834 433 Ἰούδα
863 388 1085 448 προφήτης
1104 391 1264 445 ἐλθών,
1303 389 1469 435 θύοντα
1489 398 1583 442 ταῖς
1598 398 1778 449 χρυσαῖς

265 458 496 516 δαμάλεσι,
536 461 605 502 καὶ
642 457 942 517 προφητεύσας
972 461 1087 521 αὐτῷ
1122 463 1215 519 περὶ
1232 461 1393 506 Ἰωσίου
1414 463 1457 513 ἐξ
1475 462 1603 506 ὀἴκου
1630 463 1776 516 Δαβὶδ

264 529 580 587 τεχθησομένου
614 530 821 585 βασιλέως
851 531 920 573 καὶ
951 529 1255 587 ἀναιρήσοντος
1281 532 1381 583 τούς
1400 537 1485 576 τῶν
1515 529 1698 575 εἷδῶλων
1717 532 1774 575 ἴε-

266 608 349 659 ρεῒς
389 602 454 643 ἐπὶ
487 599 536 643 τὸ
567 597 876 657 θυσιαστήριον
918 598 1156 658 ὑπερράγη,
1196 603 1239 645 ἐν
1272 597 1306 661 ᾧ
1326 601 1563 660 ἶΙεροβωάμ
1596 602 1800 650 ἐπέθυε·5

266 674 491 725 συλλαβεῖν
510 670 556 712 δὲ
577 669 707 713 αὐτὸν
733 668 974 727 προστάξας
995 672 1073 728 τὴν
1087 679 1206 729 χεῖρα
1231 674 1482 730 ξηραίνεται,
1521 675 1590 716 καὶ
1611 673 1778 728 δεηθεὶς

265 745 341 785 τοῦ
382 737 604 798 προφήτου
650 738 943 799 θεραπεύεται.
992 740 1014 785 ὅ
1049 743 1095 785 δὲ
1128 741 1350 800 προφήτης
1376 743 1556 787 ἐπανιὼν
1583 741 1664 786 ὕπὸ
1699 746 1777 786 τοῦ

267 811 436 861 λεόντος
468 806 706 868 διεφθάρη,
748 809 811 854 ὅτι
838 812 1009 867 μετέσχε
1029 817 1192 870 τροφῆς
1215 812 1333 871 παρὰ
1351 818 1411 872 τῷ
1434 812 1550 872 ἄλλῳ
1579 811 1779 872 προφήτῃ

267 886 328 941 τῷ
356 882 399 924 ἓν
438 881 611 937 Βαιθὴλ
623 914 636 935 ,
675 880 914 938 ἀπατηθεὶς
940 880 1021 925 ὑπ’
1055 883 1186 926 αὐτοῦ
1197 917 1209 936 ,
1249 882 1295 926 ὃν
1314 885 1383 926 καὶ
1404 882 1608 941 ἐφύλαξεν
1627 881 1648 926 ὃ
1669 883 1775 940 θὴρ,

269 952 347 1002 ἕως
374 951 522 995 ε’λθών,
545 949 566 995 ὃ
588 950 811 1008 ἀπατήσας
834 952 961 996 αὐτὸν
986 958 1213 1011 παρελθεῖν
1236 953 1314 1010 τὴν
1333 956 1454 997 θείαν
1475 953 1646 1011 ἐντολὴν
1669 952 1800 1001 ἔθα-1

230 1034 353 1078 Οψεν
380 1019 521 1066 αὐτόν.
558 1021 635 1073 τὰς
664 1019 740 1065 δύο
756 1028 921 1080 χρυσᾶς
942 1022 1140 1079 δαμάλεις
1162 1024 1231 1068 διὰ
1254 1028 1380 1068 τοῦτο
1406 1025 1597 1080 ἐποίησεν
1607 1058 1622 1078 ,
1658 1022 1778 1068 ἐκκό-

267 1105 351 1149 ψαι
380 1092 545 1146 θέλων,
586 1091 643 1143 ὥς
674 1109 802 1150 φασι,
841 1093 916 1137 τὸν
951 1091 1030 1137 ὑπ’
1056 1094 1186 1138 αὐτὸν
1209 1094 1313 1139 λαὸν
1331 1099 1407 1153 τῆς
1429 1092 1778 1154 εῗςἹερουσαλὴμ.

237 1162 240 1166 “
268 1160 423 1206 ἀνόδου
447 1160 724 1218 ὃἾεροβωάμ.

303 1236 397 1276 Τοῦ
414 1232 584 1289 Ἰσραὴλ
602 1231 646 1288 β’
668 1233 909 1289 ἐβασίλευσε
925 1233 1087 1289 Ναδὰβ
1108 1232 1178 1291 ἔτη
1196 1232 1252 1290 β’.
1274 1240 1350 1280 τοῦ
1371 1236 1416 1280 δὲ
1435 1232 1594 1293 κόσμου
1614 1230 1668 1293 ἦν
1686 1234 1780 1287 ἴτος

411 1300 556 1364 ’δ’φλέ.
1789 1320 1800 1356 1

307 1376 399 1416 Τοῦ
425 1372 595 1430 Ἰσραὴλ
626 1370 662 1431 y'
695 1373 938 1427 ἐβασίλευσε
969 1373 1129 1418 Βαασά
1157 1374 1248 1426 υἱὸς
1272 1374 1390 1432 Ἀχιὰ
1410 1374 1481 1434 ἔτη
1503 1373 1582 1421 κδ’.
1619 1381 1698 1421 τοῦ
1732 1377 1778 1420 δὲ

408 1441 569 1498 κόσμου
590 1438 642 1499 ’ἦν
664 1442 756 1494 ἔτος
776 1441 923 1504 figens.

378 1507 518 1564 Οἷτος
562 1514 636 1557 τὸν
663 1514 824 1569 Ναδὰβ
856 1514 1014 1558 ἀνελών
1044 1514 1137 1559 υἱὸν
1163 1513 1393 1573 Ἶεροβιοὰμ
1425 1516 1667 1572 ἐβασίλευσε
1699 1520 1778 1561 τοῦ

266 1581 450 1642 Ἰσραήλ.
491 1581 512 1627 ὅ
542 1583 669 1635 αὐτὸς
703 1585 891 1641 ἐπολέμει
924 1589 984 1646 τῷ
1006 1584 1111 1629 Ἀσά
1143 1590 1315 1640 βασιλεῖ
1334 1584 1475 1629 Ἰούδα
1511 1587 1703 1631 ἀνελθὼν
1736 1589 1778 1631 ἓν

118 1653 163 1692 V·
183 1654 248 1690 151
271 1652 420 1710 Ῥαμά.
452 1653 558 1698 {Aac}
591 1655 636 1698 δὲ
656 1652 847 1713 χρήμασι
875 1657 1077 1713 ψιλωθεὶς
1104 1660 1165 1716 τῷ
1190 1661 1358 1712 βασιλεῖ
1385 1658 1544 1714 Συρίας
1566 1658 1644 1717 υἱῷ
1655 1657 1800 1717 'Adaei

234 1729 429 1768 Βτοῦτον
459 1723 618 1769 ἔπεισεν
649 1724 919 1783 ἇντιπορθεῖν
944 1726 1021 1778 τὰς
1051 1723 1190 1778 πόλεις
1219 1731 1294 1771 τοῦ
1317 1727 1510 1787 Ἰσραὴλ,
1546 1730 1617 1772 καὶ
1644 1727 1780 1780 οὕτως

271 1794 430 1852 ἀπέστη
451 1795 607 1839 Baua&
627 1796 672 1839 ἐκ
693 1800 769 1853 τῆς
781 1794 929 1853 Ῥαμά.

365 1907 400 1942 1.
425 1905 546 1954 βεθὴλ,
565 1902 586 1945 ὁ
607 1906 671 1943 καὶ
690 1905 751 1943 ἐπὶ
768 1907 810 1944 Β.
914 1908 950 1944 2.
975 1904 1100 1944 ἐλθών
1116 1905 1317 1955 προφήτης
1333 1909 1381 1943 G.
1439 1955 1442 1958 Α
1490 1907 1526 1945 4.
1550 1909 1780 1957 τεχθησόμε-

363 1966 434 1989 νον
456 1956 531 1990 ΑΒ.
638 1956 671 1990 6.
699 1952 819 1992 αὐτὸν
835 1955 912 1990 Bm.
939 1952 1043 2003 αὐτῷ
1063 1957 1112 1991 G.
1233 1958 1268 1992 9.
1291 1954 1412 2004 βεθήλ
1440 1955 1481 1990 Β.
1595 1960 1650 1993 11.
1675 1956 1779 1995 ἐκκό-

361 2008 440 2048 ψαι
465 2002 540 2036 Bm.
565 2000 724 2047 ἐγκόψαι
746 2003 794 2038 G.
891 2004 947 2040 12.
973 2015 1067 2050 φασι
1087 2004 1118 2038 Β
1143 2014 1238 2050 φησι
1253 2004 1302 2038 G.
1423 2001 1558 2050 αὐτὸν]
1583 2004 1706 2044 αὐτοῦ
1727 2007 1777 2042 G.

436 2051 495 2086 18.
521 2046 624 2098 ἇδὰβ
642 2053 685 2085 Α.
779 2051 839 2087 20.
863 2051 995 2097 συρίας
1020 2052 1061 2088 B.
1085 2053 1272 2097 Ασσυρίας
1290 2051 1339 2086 G.

361 2140 656 2178 vaticinabantur
672 2143 886 2190 prophetae,
911 2147 984 2179 tum
1004 2144 1063 2190 qui
1081 2143 1231 2179 Baethel
1255 2144 1451 2188 incolebat,
1475 2148 1549 2180 tum
1572 2145 1626 2190 is,
1651 2146 1712 2192 qui
1733 2158 1777 2182 ex

267 2186 356 2223 Iuda
375 2189 474 2224 venit
493 2194 529 2224 et
550 2191 709 2226 iuvencis
728 2190 846 2225 aureis
867 2191 904 2226 in
921 2192 1026 2226 altari
1045 2191 1123 2238 ipso
1144 2191 1374 2227 immolantem
1393 2193 1607 2228 Hieroboam
1628 2194 1776 2240 reperit,

266 2247 291 2271 a
310 2247 378 2281 quo
397 2236 566 2272 vaticinio
587 2237 631 2273 de
649 2237 744 2272 Iosia
761 2250 782 2272 e
799 2238 899 2272 domo
918 2237 1034 2273 David
1053 2239 1229 2274 nascituro
1249 2242 1286 2273 et
1303 2238 1473 2274 idolorum
1491 2241 1777 2285 sacerdotesssu-

295 2293 334 2316 er
359 2282 463 2317 altari
481 2288 677 2319 mactaturo
695 2285 809 2320 libere
831 2285 1082 2330 pronunciato,
1107 2286 1220 2321 altare
1241 2297 1310 2331 quo
1337 2298 1440 2321 sacra
1465 2287 1621 2322 faciebat
1639 2288 1776 2323 Hiero-

268 2293 370 2363 boam
401 2329 578 2376 diruptum
604 2336 671 2366 est.
721 2331 849 2366 Eidem
878 2333 1086 2378 prophetam
1116 2332 1334 2379 apprehendi
1356 2333 1492 2368 iubenti
1513 2335 1693 2370 exsiccata
1721 2339 1777 2371 est

267 2387 412 2418 manus;
444 2381 482 2411 et
500 2378 705 2424 prophetam
725 2378 931 2424 deprecanti
952 2391 1038 2413 sana
1060 2380 1270 2415 restituitur.
1322 2382 1431 2415 Porro
1455 2383 1651 2428 propheta,
1678 2383 1774 2428 quod

266 2433 408 2457 mensae
433 2430 629 2459 consortem
655 2425 757 2460 alteri
786 2425 963 2460 seductori
990 2427 1185 2472 prophetae
1211 2427 1361 2463 Baetbel
1385 2427 1521 2464 incolae
1550 2441 1590 2463 se
1614 2428 1773 2472 fecisset,

264 2480 288 2505 a
308 2469 409 2504 leone
431 2469 466 2505 in
489 2471 548 2506 via
569 2472 767 2518 discerptus
795 2477 873 2514 est3
906 2478 1079 2508 mortuum
1107 2474 1327 2509 nihilominus
1348 2475 1544 2511 asservavit
1563 2476 1641 2510 fera
1662 2487 1774 2522 usque

264 2516 347 2552 dum
368 2517 538 2553 accedens
556 2518 619 2564 qui
637 2519 751 2554 divini
770 2519 922 2554 mandati
943 2522 1186 2556 contemnendi
1202 2521 1339 2556 dolosus
1358 2529 1481 2558 auctor
1500 2522 1688 2564 extiterat,
1714 2535 1773 2557 se-

264 2563 430 2609 pulturae
453 2565 645 2604 mandaret.
694 2565 883 2612 Sculptiles
906 2567 1075 2602 iuvencas
1101 2580 1143 2603 eo
1166 2568 1311 2603 consilio
1332 2570 1542 2605 Hieroboam
1566 2570 1707 2615 posuit,
1733 2573 1772 2604 ut

263 2610 456 2654 subiectus,
481 2611 619 2655 aiebat,
647 2613 798 2659 populus
816 2624 838 2647 a
856 2615 1056 2660 repetendis
1075 2614 1395 2662 Hierosolymorum
1411 2616 1522 2652 sacris
1537 2621 1771 2652 averteretur.

309 2658 420 2692 IsraEl
444 2670 511 2694 rex
534 2662 558 2696 2
582 2660 711 2696 Nadab
734 2661 834 2695 annis
850 2661 893 2702 2,
921 2662 1039 2696 mundi
1058 2673 1142 2696 vero
1159 2661 1264 2699 4535.
1526 2669 1533 2674 '

309 2704 421 2739 Israel
444 2717 507 2741 rex
530 2708 555 2744 3
578 2708 696 2742 Baasa
713 2707 805 2742 filius
829 2707 960 2742 Achiae
981 2709 1080 2744 annis
1101 2709 1171 2751 24,
1194 2709 1311 2744 mundi
1333 2721 1416 2745 vero
1436 2708 1545 2746 4537.

357 2752 428 2787 Hic
451 2753 581 2789 Nadab
605 2754 679 2788 filio
705 2755 919 2790 Hieroboam
946 2754 1134 2791 interfecto
1156 2756 1321 2802 regnavit
1346 2757 1383 2792 in
1407 2757 1529 2792 Israel.
1576 2755 1672 2792 Idem
1696 2756 1769 2792 Asa

262 2797 342 2844 regi
363 2798 472 2835 Iudae
492 2800 583 2836 bello
604 2801 738 2836 indicto
760 2803 878 2837 urbem
897 2801 1034 2837 Rhama
1050 2803 1224 2838 obsessam
1239 2804 1406 2839 invadere
1426 2803 1562 2839 molitus
1581 2809 1648 2839 est.
1697 2805 1768 2839 Asa

262 2856 348 2880 vero
370 2858 487 2891 regem
506 2849 730 2894 Assyriorum
748 2849 846 2884 Ader
863 2849 1021 2894 pecuniis
1044 2849 1081 2884 in
1101 2850 1286 2886 amicitiam
1309 2856 1345 2886 et
1371 2850 1453 2886 belli
1480 2851 1684 2886 societatem
1706 2863 1769 2885 vo·

262 2897 376 2927 catum
395 2893 504 2929 lsrael
522 2896 628 2931 urbes
646 2895 749 2932 armis
770 2902 825 2932 est
848 2895 1016 2933 vastitate
1033 2896 1210 2934 incessere
1225 2898 1414 2947 compulit3
1439 2901 1546 2946 atque
1560 2898 1614 2935 ita
1631 2909 1654 2934 a
1671 2897 1768 2935 Rha-

262 2950 319 2975 ma
337 2939 537 2979 insestanda
555 2942 694 2981 destitit
710 2944 838 2982 Baasa.
