1800 3236
563 149 1091 198 CHRONOGRAPHIA.
1474 149 1585 211 685,

70 259 343 323 ὕπερῆφανον
366 264 436 309 καὶ
462 260 831 320 αὗτοπεποίθητον
858 260 1041 322 γνώμην.
1083 262 1197 325 ἀλλὰ
1225 269 1362 310 ταῦτα
1385 266 1576 329 Εὗσεβίῳ

68 340 132 396 τῷ
157 334 437 393 Καισαρεῖοὗ
459 335 597 387 δοκεῖ,
638 332 684 384 ὃς
710 335 838 389 μείζω
862 331 1030 378 πάντων
1059 331 1188 392 ἁγίων
1220 337 1290 378 καὶ
1313 337 1575 384 διδασκάλων

72 405 204 450 αὐτὸν
230 405 450 457 ἀποδεῖξαι
484 402 733 457 σπουδάζων
753 405 796 448 ἓν
831 404 936 464 ἕκτῳ
964 409 1041 461 τῆς
1072 405 1414 464 ε’κκλησιαστικῆς
1447 409 1576 453 αὐτοῦ

71 476 260 534 ἱστορίας
282 473 394 535 λόγῳ
420 473 673 533 ὃμοφρονῶν
701 474 842 534 αὐτῷ,
881 479 1052 526 πολλοῖς
1079 477 1294 533 ἐγκωμίοις
1322 477 1450 522 αὐτὸν
1482 480 1576 523 ἔνυ-

38 547 225 604 5βρίζει,
259 545 321 603 μὴ
345 546 465 597 εἰδὼς
487 544 513 589 ἃ
537 545 665 602 λέγει,
701 543 728 602 ἢ
756 547 850 603 περὶ
881 539 939 589 ὧν
971 547 1299 602 διαβεβαιοῦται.
1348 546 1459 592 πάνυ
1492 549 1613 608 γὰρΒ

68 617 210 675 ὀλίγον
239 618 332 675 περὶ
361 621 446 661 τῶν
478 615 587 660 κατὰ
613 613 765 660 τούσδε
784 616 884 667 τοὺς
905 614 1084 674 χρόνους
1116 617 1238 675 ἱερῶν
1262 618 1331 661 καὶ
1357 621 1577 678 μακαρίων

67 687 262 745 πατέρων
280 688 566 742 ἐπιμνησθεὶς,
589 684 837 743 Κλήμεντος
856 687 1077 743 λεγομένου
1101 688 1403 745 Στρωματέως,
1432 687 1575 734 Ἱππο-

67 755 197 802 λύτου
222 762 299 802 τοῦ
319 755 647 816 ἱερομάρτυρος,
677 757 932 815 Ἀφρικανοῦ
960 762 1036 801 τοῦ
1071 758 1306 816 ἱστορικοῦ,
1344 761 1573 805 Διονυσίου

66 833 143 873 τοῦ
162 828 346 886 μεγάλου
369 829 704 887 Ἀλεξανδρείας,
747 830 816 871 καὶ
838 827 1001 881 ἄλλων,
1039 826 1172 883 μόνου
1200 833 1276 873 τοῦ
1303 828 1572 889 ματαιόφρο-

3 914 56 951 '10
68 917 142 950 νος
165 899 404 958 Ὠριγένους
427 899 504 956 τὴν
539 899 584 942 ἐκ
613 897 764 949 παιδὸς
788 898 1005 955 ἀναγωγὴν
1033 897 1234 952 ἐκθειάζει
1266 900 1387 958 μέχρι
1419 905 1496 958 τῆς
1526 903 1570 945 ἐν

63 974 125 1030 τῷ
156 971 378 1030 μαρτυρίῳ
410 966 779 1025 λειποτακτήσεως.
831 972 1052 1023 Φαβιανοῦ
1072 986 1116 1013 τε
1141 969 1221 1027 γὰρ
1246 975 1322 1013 τοῦ
1345 972 1570 1026 λεχθέντος

63 1038 367 1099 ἱερομάρτυρος
394 1042 463 1083 καὶ
490 1037 719 1083 ἐπισκόπου
737 1037 902 1096 Ῥώμης
923 1039 1016 1096 πέρι
1039 1041 1108 1082 καὶ
1133 1042 1314 1095 Βαβυλᾶ
1328 1039 1570 1098 Ἀντιοχέως

62 1112 132 1154 καὶ
152 1108 427 1169 Ἀλεξάνδρου
454 1108 754 1168 Ἱεροσολύμων
783 1111 826 1153 ἐν
856 1110 1009 1167 ὀλίγοις
1034 1112 1225 1167 διεξῆλθε
1256 1118 1345 1162 τοῖς
1366 1109 1604 1170 ῥήμασιν,0

63 1182 128 1244 ἐπὶ
149 1182 196 1224 δὲ
214 1181 288 1225 τὸν
308 1179 530 1239 ὁμόφρονα
550 1180 690 1224 ἐλθὼν
706 1180 917 1238 Ὠριγένην
939 1184 1113 1224 πλεῖστα
1131 1179 1472 1239 προεγκωμιάσας
1492 1182 1566 1227 τὸν

3 1267 51 1305 15
62 1249 384 1310 θεοκατάρατον
407 1245 492 1295 ὧδέ
517 1269 599 1295 που
624 1252 883 1309 προστίθησι
903 1249 1066 1309 φήσας·
1102 1251 1156 1294 τὰ
1178 1253 1254 1307 μὲν
1277 1247 1353 1296 οὖν
1370 1252 1565 1310 Ὠριγὲνει

61 1322 172 1366 κατὰ
192 1321 267 1366 τὸν
292 1322 475 1378 διωγμὸν
494 1319 714 1377 ξυμβάντα
737 1319 805 1364 οἶα
826 1322 895 1365 καὶ
918 1320 999 1365 ὅσα
1025 1323 1094 1364 καὶ
1116 1319 1263 1372 ὁποίας
1284 1321 1400 1378 ἔτυχε
1422 1327 1563 1367 τελευ-

60 1397 139 1450 τῆς
158 1396 236 1437 τοῦ
263 1396 449 1450 πονηροῦ
481 1394 682 1444 δαίμονος
708 1389 937 1450 ἐφάμιλλος
966 1396 1026 1451 τῷ
1046 1391 1167 1450 ἀνδρὶ
1187 1397 1449 1453 πανστρατιᾷ
1476 1412 1562 1437 πα-

62 1462 355 1523 ραταξαμένου
378 1459 494 1520 πάσῃ
514 1479 557 1506 τε
574 1466 744 1520 μηχανῇ
763 1464 833 1506 καὶ
853 1459 1025 1516 δυνάμει
1044 1462 1143 1505 κατ’
1166 1461 1296 1506 αὐτοῦ
1323 1461 1563 1520 στρατηγή-

60 1550 241 1587 σαντος,
274 1532 392 1590 παρὰ
411 1531 572 1583 πάντας
593 1549 638 1575 τε
663 1532 764 1583 τοὺς
782 1530 976 1589 τηνικάδε
997 1532 1314 1588 πολεμηθέντας
1337 1531 1561 1591 διαφερόν-

0 1619 147 1657 ωτως
177 1600 494 1660 ἐπισκήψαντος
521 1602 637 1665 αὐτῷ
648 1635 664 1657 ,
703 1600 773 1647 οἷά
796 1620 840 1646 τε
865 1603 934 1646 καὶ
962 1600 1043 1646 ὅσα
1072 1602 1142 1646 διὰ
1165 1602 1240 1647 τὸν
1265 1607 1343 1647 τοῦ
1366 1606 1561 1662 Χριστοῦ

154 1717 189 1752 1.
214 1715 268 1751 τῶ
284 1710 459 1764 Εὖσεβίςο
474 1717 528 1764 τῷ
546 1716 594 1751 G.
697 1716 731 1751 2.
757 1712 914 1752 πάντων
929 1715 1006 1752 τῶν
1027 1716 1077 1753 G.
1170 1716 1205 1753 7.
1228 1713 1442 1762 λεγομένου]
1466 1713 1559 1761 λέγω

151 1751 254 1800 tofi?
372 1766 408 1801 9.
432 1762 570 1810 μόνον]
595 1760 716 1809 μόνον
737 1763 785 1798 G.
907 1765 962 1802 11.
988 1764 1184 1811 φαβιανοῦ
1201 1764 1245 1799 Β.
1272 1764 1490 1810 Φλαβιανοῦ
1508 1764 1557 1798 G.

226 1812 285 1847 12.
317 1809 423 1857 πέρι]
460 1811 575 1856 Vulgo
606 1810 703 1857 περὶ.
847 1809 912 1847 καὶ
936 1811 1086 1859 βαβυλοῖ
1108 1812 1184 1847 AP.
1220 1812 1292 1848 τοῦ
1318 1811 1475 1859 Βαβυλᾶ
1505 1810 1554 1844 G.

224 1859 282 1896 15.
309 1858 455 1907 φήσας]
485 1859 621 1894 Histor.
649 1858 773 1895 eccles.
800 1858 872 1901 VI,
898 1858 958 1895 39.
1084 1853 1155 1894 οὖν
1181 1871 1246 1894 om.
1275 1858 1325 1895 G.
1440 1858 1557 1903 Vulgo

153 1905 331 1955 Ωριγένῃ.
435 1908 492 1943 16.
516 1906 664 1954 ξυμβιῖν
682 1907 723 1942 Α.
818 1907 877 1942 17.
900 1904 1112 1953 ἐφαμίλλως
1132 1906 1182 1943 G.

59 2011 81 2035 a
107 1999 209 2035 simili
235 2000 358 2036 laurea
386 2000 628 2047 consequenda
646 1999 808 2047 repulsus
830 2002 904 2043 θείς
929 1999 1089 2047 quamvis
1115 2000 1153 2035 in
1182 1998 1389 2035 contrariam
1415 2003 1557 2033 senten·

57 2047 143 2082 tiam
165 2047 296 2083 abierit
313 2048 485 2084 Eusebius
507 2048 769 2090 Caesariensis,
793 2048 853 2094 qui
874 2059 950 2083 cum
970 2048 1004 2083 in
1031 2052 1132 2083 sexto
1159 2047 1420 2084 ecclesiasticae
1442 2046 1555 2080 histo-

57 2094 135 2130 riae
152 2095 284 2131 sanctis
305 2096 463 2131 omnibus
484 2095 756 2141 doctoribusque
782 2094 1075 2141 praestantiorem
1103 2106 1181 2130 eum
1209 2095 1444 2130 demonstrare
1469 2104 1556 2127 con-

57 2141 205 2185 tendat,
229 2154 295 2178 eeu
315 2155 459 2179 consors
479 2143 633 2179 eiusdem
653 2154 728 2177 cum
749 2142 809 2177 illo
827 2142 1027 2185 doctrinae,
1051 2141 1136 2188 quid
1154 2141 1305 2183 scribat,
1328 2145 1391 2175 aut
1407 2151 1554 2186 quorum

57 2200 97 2224 se
124 2189 338 2226 laudatorem
364 2191 552 2233 exhibeat,
581 2190 748 2235 ignarus,
782 2189 943 2236 pluribus
974 2189 1159 2232 encomiis,
1190 2200 1235 2224 ne
1262 2187 1375 2223 dicam
1401 2186 1553 2230 iniuriis,

57 2247 132 2271 eum
154 2237 344 2284 respergit.
391 2237 589 2284 perpaucis
618 2237 788 2283 siquidem
814 2241 1014 2271 sanctorum
1038 2236 1285 2282 beatorumque
1306 2238 1445 2281 patrum
1466 2239 1556 2269 tem-

55 2283 202 2329 poribus
221 2283 291 2319 illis
310 2285 540 2331 fulgentium,
564 2284 774 2326 Clementis,
796 2283 958 2329 inquam,
983 2285 1195 2319 Stromatum
1222 2282 1398 2324 auctoris,
1434 2280 1552 2328 ponti-

56 2330 135 2365 ficis
153 2334 192 2365 et
215 2333 379 2378 martyris
399 2331 609 2379 Hippolyti,
637 2330 793 2367 Africani
814 2330 984 2373 historici,
1006 2330 1169 2377 Dionysii
1187 2328 1303 2376 magui
1318 2327 1550 2364 Alexandriae

55 2377 234 2424 episcopi,
258 2382 295 2412 et
315 2378 462 2415 aliorum
486 2379 684 2414 memoriam
705 2378 929 2424 complexus,
953 2377 1061 2413 solius
1086 2376 1254 2423 origenis
1278 2387 1443 2411 vanarum
1470 2373 1551 2420 opi-

54 2425 194 2459 nionum
215 2425 425 2468 sectatoris,
450 2438 472 2462 a
503 2426 655 2472 pueritia
682 2426 727 2461 ad
752 2425 827 2460 eius
850 2436 962 2471 usque
991 2424 1028 2460 in
1047 2424 1248 2460 Christiano
1275 2422 1460 2458 certamine
1485 2422 1550 2455 de-

0 2511 3 2515 ,
54 2471 258 2514 sectionem,
282 2471 424 2507 vivendi
442 2485 553 2519 genus
570 2473 698 2508 divinis
711 2472 870 2507 laudibus
888 2471 1123 2518 prosequitur.
1170 2471 1266 2514 Quin
1281 2470 1381 2505 immo
1399 2466 1548 2504 Fabiani

53 2519 220 2564 martyris
244 2523 282 2553 et
310 2519 485 2565 pontificis
505 2521 672 2562 Romani,
695 2519 853 2566 Babylae
874 2519 1094 2562 Antiocheni‚
1116 2523 1154 2554 et
1173 2516 1362 2556 Alexandri
1376 2515 1547 2551 Hieroso-

53 2564 223 2611 lymorum
247 2565 449 2612 pontificum
468 2567 618 2602 historia
636 2566 753 2602 ieiune
771 2567 908 2602 conseri
936 2572 992 2609 ta,
1017 2577 1186 2601 converso
1204 2565 1249 2600 ad
1262 2564 1448 2608 Origeuem
1466 2571 1547 2595 ora-

54 2612 160 2647 tionis
184 2612 288 2656 stilo,
322 2624 462 2648 exosum
488 2614 658 2648 hominem
685 2613 751 2648 deo
778 2613 883 2649 nullis
925 2614 1054 2649 nudum
1078 2612 1193 2648 titulis
1215 2622 1282 2646 non
1302 2608 1545 2662 celebrandum

53 2658 172 2701 ducit,
204 2660 262 2695 his
291 2660 539 2707 propemodum
561 2660 679 2695 verbis
709 2673 803 2698 usus.
859 2659 909 2696 Iis
941 2672 1034 2707 quae
1065 2658 1215 2706 Origeni
1239 2658 1276 2692 in
1305 2658 1545 2702 persecutione

53 2706 299 2752 contigerunt,
322 2719 414 2753 quae
431 2706 589 2742 nimirum
609 2712 808 2754 quantaque
826 2706 961 2744 fuerint
984 2707 1066 2749 illa,
1089 2717 1235 2754 quemve
1257 2703 1374 2757 finem·
1388 2702 1436 2736 sit
1459 2711 1545 2755 con-

53 2759 222 2798 sequutus
250 2754 420 2789 adversus
441 2754 626 2799 malignum
652 2755 852 2790 daemonem
876 2754 1005 2799 totius,
1038 2753 1090 2788 ita
1108 2753 1238 2792 dicam.
1262 2751 1437 2805 exercitus
1457 2758 1545 2782 vm-

50 2798 118 2833 bus
137 2798 393 2845 insurgentem,
418 2813 566 2848 eumque
587 2801 722 2837 fraudis
738 2814 781 2837 ae
798 2801 987 2837 violentiae
1003 2800 1114 2836 modis
1134 2798 1289 2834 omnibus
1308 2797 1542 2841 impetentem,

51 2851 90 2881 et
110 2846 216 2892 longe
232 2847 356 2883 maiori
373 2849 410 2883 in
432 2860 509 2883 eum
531 2860 632 2894 quam
653 2849 693 2884 in
711 2848 863 2896 reliquos
885 2853 968 2883 tunc
988 2846 1152 2893 temporis
1178 2847 1398 2897 oppugnatos
1419 2841 1542 2875 furore

50 2891 324 2933 debacchantem
349 2895 579 2940 colluctatus3
603 2907 694 2943 quae
718 2898 756 2933 et
780 2900 914 2945 quanta
937 2907 1003 2944 pro
1031 2892 1166 2930 Christi
1182 2891 1290 2928 verbo
1305 2900 1362 2925 vu·
1377 2891 1541 2924 strenuus
