1754 3236
165 178 234 227 62
620 172 872 221 GEORGII
900 170 1189 219 SYNCELLI

164 290 359 353 μυθάρια
378 286 437 343 ὧς
447 290 586 350 καίρια
606 286 874 347 λογιζομένων
890 284 967 337 τὰς
979 282 1292 344 προγραφείσας
1302 277 1539 342 μαρτυρέας
1550 276 1667 329 3422-

165 363 346 423 ξάνδρου
375 363 445 406 καὶ
473 365 558 406 τῶν
584 357 890 419 προειρημένων
916 353 992 400 δύο
1011 353 1278 412 μοναζόντων
1294 352 1511 398 Ἅννιανοῦ
1533 370 1580 397 τε
1595 354 1669 397 καὶ

165 430 432 493 Πανοδῶρου
464 436 548 476 τῶν
567 427 806 488 ὃμοχρόνων
833 427 899 471 ἐπὶ
930 426 1140 484 Θεοφίλου
1164 428 1241 469 τοῦ
1260 426 1450 470 εἰκοστοῦ
1471 423 1666 483 δευτέρου
1715 473 1726 485 .

167 502 487 566 ἄρχιεπισκόπου
525 500 830 558 Ἀλεξανδρείας
869 494 1148 553 ἀκμασάντων
1190 496 1262 540 καὶ
1303 493 1441 540 πολλὰ
1476 491 1668 553 χρήσιμα

165 575 371 636 κεφάλαια
390 571 576 631 ἱστορικὰ
596 566 886 626 πεπονηκότων
909 567 1204 627 παραθέσθαι.
1244 567 1280 611 εἲ
1301 567 1377 611 καὶ
1401 567 1445 610 ἓν
1470 567 1579 626 τῷδε
1603 568 1696 627 τῷ5

167 647 281 706 μέρει
310 642 526 694 δοκοῦντές
552 659 591 686 τι
611 643 853 699 κατορθοῦν
875 638 997 683 οὐδέν
1012 642 1066 698 τῇ
1088 638 1269 700 ἀληθεία
1288 637 1435 697 κέρδος
1452 634 1671 696 προσήγα-

166 736 239 777 γον
251 751 264 771 ,
302 713 513 771 δεξάμενοι
544 712 620 763 τὰς
639 708 915 768 Ἀλεξάνδρου
938 714 1013 754 τοῦ
1038 709 1357 769 προρρηθέντος
1374 709 1468 768 περὶ
1488 712 1566 766 τῆς
1586 712 1672 752 τῶν

131 787 400 832 ΒΧαλδαίων
426 783 628 841 βασιλέων
656 779 807 836 δόξας,
846 778 911 825 ὅτι
931 780 1014 840 πρὸ
1032 785 1109 825 τοῦ
1131 784 1430 837 κατακλυσμοῦ
1457 780 1502 823 ἓν
1519 782 1672 836 Βαβυ-

169 863 268 903 λῶνι
295 857 600 913 ἐβασίλευσαν,
638 853 706 897 καὶ
724 852 798 896 τὸν
818 854 902 896 τῶν
925 852 1030 897 ἐτῶν
1049 850 1332 910 μυριαδισμὸν
1355 848 1673 909 ἇλληγορησάν-

163 947 275 983 των,
311 926 415 986 πρὸς
444 924 608 976 τούτοις
629 924 675 968 δὲ
692 925 760 967 καὶ
772 922 1007 981 Ἀβυδηνοῦ
1041 924 1109 966 καὶ
1127 919 1450 982 Ἀπολλοδώρου
1473 923 1568 980 περὶ
1587 925 1672 966 τῶν
1685 926 1731 961 10

170 999 325 1053 αὐτῶν,
364 996 512 1042 καὶ-ἔτι
532 998 730 1040 Μανεθῶ
751 995 843 1053 περὶ
862 998 938 1052 τῆς
956 995 1204 1052 Αἷγυπτίων
1227 993 1475 1045 δυναστείας
1491 992 1672 1052 προτοῦ

171 1071 464 1124 κατακλυσμοῦ
498 1064 713 1122 παρόμοια
734 1068 1108 1123 μυθολογοῦντας,
1147 1059 1206 1110 ὧν
1223 1064 1300 1117 τὰς
1317 1062 1512 1124 χρήσεις,
1544 1063 1674 1120 Ἀβυ-

170 1143 298 1198 δηνοῦ
318 1139 420 1196 λέγω
437 1140 504 1182 καὶ
517 1133 835 1195 Ἀπολλοδώρου
857 1138 926 1179 καὶ
945 1139 1147 1181 Μανεθῶ
1156 1170 1171 1191 ,
1209 1140 1498 1195 προστεθῆναι
1515 1133 1674 1193 ταύτης

167 1210 348 1270 ἡγοῦμαι
369 1213 445 1266 τῆς
463 1209 725 1267 προθέσεως,
765 1204 823 1265 ὥς
849 1205 901 1250 ἂν
922 1209 991 1251 καὶ
1011 1209 1055 1260 ἐξ
1077 1204 1271 1265 ἀλλήλων
1293 1207 1439 1259 αὗτοῖς
1459 1206 1509 1251 τὸ
1534 1204 1674 1263 ἀσύμ-

170 1299 310 1342 φωνον
339 1283 532 1338 συναχθῇ
562 1280 629 1322 καὶ
656 1276 737 1337 ὑφ’
773 1276 925 1322 ἑαυτοῦ
961 1278 1011 1323 τὸ
1031 1278 1160 1323 κακὸν
1180 1277 1428 1338 ἀνατραπῇ,
1467 1279 1537 1322 καὶ
1561 1275 1673 1322 οὕτω
1686 1279 1731 1317 15

168 1360 258 1404 τοῖς
274 1350 380 1408 μετὰ
399 1350 473 1395 τὸν
493 1348 786 1404 κατακλυσμὸν
811 1348 918 1394 ἔτεσι
938 1349 994 1394 τὰ
1013 1349 1122 1394 κατὰ
1141 1349 1269 1409 μέρος
1288 1349 1366 1407 ὅση
1387 1346 1568 1406 δύναμις
1584 1349 1674 1393 ἔπι-

168 1421 454 1481 σημήνασθαι.

34 1503 77 1540 P.
101 1503 148 1542 35
277 1497 377 1538 Τῶν
395 1491 535 1546 μέντοι
563 1489 969 1551 προαναφερομένων
987 1487 1331 1551 θεοφιλεστᾶτων
1349 1492 1573 1550 ἱστορικῶν
1592 1508 1675 1547 μο-

166 1568 304 1622 ναχῶν
335 1562 470 1607 ἰστέον
499 1561 601 1607 εἶναι
631 1562 710 1620 τὴν
728 1562 892 1608 ἔκδοσιν
913 1562 1131 1608 Ἀννιανοῦ
1155 1563 1236 1620 μὲν
1268 1562 1578 1621 ἐπιτομωτέραν
1605 1563 1676 1606 καὶ

167 1634 464 1695 ἀκριβεστέραν
495 1639 548 1693 τῇ
580 1633 835 1693 ἀποστολικῇ
872 1652 918 1679 τε
951 1635 1021 1678 καὶ
1038 1638 1219 1694 πατρικῇ
1240 1632 1474 1694 παραδόσει
1495 1631 1734 1679 ‹hemum-20

168 1711 269 1763 θον,
307 1706 349 1750 ἓν
369 1698 396 1765 ᾗ
417 1704 493 1762 τὴν
514 1706 638 1750 θείαν
659 1702 869 1764 σάρκωσιν
889 1709 952 1768 τῷ
972 1703 1049 1768 ,αρ’
1069 1705 1346 1768 πληρουμένῳ
1365 1706 1437 1750 καὶ
1455 1704 1677 1765 ἀρξαμένῳ

262 1806 299 1844 2.
319 1801 531 1851 Ἀννιοινοῦ]
556 1803 671 1851 Vulgo
693 1800 901 1844 Ἆννιᾶνου.
995 1807 1032 1844 9.
1056 1802 1377 1854 ἆλληγορήσαντες
1399 1817 1444 1842 m.
1541 1804 1598 1841 10.
1634 1799 1676 1840 δὲ

262 1853 347 1889 add.
372 1853 413 1890 A.
504 1853 705 1899 Αβυδηνοῦ
728 1864 772 1888 m.
799 1854 993 1903 Αβυδινοῦ
1014 1854 1063 1890 G.
1137 1856 1194 1892 11.
1219 1852 1285 1890 καὶ
1302 1851 1358 1891 ἔτι
1373 1854 1416 1890 Α.
1441 1850 1521 1890 ἔστι
1539 1850 1604 1888 καὶ
1626 1851 1676 1887 G.

338 1902 396 1937 12.
428 1901 735 1946 μυθολογοῦντος
761 1913 806 1936 m.
910 1903 1029 1950 Vulgo
1059 1897 1271 1951 Ἆβυδινοῦ.
1373 1902 1432 1938 19.
1462 1897 1674 1946 Ἀννιανοῦ]

267 1945 468 1985 αἰννιᾶνου
487 1949 531 1984 Α·-
556 1946 744 1985 Αννιοὶνου
769 1948 818 1984 G.
1168 1977 1171 1978 γ
1209 1975 1211 1977 ,
1433 1975 1436 1978 ⁴

175 2028 236 2077 qui
256 2029 394 2065 fabellis
415 2028 611 2065 huiusmodi
634 2040 746 2077 aeque
771 2041 814 2066 ac
835 2029 914 2067 aliis
936 2031 1084 2068 veritati
1102 2030 1263 2068 consonis
1292 2030 1396 2066 fidem
1425 2028 1677 2077 praebuerunt,

174 2079 219 2112 ab
239 2089 358 2112 errore
374 2077 608 2121 vindicaturi,
644 2082 748 2124 atque
766 2077 804 2113 in
821 2083 898 2114 tuto
919 2079 1068 2126 posituri
1080 2105 1092 2122 ‚
1117 2079 1361 2126 suprascripta
1380 2076 1588 2120 Alexandri,
1612 2088 1678 2112 nec

175 2135 245 2158 non
269 2123 439 2166 Anniani,
463 2124 707 2171 P-anodorique
733 2124 885 2162 eiusdem
912 2127 1040 2162 aetatis
1059 2128 1303 2162 monachorum
1313 2124 1331 2171 ‚⁸
1351 2125 1412 2173 qui
1438 2126 1504 2160 sub
1523 2125 1678 2160 Alexan-

177 2171 278 2206 driae
288 2170 454 2206 antistitis
461 2172 648 2218 Theophili
660 2172 861 2218 vigesimum
877 2174 1064 2210 secundum
1075 2186 1200 2210 annum
1217 2175 1337 2222 plures
1345 2173 1534 2209 historicos
1544 2176 1678 2208 tracta-

176 2222 234 2252 tus
252 2230 274 2253 a
290 2230 328 2253 se
345 2217 539 2253 elaboratos
561 2219 756 2262 ediderunt,
781 2221 978 2257 testimonia
996 2222 1190 2268 producere
1206 2234 1322 2257 sumus
1340 2219 1519 2267 compulsi.
1565 2221 1679 2255 Prae-

176 2264 243 2300 fati
258 2264 426 2312 siquidem
436 2265 620 2301 Alexandri
643 2267 687 2301 de
703 2267 847 2313 regibus
867 2274 949 2303 ante
970 2269 1137 2306 diluvium
1155 2269 1376 2316 Babylonica
1394 2273 1535 2315 sceptra
1552 2271 1678 2303 tenen-

177 2311 271 2346 tibus
287 2317 431 2358 recepta
449 2313 641 2356 sententia,
667 2315 815 2360 probata
832 2327 970 2363 quoque
987 2316 1132 2352 aliorum
1153 2317 1212 2364 qui
1237 2327 1408 2352 annorum·
1422 2315 1598 2362 myriadas
1624 2314 1679 2350 al·

176 2357 332 2403 legorice
347 2359 725 2395 sumendasrecensent
741 2362 923 2408 opinione,
948 2375 990 2398 ac
1009 2364 1142 2400 demum
1161 2364 1319 2400 admissis
1338 2363 1499 2409 Abydeni
1516 2368 1552 2398 et
1566 2362 1678 2408 Apol-

177 2404 292 2440 lodori
310 2406 354 2441 de
373 2406 515 2449 iisdem,
540 2407 631 2442 adde
648 2413 686 2442 et
698 2408 918 2445 manethonis
936 2410 980 2446 de
998 2411 1180 2458 Dynastiis
1199 2411 1450 2459 Aegyptiorum
1476 2414 1560 2446 ante
1578 2410 1677 2446 dilu-

177 2451 271 2487 vium
288 2453 434 2498 plurima
448 2454 604 2489 fabulose
624 2455 907 2492 comminiscentis
926 2459 1212 2503 auctoritatibus,
1237 2471 1384 2505 magnae
1408 2458 1496 2494 licet
1526 2461 1563 2494 et
1588 2457 1678 2492 insi-

178 2499 257 2544 gnis
277 2512 354 2535 sese
377 2504 512 2546 putent.
569 2501 769 2537 Historicae
784 2503 836 2538 rei
851 2505 1015 2540 utilitatis
1036 2511 1195 2542 auctores
1215 2507 1386 2551 extitisse,
1412 2505 1542 2541 nullum
1561 2508 1678 2541 tamen

178 2546 306 2581 exinde
322 2547 467 2582 veritati
483 2548 740 2584 emolumentum
761 2552 931 2587 accessit:
955 2553 1048 2599 quod
1072 2566 1116 2589 ne
1136 2554 1206 2589 levi
1223 2554 1425 2589 coniectura
1444 2553 1626 2588 confictum
1655 2563 1678 2587 a

178 2603 233 2628 me
263 2598 466 2637 censeatur,
502 2607 644 2638 eorum,
668 2602 705 2631 et
726 2597 906 2643 Abydeni,
930 2600 1154 2645 Apollodori,
1178 2604 1216 2637 et
1236 2600 1459 2639 Manethonis
1487 2599 1584 2634 dicta
1610 2600 1678 2634 huc

179 2641 349 2676 arcessita
363 2641 476 2687 palam
493 2643 653 2688 proferre
664 2655 794 2690 operae
812 2657 908 2680 meae
927 2647 1075 2693 pretium
1094 2661 1173 2684 esse
1189 2660 1283 2690 reor,
1300 2660 1368 2695 quo
1387 2648 1543 2693 ipsorum
1561 2646 1606 2681 ad
1622 2646 1679 2681 in-

178 2687 290 2723 vicem
311 2689 490 2724 dissensus
507 2689 709 2735 colligatur,
733 2692 923 2739 malumque
946 2696 1068 2730 ruinae
1088 2695 1226 2730 sibimet
1255 2695 1303 2730 sit
1332 2707 1460 2737 causa,
1492 2699 1598 2740 atque
1627 2693 1680 2728 ita

179 2734 326 2782 singulis
357 2736 554 2782 quibusque
579 2741 659 2783 post
682 2737 845 2773 diluvium
863 2740 980 2783 annis,
1006 2754 1096 2787 quae
1116 2743 1258 2778 divisim
1285 2747 1322 2778 et
1343 2740 1543 2778 successive
1567 2740 1681 2776 conti-

179 2788 330 2828 gerunt,
355 2787 520 2830 quantum
540 2783 632 2819 feret
647 2783 756 2819 virtus
773 2789 809 2820 et
824 2785 1014 2832 ingenium,
1041 2789 1296 2825 adscribantur.

271 2830 509 2866 Adductorum
525 2842 609 2866 vero
631 2832 793 2877 superius
811 2833 1052 2879 religiosorum
1070 2836 1239 2872 historiae
1258 2837 1468 2884 scriptorum
1493 2835 1680 2871 monacho-

178 2887 253 2911 rum
273 2878 539 2920 observandum,
563 2878 714 2914 Anniani
737 2879 875 2925 quidem
895 2882 1132 2927 concisior-em,
1158 2889 1196 2919 at
1214 2884 1407 2919 fideliorem
1426 2887 1463 2917 et
1481 2883 1620 2929 patriae
1637 2894 1680 2918 ac

180 2924 394 2970 apostolicae
422 2925 605 2963 traditioni
642 2937 823 2962 consonam
852 2928 1097 2975 scriptionem,
1127 2942 1198 2978 qua
1228 2931 1380 2973 divinam
1406 2930 1682 2972 incarnationem
