1800 3236
505 197 508 201 ·
524 173 1046 222 CHRONOGRAPHIA.
1434 168 1540 220 225

48 287 187 337 ὁπόσα
215 288 270 335 ἂν
295 283 496 346 κτήσαιτο
522 284 840 331 ἂποδεκατῶσαι
867 285 1010 346 κυρίῳ.
1048 283 1186 338 ἄλλως
1209 301 1255 330 τε
1287 284 1325 330 εἷ
1351 284 1434 332 ἀπὸ
1462 293 1538 334 τοῦ

35 359 224 419 ,Ῥουβὴν
256 358 279 406 ὅ
309 352 482 410 δέκατος
506 355 635 415 Ἀσὴρ
660 353 819 415 ἱερῶθη
830 388 845 411 ,
879 356 1101 414 παιδίσκης
1128 354 1180 401 ἂν
1209 353 1414 415 ἴερᾶτευεν
1440 358 1540 403 ἕπο-

49 432 252 476 νείδιστον
283 429 424 488 γένος,
463 425 562 485 ὅπερ
596 425 673 471 οὐκ
691 425 812 485 ἤρεσε
833 429 893 486 τῷ
911 430 1015 487 θεῷ.
1050 426 1158 483 μετὰ
1183 426 1229 471 δὲ
1249 426 1298 471 τὸ
1320 426 1540 486 εὐλογῆσαι

46 500 122 546 τὸν
139 499 292 556 Ἰακώβ
319 498 419 549 τοὺς
436 497 554 549 υἱοὺς
571 495 728 555 Ἰωσὴφ
740 529 754 551 ,
793 493 1180 554 προσκαλεσάμενος
1198 495 1298 548 τοὺς
1320 496 1438 548 υἶοῦς
1460 498 1540 542 αὗ-

18 574 127 616 5τοῢ
156 567 351 626 εὐλόγησε
381 565 544 619 πάντας
565 567 648 611 ἀπὸ
674 564 851 623 Ῥουβὴν
871 563 1115 624 ἀρξάμενος.
1151 566 1290 610 ἐλθὼν
1313 567 1360 610 δὲ
1380 568 1446 610 ἐπὶ
1464 567 1537 613 τὸν

41 638 207 685 Ἰούδαν
229 637 285 690 ὥς
303 637 480 695 βασιλέα
500 635 743 695 ηὖλόγησεν,
778 635 856 690 ὅτι,
898 638 1018 695 φασὶ,
1057 638 1126 680 καὶ
1145 635 1274 688 αὐτὸς
1289 637 1333 680 ἐν
1355 640 1576 694 γυναικὶ,1)

45 715 100 770 τῇ
130 711 217 771 ἰδίᾳ
235 707 379 767 νύμφῃ
402 705 583 765 Θάμαρ,
622 704 873 763 ἐδικαιώθη,
913 705 1058 767 ἀγνοίᾳ
1080 704 1331 765 ἁμαρτήσας
1350 709 1418 750 καὶ
1436 705 1538 752 ἔαυ-

45 780 121 824 τὸν
146 779 407 837 κατακρίνας.
443 775 602 834 ταύτην
632 778 676 820 ἐκ
706 775 1052 834 γένουςἈβραὰμ
1075 771 1230 831 οὖσαν,
1270 775 1327 828 ὥς
1347 794 1475 832 τινες,
1514 776 1538 824 ὅ

37 848 123 908 ’Hp
143 849 236 901 υἱὸς
246 846 411 903 Ἰούδα,
451 845 509 898 ὥς
528 848 572 891 ἐκ
592 851 670 904 τῆς
685 847 990 900 Χανανίτιδος,
1029 844 1087 890 ὢν
1105 845 1235 904 ἀνὴρ,
1272 846 1400 898 αὐτὸς
1419 852 1537 906 πρῶ-

0 924 120 971 [Οτος
148 919 224 964 οὐκ
255 918 358 976 ἔγνω
387 915 530 974 αὐτήν.
568 915 722 974 ὁμοίως
751 916 797 959 δὲ
827 917 897 959 καὶ
930 913 951 960 ὃ
986 914 1136 960 Λῦνὰν
1157 913 1179 960 ὅ
1203 915 1386 975 ἀδελφὸς
1405 917 1537 962 αὐτοῦ

44 990 95 1035 τὸ
127 990 233 1034 ἴδιον
265 988 431 1047 σπέρμα
462 983 632 1045 ἠφάνιζε
662 990 739 1042 τῆς
771 985 902 1043 αὐτῆς
930 985 1114 1045 μητρὸς,
1153 992 1253 1038 παῖς
1292 985 1351 1031 ὢν
1376 985 1536 1042 Σαύας,

44 1059 136 1117 ’ἥτις
163 1057 340 1121 ἐκώλυσε
371 1058 441 1101 καὶ
470 1057 544 1102 τὸν
573 1055 735 1114 Σηλώμ
762 1057 985 1114 ζευχθῆναι
1014 1060 1068 1117 τῇ
1111 1053 1293 1115 Θάμαρ,
1323 1061 1389 1119 τῷ
1422 1057 1539 1121 αὐτῷ

40 1131 155 1187 μίσει
173 1127 448 1189 κρατουμένη.

147 1200 262 1245 Λευὶ
293 1199 396 1242 ἐτῶν
425 1193 510 1257 ρλζ
543 1193 802 1254 ἐτελεύτησεν
829 1196 873 1240 ἓν
902 1192 1134 1257 Λῖγύπτῳ,
1171 1198 1233 1257 τῷ
1260 1191 1326 1253 κη’
1346 1193 1427 1241 ἔτει
1454 1199 1532 1246 τοῦ
1555 1201 1600 1240 Ρ.
1618 1203 1696 1242 420

0 1268 236 1328 [5Ἀμβρὰμ
258 1268 419 1327 πατρὸς
435 1267 670 1319 Μωῦσὲως.
693 1271 768 1312 τοῦ
787 1267 834 1311 δὲ
852 1263 1011 1323 κόσμου
1031 1261 1083 1324 ἦν
1105 1265 1198 1317 ἔτος
1217 1263 1342 1329 ‘72:¹⁷'-

151 1344 227 1400 Τῷ
257 1336 322 1394 ‘5ss'
349 1338 428 1383 ἴτει
453 1337 651 1397 Ἀμβρὰμ
679 1335 879 1398 ε’γεννῇθη
897 1337 1054 1397 Μαρία
1073 1335 1102 1397 ᾗ
1123 1336 1283 1398 ἀδελφῇ
1299 1336 1535 1389 Μωῧσὲως.

41 1414 120 1455 τοῦ
140 1410 187 1454 δὲ
205 1407 364 1466 κόσμου
385 1404 439 1468 ’ᾖν
462 1407 554 1460 ἴτος
574 1405 727 1469 ’γ’ψκὸἲ

150 1484 225 1540 Τῷ
259 1477 325 1536 οβ’
352 1478 432 1524 ἔτει
454 1478 653 1538 Ἀμβρὰμ
680 1474 880 1540 ἒγεννῇθη
899 1473 1076 1537 Ἀαρών.
1113 1479 1189 1520 τοῦ
1219 1475 1267 1521 δὲ
1291 1472 1451 1532 κόσμου
1482 1469 1537 1536 ᾖν

41 1548 137 1602 ἴτος
156 1547 311 1611 ’γ’ψλόἲ
1457 1554 1460 1557 ’

0 1627 34 1666 20
149 1620 238 1665 Τὸν
257 1620 303 1664 δὲ
323 1617 518 1664 Μωῧσὲα
541 1617 742 1676 τεχθέντα
764 1615 872 1673 μετὰ
898 1621 1158 1676 τριμηνιαῒον
1171 1610 1327 1674 χρόνον
1347 1613 1388 1658 οἶ
1403 1619 1536 1672 γονεῖς

135 1711 171 1747 1.
195 1704 497 1753 ἄποδεκατῶσαι]
522 1703 841 1744 cinnoma-domn
856 1706 898 1742 A.
923 1702 1203 1742 α’ποδεκατοὶσει
1221 1701 1263 1740 ἐν
1281 1700 1324 1737 Β.
1349 1698 1535 1739 ἀποδεκα-

133 1756 235 1804 τώσῃ
252 1753 294 1792 ἐν
320 1756 368 1790 G.
461 1757 496 1792 6.
523 1752 720 1802 εὐλόγησεν
742 1754 784 1789 Α.
878 1753 912 1788 9.
935 1754 1005 1799 τῆς
1023 1752 1068 1788 Β.
1097 1751 1164 1799 γῆς
1182 1751 1234 1788 G.
1327 1751 1384 1786 10.
1410 1746 1535 1787 αὖνᾶν

135 1804 210 1839 ΑΒ.
244 1801 375 1851 Αβνᾶμ
406 1802 454 1837 G.
577 1804 635 1840 11.
670 1799 819 1846 Σαύας]
845 1800 976 1848 Σαβοῖς
998 1799 1046 1834 G.
1166 1799 1222 1835 12.
1255 1795 1371 1842 σιλώμ
1395 1797 1438 1832 Β.

135 1849 192 1888 14.
219 1848 314 1887 ἐτοῖν
336 1849 417 1886 add.
443 1849 487 1886 B.
611 1850 668 1886 15.
692 1847 850 1895 Αμβρὰμ
870 1859 915 1883 m.
953 1845 1106 1893 ἅμβραμ
1133 1845 1177 1880 Β.
1209 1841 1367 1892 Αβραάμ
1391 1844 1440 1878 G.

134 1894 184 1945 ἦν
222 1896 305 1939 ἔτος
335 1897 418 1932 add.
443 1897 486 1934 B.
624 1898 682 1935 16.
715 1892 875 1944 Αμβροὶμ
904 1905 950 1930 m.
984 1891 1138 1942 ἄμβραμ
1161 1893 1205 1928 B.
1234 1891 1365 1940 Αβριὶμ
1390 1891 1439 1926 G.

134 1946 253 1992 μαρία
274 1946 318 1980 Β.
347 1939 372 1992 ἦ
401 1943 535 1990 Μαρία
559 1943 607 1981 G.
733 1945 789 1980 17.
824 1940 906 1984 ἔτος
938 1941 1019 1977 add.
1043 1942 1088 1976 B.
1218 1941 1277 1983 18.
1309 1936 1465 1987 ἄμβραμ
1487 1938 1532 1975 Β.

134 1990 290 2042 ἆβραάμ
311 1993 354 2028 Α.
380 1990 511 2039 Αβρᾶμ
535 1992 584 2028 G.
676 1993 735 2029 20.
758 1991 980 2037 τριμηναῖον
999 1989 1044 2024 Β.

39 2062 184 2109 fugeret
198 2061 325 2106 Iacob,
349 2060 495 2097 omnium
510 2073 532 2098 a
551 2073 590 2097 se
607 2060 892 2109 possidendorum
909 2057 1059 2094 decimas
1084 2057 1150 2093 deo
1173 2068 1212 2092 se
1232 2054 1427 2092 oblaturum
1449 2066 1532 2102 spo-

42 2109 180 2156 pondit.
227 2109 379 2146 Aliunde
407 2121 492 2144 vero
517 2109 549 2144 si
565 2109 719 2145 decimus
740 2120 761 2143 a
785 2107 919 2143 Rubem
943 2106 1033 2141 Aser
1055 2103 1304 2140 sacerdotalem
1325 2102 1532 2149 dignitatem

40 2157 256 2203 accepisset,
281 2156 484 2203 probrosum
510 2156 658 2192 ancillae
682 2166 792 2202 genus
816 2165 917 2189 sacra
938 2155 1213 2198 pertractasset,
1244 2149 1337 2197 quod
1363 2160 1531 2196 nusquam

40 2204 107 2239 deo
124 2203 290 2251 placitum
309 2203 388 2239 fuit.
435 2203 612 2239 Felicibus
633 2209 788 2238 votorum
805 2198 970 2246 auspiciis
986 2197 1166 2234 cumulatis
1184 2196 1266 2232 filiis
1284 2197 1423 2242 Ioseph,
1447 2207 1532 2243 pro-

41 2249 129 2297 priis
151 2250 254 2286 etiam
273 2251 318 2286 ad
337 2262 378 2286 se
395 2249 596 2293 advocatis,
620 2261 643 2285 a
660 2249 793 2285 Rubem
812 2246 912 2283 initio
931 2245 1048 2288 facto,
1071 2243 1324 2280 benedictionis
1341 2247 1427 2278 vota
1444 2253 1531 2277 cun-

42 2297 111 2332 ctis
128 2296 339 2344 impertivit3
363 2300 434 2331 tum
454 2297 499 2332 ad
515 2296 633 2332 Iudam
651 2296 772 2331 ordine
794 2304 999 2341 progressus
1011 2317 1023 2335 ‚
1048 2291 1141 2339 quali
1158 2302 1276 2337 regem
1298 2290 1400 2326 decet
1422 2289 1531 2324 bene·-

42 2342 196 2379 dictione
225 2344 319 2379 illum
341 2343 584 2390 prosequitur-3
616 2343 733 2390 quod,
765 2340 881 2383 aiunt,
915 2351 1001 2385 erga
1027 2339 1203 2374 mulierem
1227 2337 1402 2385 propriam
1430 2335 1531 2372 vide·

41 2390 128 2426 licet
152 2402 274 2425 nurum
304 2402 343 2425 se
366 2390 496 2425 iustum
522 2389 733 2432 ostenderit;
763 2387 917 2424 criminis
947 2386 1117 2433 siquidem
1144 2397 1188 2420 ex
1211 2383 1409 2430 ignorantia
1436 2394 1531 2418 com-

41 2436 141 2472 missi
162 2449 200 2472 se
217 2436 330 2484 ipsum
350 2448 446 2472 reum
463 2437 539 2483 egit
554 2442 591 2472 et
605 2435 793 2473 damnavit.
840 2435 996 2475 Thamar
1019 2432 1110 2469 enim
1127 2432 1290 2467 Abrahae
1312 2441 1443 2476 genere
1466 2441 1530 2465 na-

42 2488 134 2525 tam,
157 2487 198 2519 ut
215 2483 355 2530 quidam
373 2489 537 2526 narrant,
561 2485 638 2519 Her
659 2483 767 2519 Iudae
785 2481 876 2518 filius
897 2493 941 2517 ex
961 2480 1122 2526 coniugio
1143 2490 1220 2514 cum
1239 2477 1452 2512 Chananaea
1472 2487 1530 2510 sa-

41 2535 102 2567 tus
119 2530 157 2565 in
175 2542 314 2566 uxorem
333 2529 470 2566 ductam
487 2542 698 2576 cognoscere
717 2529 847 2573 noluit,
872 2540 915 2565 sc
935 2526 1069 2575 pariter
1083 2528 1196 2562 frater
1221 2523 1297 2560 eius
1320 2524 1454 2559 Abnam
1471 2534 1528 2556 se-

42 2588 121 2614 men
147 2581 247 2614 extra
271 2577 410 2613 vulvam
438 2577 594 2613 uxoriam
619 2576 864 2624 disperdebat3
896 2580 974 2612 erat
1003 2574 1134 2629 quippe
1160 2572 1276 2607 Sabae
1301 2570 1414 2613 filius,
1439 2579 1528 2615 quae

42 2623 123 2660 odio
141 2625 297 2660 Thamar
313 2624 428 2660 Selom
446 2623 587 2659 tertium
607 2625 750 2668 fratrem
771 2624 816 2659 ab
837 2622 990 2659 eiusdem
1006 2619 1164 2666 coniugio
1186 2615 1375 2665 prohibuit.

134 2671 223 2707 Levi
252 2671 379 2711 aetatis
410 2672 479 2709 137
504 2671 592 2707 obiit
614 2671 652 2707 in
678 2672 863 2719 Aegypto,
889 2671 1028 2707 'Amram
1058 2664 1171 2716 patris
1205 2664 1318 2702 Mosis
1350 2673 1438 2700 anno
1464 2661 1526 2704 28,

42 2716 160 2753 mundi
175 2730 259 2754 vero
279 2719 383 2756 3690.
1513 2752 1525 2762 ο

38 2766 270 2852 3724Μαι-εισι
302 2765 403 2802 annis
429 2766 476 2804 62
498 2767 605 2802 natus
629 2764 780 2801 Mariam
805 2763 915 2801 mosis
933 2772 1089 2800 sororem
1105 2757 1282 2806 suscepit,
1305 2767 1394 2795 anno
1410 2752 1528 2791 mundi

133 2859 270 2894 Amram
287 2859 415 2895 aetatis
432 2860 480 2896 72
494 2858 616 2906 genuit
631 2859 769 2904 Aaron,
793 2870 883 2896 anno
899 2855 1016 2893 mundi
1032 2851 1137 2894 3734.

131 2904 256 2942 Mosen
273 2910 389 2942 natum
401 2932 412 2950 ,
434 2907 554 2954 elapso
575 2906 677 2944 trium
695 2906 861 2944 mensium
876 2904 1014 2953 spatio,
1036 2904 1175 2939 Amram
1193 2903 1230 2936 et
1247 2895 1423 2937 Iochabed
1441 2906 1529 2943 quo-

137 2964 269 3013 Georg.
292 2966 484 3012 Syncellus.
506 2966 537 3001 Ι.
1192 2949 1247 2994 15
