1800 3236
212 201 316 270 380
710 245 715 250 .
749 207 1010 256 GEORGII
1038 207 1326 278 SYNCELLI

320 315 501 375 Τοῦτοις
531 325 621 372 τοῖς
652 317 823 379 χρόνοις
856 319 1166 380 προεφήτευσεν
1189 321 1338 380 Ὠσηὲ,
1380 321 1522 380 Ἀμώς
1561 322 1719 379 Ἰωνᾶς,

210 390 367 448 Ναοῦμ
378 424 393 446 ,
432 389 554 448 ἡνίκα
577 392 646 435 καὶ
662 391 807 442 Ἰωνᾶς
829 391 1085 450 ἐκπεμφθεὶς
1101 395 1158 445 εἷς
1181 396 1326 437 Νινευὶ
1349 396 1408 446 εἷς
1434 396 1598 453 Θαρσὶς
1619 394 1723 454 φεῦ-

56 466 99 503 Ρ.
121 465 193 503 202
216 479 276 520 γει
301 463 369 506 καὶ
390 459 472 506 ὕπὸ
498 459 654 518 κήτους
677 463 938 512 καταποθεῖς
957 461 1182 523 τριήμερος
1198 464 1431 521 ’ἀνεμεΐταμ
1494 467 1657 526 Θαρσὶς
1676 467 1722 510 δὲ

207 530 355 577 Ῥόδον
382 533 452 576 καὶ
471 529 651 589 Κύπρον
666 531 918 591 Ἀφρικανὸς
940 533 1042 590 λέγει
1065 533 1182 579 εἶναι.

247 607 339 648 Τοῦ
358 602 528 662 Ἰσραὴλ
549 600 606 658 ιβ’
624 603 890 659 ἐβασίλευσεν
906 601 1137 662 Ἱεροβωάμ
1156 605 1228 664 ἔτη
1248 602 1325 661 μα’
1344 605 1435 658 υἱὸς
1452 604 1584 659 Ἰωάς.
1644 601 1752 651 οῦ-5

348 691 423 724 τος
454 673 640 717 ἀπέδωκε
664 674 714 718 τὸ
743 672 859 732 ὅριον
882 674 1054 733 Ἰσραὴλ
1082 676 1192 720 κατὰ
1224 676 1301 734 τὴν
1322 679 1582 737 προφητείαν
1600 677 1723 722 Ἰωνᾶ

351 747 428 788 τοῦ
457 743 617 800 Ἀμαθὶ
645 749 723 789 τοῦ
756 747 799 790 Γ
795 747 972 790 ετθαιόυ
997 750 1074 791 τοῦ
1095 745 1332 807 προφήτου.
1380 752 1458 793 τοῦ
1488 749 1535 793 δὲ
1560 746 1722 806 κόσμου

347 809 401 872 ἦν
425 813 519 866 ἵτος
539 813 687 876 Ιὸχοα’.

246 888 337 930 Τοῦ
356 885 528 943 Ἰσραὴλ
550 883 602 943 ιγ’
625 885 866 942 ἐβασίλευσε
888 887 1110 947 Ζαχαρίας
1129 892 1268 946 μῆνας
1290 884 1342 943 ς’,
1363 887 1474 944 μεθ’
1497 886 1545 933 ὃν
1567 886 1623 933 ιδ’
1641 894 1723 935 Σε-

350 955 461 1012 λοὺμ
483 953 644 1015 ἡμέρας
675 954 726 1001 λ’.
764 960 918 1001 τοῦτον
948 956 1196 1011 ἀποκτείνας
1234 959 1429 1017 Μαναὴμ
1459 957 1482 1004 ὅ
1505 964 1581 1004 τοῦ
1612 963 1654 1004 Γ
1651 962 1722 1004 a&
1738 963 1782 1002 10

353 1027 595 1083 ἐβασίλευσε
611 1032 687 1072 τοῦ
702 1027 872 1085 Ἰσραὴλ
892 1026 962 1085 ἴτη
979 1027 1018 1074 ι’.
1056 1034 1134 1074 τοῦ
1153 1032 1199 1074 δὲ
1211 1029 1371 1086 κόσμου
1387 1025 1439 1087 ἦν
1458 1029 1551 1082 ξ’τος
1571 1028 1721 1093 Ιὸψιρν.

174 1100 206 1138 Β
253 1101 344 1141 Τοῦ
368 1097 540 1156 Ἰσραὴλ
567 1095 614 1142 ιε’
646 1098 888 1153 ἐβασίλευσε
908 1099 1105 1158 Μαναὴμ
1137 1099 1207 1159 ἔτη
1237 1100 1307 1158 ιβ’.
1346 1101 1400 1145 τὰ
1419 1101 1465 1146 δὲ
1484 1102 1619 1146 πολλὰ
1641 1106 1726 1147 τῶν

355 1163 622 1228 ἀντιγράφων
641 1169 713 1227 ἕτη
736 1167 761 1213 ι’
783 1168 937 1226 ἔχουσι.
980 1175 1057 1215 τοῦ
1081 1173 1128 1215 δὲ
1147 1170 1310 1228 κόσμου’
1328 1167 1381 1230 ἦν
1404 1171 1497 1224 ἔτος
1514 1170 1674 1233 Ιδψκβῖ

245 1284 261 1291 ς
326 1233 464 1291 Οὗτος
493 1240 593 1291 τούς
624 1240 684 1298 μὴ
712 1240 961 1296 δεχομένους
981 1241 1110 1286 αὐτὸν
1143 1244 1187 1286 ἒν
1224 1241 1378 1302 τάφοις
1413 1243 1626 1302 διέφθειρε
1655 1244 1725 1287 καὶ

214 1309 294 1362 τὰς
314 1307 483 1368 ε’γκύους
499 1317 698 1367 γυναῖκας
718 1311 942 1368 ἀνέρρηξεν
964 1311 1141 1367 ἀσεβῶς.
1736 1322 1782 1358 15

252 1385 343 1425 Τοῦ
355 1380 525 1439 Ἰσραὴλ
545 1379 595 1433 ις’
614 1383 855 1437 ἐβασίλευσε
873 1384 1085 1434 Φακεσιάς
1103 1382 1407 1442 υἶόςΜαναῆμ
1427 1380 1499 1441 ξ’τη
1521 1380 1562 1428 ι’.
1576 1381 1725 1443 Ἀφρι-

354 1451 482 1503 κανὸς
504 1452 550 1495 δὲ
569 1451 641 1510 ἔτη
661 1450 719 1508 β’.
758 1456 835 1496 τοῦ
853 1453 898 1496 δὲ
921 1450 1082 1509 κόσμου
1108 1449 1159 1511 ἦν
1169 1453 1262 1506 ἔτος
1283 1451 1439 1516 Ιὸψλγῖ

323 1522 412 1567 Τὸν
436 1523 650 1567 Φακεσιάν
684 1522 933 1575 ἀποκτείνας
958 1525 1095 1569 Φακεὲ
1122 1525 1215 1577 υἱὸς
1235 1523 1450 1583 Ῥομελίου
1482 1524 1724 1581 ἐβασίλευσε

213 1597 291 1639 τοῦ
308 1590 492 1652 Ἰσραήλ.

52 1662 95 1698 V·
122 1662 192 1700 162
321 1668 412 1708 Τοῦ
446 1663 618 1723 Ἰσραὴλ
658 1660 707 1717 ιζ’
734 1663 976 1720 ἐβασίλευσε
1020 1665 1158 1709 Φακεὲ
1189 1664 1279 1716 υἱὸς
1311 1662 1525 1721 Ῥομελιόυ
1555 1664 1626 1723 ἔτη
1656 1662 1783 1723 κη’20

173 1710 323 1780 exaro}
349 1734 424 1778 τὸν
451 1734 604 1793 ἀκριβῆ
637 1731 773 1792 λόγον.
820 1738 897 1779 τοῦ
925 1735 972 1779 δὲ
996 1733 1157 1792 κόσμου
1190 1730 1243 1792 ἦν
1271 1735 1365 1787 ἔτος
1395 1733 1557 1797 fimus.
1612 1735 1724 1780 οῦτω

304 1826 340 1861 2.
365 1822 429 1860 καὶ
450 1843 497 1849 ——
520 1819 652 1870 φεύγει
675 1835 742 1859 om.
767 1823 811 1859 Β.
941 1823 1096 1870 Θαρσὶς]
1126 1824 1243 1870 Vulgo
1268 1824 1429 1870 Θαρσεὶς
1455 1825 1512 1860 bis
1544 1822 1725 1871 deinceps.

402 1873 437 1908 3.
461 1871 697 1912 καταποθεὶς
718 1871 760 1907 Β.
792 1872 1037 1911 καταπωθεὶς
1062 1873 1110 1907 G.
1241 1871 1275 1908 5.
1309 1870 1503 1919 ἰεροβωᾶμ
1532 1872 1575 1907 Β.
1613 1877 1726 1918 Ιερω-

306 1916 410 1967 βοᾶμ
433 1920 481 1954 G.
607 1921 641 1957 7.
668 1917 814 1964 ἅμαθεὶ
839 1919 883 1955 Β.
1007 1919 1173 1956 Γεταίου
1198 1919 1245 1956 G.
1367 1921 1402 1956 9.
1428 1918 1565 1965 σελοὺμ
1586 1920 1629 1955 Β.
1656 1923 1727 1957 Σι-

307 1965 404 2011 λούμ
432 1968 479 2001 G.
514 1964 686 2013 Σελλούμ
720 1967 808 2013 Reg.
840 1966 904 2006 IV,
931 1968 996 2011 15,
1031 1970 1089 2005 10.
1229 1971 1286 2007 10.
1317 1965 1533 2005 ἀπέκτεινεν
1563 1969 1612 2004 G.

307 2014 434 2053 Γαδὸὶ
457 2015 546 2061 Reg.
566 2015 630 2051 IV.
656 2017 713 2059 15,
740 2013 797 2052 14.
909 2014 966 2052 14.
992 2013 1164 2063 τάπφοις
1187 2015 1229 2053 Β.
1353 2018 1412 2055 18.
1436 2014 1652 2054 ἀπέκτεινεν
1673 2016 1723 2053 G.

378 2064 436 2099 20.
462 2061 647 2109 ῥωμελίου
671 2064 714 2099 Α.
738 2061 942 2110 ρωμελείου
964 2063 1008 2099 Β.

309 2132 376 2168 His
411 2133 626 2179 temporibus
667 2134 783 2176 Osee,
816 2134 942 2176 Amos,
967 2134 1069 2170 Ionas
1101 2137 1138 2170 et
1162 2134 1278 2169 Naum
1306 2134 1502 2181 prophetae
1530 2134 1725 2172 clarebant.

215 2180 264 2216 At
279 2180 340 2215 ubi
358 2181 461 2216 Ionas
481 2181 645 2218 Ninivem
662 2180 835 2225 mittitur,
861 2182 899 2216 in
918 2182 1068 2216 Tharsis
1083 2181 1222 2226 fugiens
1239 2185 1277 2216 et
1293 2193 1314 2216 a
1335 2186 1414 2216 ceto
1431 2182 1634 2225 devoratus,
1658 2182 1726 2217 tri-

215 2228 555 2310 dugnuzievomitur.
602 2229 754 2265 Tharsis
769 2240 876 2276 porro
895 2228 1066 2266 vocabulo
1083 2228 1244 2264 Rhodum
1262 2227 1321 2264 vel
1338 2229 1495 2276 Cyprum
1512 2229 1725 2265 intellectam

218 2273 256 2311 iu
283 2279 320 2310 et
387 2276 536 2311 ricanus.

264 2322 376 2358 Israel
398 2334 462 2358 rex
488 2324 532 2359 12
555 2323 768 2358 Hieroboam
786 2322 879 2357 filius
894 2322 974 2357 Ioas
995 2321 1094 2357 annis
1113 2322 1158 2359 41
1178 2321 1392 2358 restauravit
1419 2323 1480 2359 ille
1508 2324 1597 2359 fines
1614 2323 1726 2359 Israel

334 2369 439 2451 iuxta³
458 2370 567 2454 Ignae
596 2370 662 2406 filii
690 2369 830 2410 Amathi
854 2370 1004 2405 Gettaei
1029 2370 1226 2417 prophetae
1251 2370 1480 2415 vaticinium3
1522 2383 1610 2407 anno
1640 2383 1725 2406 vero

334 2428 416 2452 mun
443 2417 455 2452 i
499 2419 581 2454 671.

263 2463 375 2500 Israel
398 2476 463 2500 rex
487 2465 533 2502 13
558 2464 752 2500 Zacharias
777 2463 951 2500 mensibus
977 2476 1062 2506 sex,
1094 2463 1153 2500 cui
1177 2462 1285 2499 Silum
1310 2475 1374 2500 rex
1402 2461 1448 2501 14
1464 2463 1634 2499 successit
1650 2464 1726 2500 die-

334 2512 400 2548 bus
418 2513 485 2555 30,
509 2523 610 2558 quem
639 2511 769 2547 occidit
790 2511 977 2549 Manahem
1004 2511 1098 2547 filius
1126 2511 1267 2555 Gaddi,
1291 2516 1329 2548 et
1355 2523 1500 2559 regnum
1526 2511 1639 2547 tenuit
1662 2524 1726 2548 an-

337 2559 392 2595 nis
419 2563 487 2603 10,
509 2559 629 2594 mundi
640 2571 725 2595 vero
742 2557 849 2596 4712.

266 2607 378 2645 Israel
399 2619 464 2691 rix
491 2607 536 2645 15
559 2607 746 2643 Manahem
766 2605 867 2642 annis
890 2607 960 2651 12,
984 2606 1085 2655 plura
1105 2605 1321 2654 exemplaria
1338 2605 1497 2641 scribunt
1516 2607 1583 2648 10,
1607 2605 1726 2642 mundi

312 2667 401 2692 vero
446 2656 529 2692 713.

313 2702 386 2746 Qui
415 2714 455 2738 se
482 2713 601 2749 regem
627 2712 819 2747 agnoscere
846 2703 1072 2744 recusarent,
1115 2700 1248 2736 occidit
1271 2700 1456 2737 Manahem
1484 2699 1521 2735 iu
1551 2699 1725 2748 sepulcris

220 2752 258 2785 et
276 2751 438 2786 mulieres
457 2753 591 2785 uterum
611 2751 791 2794 gestantes
819 2747 950 2782 medias
975 2747 1142 2783 atrociter
1160 2748 1280 2782 scidit.

266 2797 378 2834 Israel
402 2808 465 2833 rex
491 2797 536 2835 16
557 2795 748 2832 Phacesias
769 2794 862 2830 filius
888 2794 1075 2831 Manahem
1107 2795 1205 2831 aunis
1227 2798 1296 2838 10,
1320 2805 1364 2830 ex
1387 2793 1546 2831 Africani
1563 2798 1725 2842 computo

315 2845 474 2887 duobus,
499 2843 617 2880 mundi
635 2855 720 2879 vero
740 2841 846 2879 4723.
1620 2883 1621 2886 ¹

316 2892 520 2928 Phacesiam
538 2890 677 2927 sustulit
685 2890 836 2932 Phacee,
847 2888 939 2924 filius
946 2888 1136 2931 Romeliae‚
1153 2892 1190 2924 et
1199 2888 1310 2924 Israel
1326 2887 1546 2935 tyrannidem
1561 2887 1723 2934 arripuit.

226 2945 227 2948 ’
270 2938 380 2976 Israel
404 2951 467 2975 rex
493 2939 536 2976 17
560 2939 720 2980 Phacee,
741 2936 833 2972 filius
848 2936 1049 2980 Romanae,
1070 2937 1261 2973 secundum
1285 2935 1538 2973 accuratiorem
1557 2934 1724 2972 calculum

344 2986 446 3023 annis
461 2988 509 3024 28
522 3011 535 3034 ,
558 2985 675 3023 mundi
698 2996 782 3022 vero
798 2983 904 3022 4733.
