1754 3236
160 189 229 239 44
305 202 307 204 ’
637 188 887 237 GEORGII
916 182 1202 234 SYNCELLI

30 315 73 353 P.
95 313 143 353 25
165 305 406 366 θυγατέρας
432 308 516 350 τῶν
530 301 770 362 ἀνθρώπων
791 305 868 358 τῆς
881 302 969 357 γῆς,
994 298 1062 341 καὶ
1082 289 1453 351 συνεκοιμήθησαν
1470 289 1567 348 μετ’
1590 289 1669 334 αὖ-

165 383 265 434 τῶν,
304 379 373 422 καὶ
393 378 436 421 ἓν
449 382 545 429 ,ταῖς
564 371 755 431 θηλείαις
773 369 1050 427 ἒμιάνθησαν,
1087 367 1156 411 καὶ
1178 363 1395 422 ἐδήλωσαν
1416 362 1565 413 αὗταΐς
1584 359 1670 405 πά-

168 467 249 501 σας
267 448 344 499 τὰς
363 445 594 505 ἁμαρτίας,
633 446 702 488 καὶ
734 443 928 492 ἐδίδαξαν
952 438 1084 489 αὐτὰς
1102 438 1290 494 μίσητρα
1311 442 1463 488 ποιεῖν,
1502 434 1572 477 καὶ
1593 436 1669 476 νῦν

165 519 259 565 ῗδού
282 519 325 563 αἱ
336 518 565 575 θυγατέρες
584 520 667 558 τῶν
686 510 924 572 ἀνθρώπιον
944 509 1082 553 ἔτεκον
1101 510 1144 560 ἒξ
1165 507 1305 551 αὐτῶν
1317 505 1436 557 υἱοὺς
1458 505 1666 563 γίγαντας.

31 595 78 632 V·
95 596 143 636 20
167 592 346 647 κίβδηλα
380 590 445 632 ἐπὶ
474 591 551 644 τῆς
579 589 655 643 γῆς
686 589 772 628 τῶν
802 578 1042 640 ἀνθρώπων
1080 579 1316 635 ἐκκέχυται,
1357 578 1426 621 καὶ
1455 574 1533 632 ὅλη
1562 572 1589 632 ἢ
1617 577 1700 632 γῆ5

165 659 360 717 ἐπλήσθη
393 658 568 708 ἀδικίας.
617 657 687 699 καὶ
718 659 793 698 νῦν
825 652 918 696 ἰδοὺ
957 650 1012 695 τὰ
1035 648 1254 706 πνεύματα
1285 652 1371 693 τῶν
1402 651 1556 705 ψυχῶν
1585 649 1671 690 τῶν

165 728 470 777 ἀποθανόντων
491 723 728 784 ἀνθρώπων
748 721 1054 781 ἐντυγχάνουσι,
1089 722 1157 765 καὶ
1178 721 1299 779 μέχρι
1321 723 1407 763 τῶν
1424 721 1569 763 πυλῶν
1594 719 1672 761 τοῦ

167 802 348 861 ούρανοῦ
370 799 497 856 ἀνέβη
521 797 542 843 ὃ
565 796 791 854 στεναγμὸς
816 795 979 847 αὐτῶν,
1018 794 1088 836 καὶ
1112 791 1161 836 οὗ
1183 790 1360 835 δύναται
1383 791 1567 842 ἐξελθεῖν
1586 787 1670 833 ἀπὸ

164 870 390 932 προσώπου
423 874 507 914 τῶν
541 869 606 913 ἐπὶ
644 872 720 924 τῆς
736 870 811 924 γῆς
827 865 1052 923 γινομένων
1077 860 1360 920 ἀδικημάτων.
1397 859 1537 905 καὶσὺ
1563 858 1674 914 αὐτὰ

166 942 286 994 οἶδας
315 941 396 1001 πρὸ
428 945 514 986 τῶν
549 938 660 984 αὐτὰ
687 939 882 995 γενέσθαι
914 937 983 980 καὶ
1020 932 1123 996 δρᾷς
1144 934 1299 985 αὖτοὺς
1315 934 1384 977 καὶ
1410 933 1482 995 ἐᾷς
1503 930 1671 985 αὐτοὺς,
1684 938 1730 974 10

166 1016 235 1059 καὶ
265 1012 385 1057 οῦδὲν
413 1013 552 1070 λέγεις.
590 1012 634 1055 τί
660 1011 726 1053 δεῖ
746 1012 919 1065 ποιῆσαι
940 1005 1095 1056 αὐτοὺς
1115 1007 1206 1064 περὶ
1227 1002 1410 1061 τούτους

128 1096 162 1133 Β
279 1081 386 1128 Τότε
406 1081 427 1127 ὃ
449 1081 630 1138 ὕψιστος
651 1078 736 1124 εἷπε
747 1081 815 1123 καὶ
836 1076 857 1122 ὃ
881 1076 997 1136 ἅγιος
1021 1074 1042 1121 ὃ
1067 1077 1195 1135 μέγας
1209 1074 1398 1133 ἔλάλησε,
1422 1074 1492 1118 καὶ
1512 1071 1674 1129 ἔπεμψε

168 1155 243 1200 τὸν
266 1154 424 1213 Οὗριὴλ
445 1153 549 1211 πρὸς
568 1153 640 1197 τὸν
662 1150 753 1194 υἱὸν
772 1147 937 1206 Λάμεχ*
957 1148 1107 1207 λέγων,
1143 1145 1325 1206 πορεύου
1348 1146 1455 1205 πρὸς
1473 1144 1548 1189 τὸν
1573 1147 1674 1188 Νῶε

171 1227 240 1270 καὶ
259 1225 373 1269 εῗπὸν
398 1224 510 1284 αὐτῷ
523 1258 536 1278 ,
573 1227 634 1284 τῷ
655 1223 740 1282 ἐμῷ
764 1218 937 1276 ὀνόματι
959 1216 1124 1279 κρύψον
1147 1217 1348 1272 σεαυτὸν,
1388 1218 1457 1261 καὶ
1481 1213 1674 1273 δήλωσον

171 1296 287 1357 αὐτῷ
306 1293 432 1347 τέλος
461 1292 731 1354 ἐπερχόμενον
743 1326 757 1346 ,
799 1290 862 1336 ὅτι
890 1289 917 1348 ἡ
943 1295 996 1349 γῆ
1027 1287 1259 1355 ἀπόλλυται
1286 1293 1418 1334 πᾶσα.
1466 1288 1536 1332 καὶ
1558 1285 1674 1331 εἰπὸν
1688 1292 1732 1331 15

171 1366 287 1428 αὐτῷ
311 1365 374 1410 ὅτι
397 1358 688 1421 κατακλυσμός
710 1363 847 1420 μέλλει
868 1364 1061 1421 γίνεσθαι
1080 1359 1220 1419 πάσης
1239 1365 1316 1417 τῆς
1334 1364 1431 1418 γῆς,
1469 1358 1675 1402 ἀπολέσαι

170 1436 310 1483 πάντα
338 1436 420 1481 ἀπὸ
453 1430 681 1495 προσώπου
701 1438 776 1491 τῆς
796 1438 884 1491 γῆς.
935 1434 1107 1485 δίδαξον
1136 1433 1211 1477 τὸν
1240 1434 1401 1476 δίκαιον
1429 1430 1474 1474 τί
1493 1427 1671 1486 ποιήσει,

169 1508 245 1553 τὸν
265 1507 357 1552 υἱὸν
385 1505 567 1564 Λάμεχ,
607 1508 676 1552 καὶ
705 1504 783 1562 τὴν
799 1504 943 1562 ψυχὴν
965 1504 1097 1548 αὐτοῦ
1119 1505 1177 1555 εἷς
1208 1503 1314 1560 ζωὴν
1333 1498 1585 1560 συντηρήσει
1604 1501 1677 1544 καὶ

168 1576 407 1638 ἐκφεύξεται
432 1578 491 1622 δι’
526 1580 679 1628 αἰῶνος
708 1577 777 1620 καὶ
803 1577 846 1627 ἐξ
877 1575 1009 1619 αὐτοῦ
1041 1572 1356 1634 φυτευθήσεται
1391 1569 1585 1631 φύτευμα
1606 1571 1677 1614 καὶ

168 1647 432 1706 σταθήσεται
454 1646 595 1700 πάσας
614 1648 691 1699 τὰς
711 1646 854 1705 γενεὰς
874 1650 951 1690 τοῦ
975 1647 1141 1697 αἰῶνος.
1189 1647 1260 1689 καὶ
1278 1649 1338 1705 τῷ
1355 1641 1548 1702 Ῥαφαὴλ
1571 1640 1670 1696 εἷπε,
1686 1652 1734 1689 20

168 1718 349 1779 πορεύου
368 1718 574 1779 Ῥαφαὴλ,
604 1721 672 1763 καὶ
693 1721 824 1775 δῆσον
844 1717 919 1762 τὸν
934 1716 1100 1774 Ἀζαὴλ,
1119 1718 1240 1775 χερσὶ
1259 1718 1329 1760 καὶ
1347 1716 1448 1774 ποσὶ
1466 1711 1676 1769 συμπόδι-

169 1807 247 1836 σον
282 1789 410 1835 αὗτόν
420 1823 435 1845 ,
474 1792 544 1834 καὶ
571 1790 728 1847 ἔμβαλε
750 1787 879 1833 αὐτὸν
910 1790 968 1840 εἷς
996 1788 1045 1833 τὸ
1081 1785 1253 1843 σκότος,
1293 1788 1363 1831 καὶ
1399 1784 1562 1837 ἄνοιξον
1597 1784 1676 1841 τὴν

262 1904 299 1940 3.
326 1899 447 1945 αὐτὰς
469 1901 551 1938 add.
574 1902 618 1937 A.
710 1901 872 1948 μίσητρα
890 1913 935 1937 m.
960 1900 1115 1949 μίσιτρα
1139 1901 1187 1936 G.
1285 1896 1322 1936 4.
1354 1898 1432 1935 τῶν
1455 1893 1677 1944 ἀνθρώπων

264 1950 345 1985 add.
370 1951 413 1985 A.
507 1951 542 1988 5.
566 1951 634 1996 τῆς
650 1949 717 1996 γῆς
740 1951 784 1985 Α.
824 1950 892 1996 τῆς
915 1960 982 1984 om.
1008 1949 1054 1983 G.
1163 1949 1221 1985 11.
1254 1946 1398 1990 αὐτοῦς
1422 1945 1507 1991 περὶ
1529 1949 1572 1982 Α.
1607 1945 1676 1982 αὖ·

263 1994 450 2094 alls&
469 1997 518 2034 G.
611 1998 667 2035 13.
690 1994 818 2045 Λάμεχ
841 1999 884 2034 A.
907 1998 979 2034 τοῦ
1002 1993 1134 2044 Λάμεχ
1157 1997 1206 2032 G.
1300 1997 1361 2034 22.
1386 1993 1522 2044 ἔμβαλε
1545 1996 1588 2031 Α.
1613 1992 1677 2041 ἔμ-

173 2140 220 2176 ad
236 2139 327 2176 filias
342 2138 515 2175 hominum
533 2142 650 2177 terrae
668 2138 909 2185 diverterunt,
933 2144 971 2177 et
996 2152 1073 2177 cum
1098 2140 1163 2182 eis.
1179 2139 1414 2176 dormierunt=
1445 2137 1569 2186 polluti
1596 2140 1678 2173 sunt

174 2199 251 2223 cum
286 2187 511 2231 mulieribus,
533 2189 622 2224 nihil
647 2199 716 2223 non
744 2189 976 2224 facinorosum
1004 2190 1056 2224 eis
1082 2192 1355 2235 aperueruntsset
1384 2199 1490 2223 exosa
1517 2198 1678 2234 quaeque

173 2239 381 2282 perpetrare
408 2235 632 2271 edocuerunt.
679 2236 736 2271 En
756 2237 899 2283 insuper
918 2242 958 2272 ut
975 2237 1107 2284 prolem
1129 2236 1364 2282 Gigantaeam
1394 2235 1445 2270 eis
1466 2237 1681 2282 pepererunt

175 2282 348 2317 hominum
368 2282 479 2317 filiae:
502 2286 596 2318 tetra
613 2284 847 2330 corruptionis
865 2285 963 2320 labes
979 2289 1110 2319 terram
1131 2296 1263 2319 omnem
1281 2287 1444 2329 grassata
1461 2286 1536 2325 est,
1557 2285 1594 2316 et
1610 2280 1679 2315 ini-

175 2329 303 2376 quitati
320 2329 434 2364 nullus
451 2329 641 2377 impervius
659 2332 756 2366 locus
774 2333 888 2367 factus
907 2336 971 2367 est.
1005 2332 1063 2366 En
1081 2331 1223 2366 adstant
1243 2331 1388 2378 spiritus
1406 2330 1596 2374 animarum
1614 2329 1679 2363 ho-

175 2376 303 2411 minum
323 2383 435 2411 morte
453 2376 520 2412 iam
539 2377 747 2421 functorum,
773 2385 809 2414 et
829 2379 873 2414 ad
892 2383 1012 2425 portas
1025 2391 1134 2426 usque
1146 2379 1235 2414 caeli
1255 2379 1410 2425 suspiria
1430 2389 1546 2412 eorum
1567 2376 1680 2423 perti-

175 2427 336 2466 nuerunt,
361 2428 425 2458 nec
445 2428 589 2470 propter
613 2425 780 2461 scelerum
805 2426 842 2461 in
859 2427 965 2461 terris
989 2426 1244 2462 commissorum
1267 2426 1477 2472 gravitatem
1497 2424 1681 2459 discedere

176 2477 319 2517 queunt.
348 2470 406 2506 Tu
423 2475 551 2516 tamen,
574 2477 755 2519 antequam
772 2473 870 2516 fiant,
895 2474 957 2510 illa
975 2474 1080 2519 nosti,
1107 2474 1220 2518 vide-⁰2,
1241 2473 1427 2521 permittiS‚
1454 2485 1520 2508 nec
1535 2472 1680 2507 verbum

175 2517 361 2564 eloqueris.
405 2518 503 2560 Quid
520 2519 572 2554 rei
588 2531 678 2557 nunc
698 2521 897 2566 agendum?

269 2565 467 2611 Respondit
492 2565 698 2610 altissimus,
732 2570 769 2602 et
784 2573 923 2603 sanctus
940 2568 1098 2604 excelsus
1123 2569 1289 2616 loquutus
1307 2570 1381 2602 est:
1406 2569 1443 2601 et
1468 2565 1562 2601 misit
1577 2563 1682 2599 Uriel

174 2611 221 2647 ad
239 2611 347 2647 filium
369 2612 541 2657 Lamech,
565 2613 702 2649 dicens:
728 2614 819 2649 vade
838 2615 882 2649 ad
909 2617 990 2651 Noe
1023 2622 1060 2651 et.
1082 2616 1141 2651 dic
1160 2617 1212 2652 ei:
1248 2614 1457 2650 circumvola
1473 2618 1510 2648 te
1536 2611 1682 2647 nominis

175 2658 244 2694 mei
262 2658 417 2702 virtute,
441 2663 478 2694 et
498 2665 703 2696 eventurum
732 2662 835 2696 finem
854 2662 903 2696 illi
931 2663 1123 2698 denuncia:
1155 2668 1252 2698 terra
1272 2661 1403 2709 peribit
1426 2660 1586 2695 funditus
1603 2658 1683 2694 uni-

172 2718 287 2742 versa.
338 2706 387 2741 Et
409 2705 466 2741 dic
484 2706 537 2742 eit
561 2707 669 2742 totius
687 2712 804 2743 terrae
824 2709 978 2744 futurum
1006 2715 1060 2745 est
1079 2711 1266 2745 diluvium:
1291 2714 1331 2744 ut
1353 2722 1372 2743 e
1394 2707 1581 2754 superficie
1609 2711 1684 2749 tete

173 2765 237 2789 rae
256 2757 382 2789 cuncta
400 2753 603 2800 dispereant
630 2758 666 2789 et
685 2755 881 2790 deleantur.
938 2757 1061 2792 Edoce
1079 2757 1208 2793 iustum
1243 2756 1328 2803 quid
1356 2759 1441 2802 agat
1475 2754 1582 2791 filium
1611 2754 1683 2789 La-

173 2801 295 2844 mech,
319 2804 357 2837 et
373 2801 522 2837 animum
542 2801 617 2837 eius
631 2801 767 2837 instrue
780 2828 790 2846 ‚
816 2807 854 2838 ut
874 2810 1036 2839 servetur
1053 2804 1236 2840 incolumis
1262 2807 1299 2838 et
1317 2815 1380 2850 per
1403 2802 1576 2837 saeculum
1598 2809 1683 2848 per'-

174 2847 301 2883 niciem
337 2849 484 2885 evadat:
523 2848 599 2884 eius
639 2849 809 2895 siquidem
848 2849 1020 2886 industria
1047 2864 1140 2887 nova
1169 2852 1291 2898 planta
1316 2850 1502 2897 pullulabit
1525 2853 1563 2884 et
1589 2849 1683 2884 cole-

176 2899 257 2936 tur,
284 2899 320 2931 et
338 2908 402 2942 per
428 2907 546 2932 omnes
578 2896 708 2931 saeculi
729 2897 972 2943 generationes
999 2899 1181 2934 consistet.
1228 2899 1279 2933 Et
1298 2898 1457 2944 Raphael
1478 2897 1588 2932 dixit:
1619 2907 1690 2934 vae

178 2942 225 2979 dc
244 2942 404 2990 Raphael
434 2943 606 2991 etssAzael
629 2942 725 2991 liga,
748 2955 869 2982 manus
895 2949 933 2981 et
952 2946 1061 2993 pedes
1089 2947 1164 2984 eius
1190 2945 1339 2982 vinculis
1364 2944 1565 2990 constringe
1588 2947 1626 2980 et
1646 2942 1684 2978 in
