1800 3236
173 152 278 203 726
642 154 899 201 GEORGII
925 152 1216 202 SYNCELLI

176 292 251 320 νει.
295 267 451 317 τούτου
483 268 531 315 δέ
559 267 734 314 ταπεινὰ
758 268 827 311 καὶ
851 269 1093 323 χαμαιπετῆ
1120 267 1214 325 περὶ
1243 269 1320 311 τοῦ
1349 267 1546 326 Χριστοῦ
1574 265 1693 325 παρὰ

176 345 255 402 τὴν
287 341 629 400 ἐκκλησιαστικὴν
660 339 937 383 διδασκαλίαν
970 334 1288 397 φρονήσαντος,
1338 335 1396 389 ὥς
1433 341 1574 382 κοινοῦ
1615 342 1692 394 τῆς

177 413 345 476 φύσεως
367 410 601 472 ἀνθρώπου
630 408 880 469 γενομένου,
920 405 942 453 ὃ
973 408 1051 466 μὲν
1077 408 1186 453 κατὰ
1201 405 1514 467 Ἀλεξάνδρειαν
1531 406 1693 452 Διονύ-

177 503 269 538 σιος
287 485 601 544 παρακληθεὶς,
641 479 699 532 ὥς
720 479 772 524 ἂν
793 480 860 523 ἐπὶ
884 478 962 537 τὴν
988 475 1169 524 σύνοδον
1191 479 1385 539 ἀφίκοιτο
1395 512 1410 535 ,
1429 483 1565 538 γῆρας
1584 476 1692 535 ὄμοῦ

178 559 248 602 καὶ
268 557 490 601 ἀσθένειαν
508 557 585 598 τοῦ
607 549 807 609 σώματος
827 548 1125 607 αἶτιασάμενος
1153 550 1404 595 ἀνατίθεται
1423 549 1502 608 τὴν
1523 555 1721 608 παρου-5

123 630 275 676 ,1)σίαν
297 626 357 671 δι’
388 626 612 682 ἐπιστολῆς
638 623 716 680 τὴν
740 621 874 666 αὐτοῦ
905 618 1077 679 γνώμην
1096 620 1149 679 ἢν
1172 620 1253 678 ἔχει
1273 623 1367 681 περὶ
1392 625 1470 666 τοῦ
1491 620 1694 678 ζητουμέ-

176 716 252 745 νου
277 693 571 756 παραστήσας.
611 694 651 738 οἶ
673 694 719 738 δὲ
738 694 878 738 λοιποὶ
900 697 983 737 τῶν
1005 693 1232 750 ἐκκλησιῶν
1254 691 1445 749 ποιμένες
1467 691 1596 743 ἄλλος
1616 690 1696 735 ἅλ-

176 774 306 821 λοθεν
327 766 386 820 ὥς
404 769 470 811 ἐπὶ
496 769 692 823 λυμεῶνα
720 769 798 822 τῆς
817 767 1014 822 Χριστοῦ
1035 768 1217 822 ποιμνῆς
1238 761 1447 822 συνῄεσαν
1474 763 1515 807 οἳ
1541 761 1695 814 πάντες

177 842 245 885 ἐπὶ
277 839 355 896 τὴν
383 835 637 895 Ἀντιόχειαν
663 834 927 887 σπεύδοντες.
985 832 1150 879 τούτων
1182 834 1223 879 οἳ
1253 832 1442 892 μάλιστα
1473 833 1695 893 διέπρεπον

133 906 137 908 ’
181 909 458 970 Φιρμιλιανὸς
489 909 567 966 μὲν
601 911 680 965 τῆς
719 908 1025 952 Καππαδοκῶν
1060 907 1325 965 Καισαρείας
1360 906 1586 957 ἐπίσκοπος
1625 899 1692 962 ἦν,
1709 912 1754 948 10

177 986 221 1027 Γ
218 979 411 1040 ρηγόριος
431 981 477 1024 δὲ
499 981 570 1024 καὶ
591 976 893 1037 Ἀθηνόδωρος
913 977 1091 1036 ἀδελφοὶ
1108 981 1194 1022 τῶν
1214 977 1324 1021 κατὰ
1349 974 1523 1021 Πόντον
1543 993 1698 1034 παροι-

178 1057 279 1098 κιῶν
307 1051 520 1108 ποιμένες,
558 1052 628 1094 καὶ
653 1051 721 1094 ἐπὶ
750 1047 919 1101 τούτοις
938 1046 1106 1100 Ἕλενος
1125 1052 1202 1105 τῆς
1225 1049 1268 1092 ἐν
1291 1051 1452 1107 Ταρσῷ
1475 1048 1696 1106 παροικίας

178 1126 247 1169 καὶ
265 1126 463 1179 Νικομᾶς
481 1125 558 1178 τῆς
577 1122 619 1164 ἐν
641 1120 824 1180 Ἰκονίῳ,
865 1119 914 1164 οὐ
948 1118 1034 1177 μὴν
1069 1119 1179 1163 ἀλλὰ
1206 1123 1284 1176 τῆς
1315 1120 1360 1163 ἐν
1389 1116 1699 1177 Ἱεροσολύμοις

178 1195 399 1252 ἐκκλησίας
426 1191 674 1247 ιΥμέναιος,
712 1195 789 1248 τῆς
819 1188 981 1249 ὁμόρου
1011 1188 1173 1247 ταύτης
1200 1190 1463 1249 Καισαρείας
1492 1187 1699 1245 Μάξιμος

177 1264 238 1310 ἔτι
260 1264 368 1324 πρὸς
388 1261 582 1318 τούτοις,
604 1267 690 1307 τῶν
714 1261 824 1306 κατὰ
847 1264 1061 1321 Βῶστραν
1081 1262 1128 1305 δὲ
1148 1263 1219 1305 καὶ
1241 1255 1365 1313 οὗτος
1384 1261 1579 1319 ἀδελφῶν
1600 1262 1695 1304 δια-
1710 1267 1756 1305 15

21 1344 67 1382 V.
92 1346 164 1382 309
181 1340 350 1395 πρεπῶς
387 1333 551 1392 ἡγεῖτο·
588 1334 768 1392 μυρίους
799 1350 844 1377 τε
879 1331 1035 1384 ἄλλους
1072 1332 1149 1376 οὐκ
1178 1331 1231 1376 ἂν
1265 1330 1480 1390 ἀπορήσαι
1510 1348 1574 1383 τις
1606 1329 1697 1388 ἅμα

22 1419 60 1455 Ρ.
84 1419 157 1456 388
182 1405 484 1466 πρεσβυτέροις
508 1407 579 1449 καὶ
603 1403 814 1455 διακόνοις
831 1408 907 1461 τῆς
931 1403 1063 1460 αὐτῆς
1084 1404 1215 1448 ἕνεκεν
1241 1405 1381 1455 αἰτίας
1407 1405 1451 1447 ἐν
1474 1407 1528 1462 τῇ
1556 1420 1698 1461 προει-

181 1477 339 1538 ρημένῃ
358 1475 476 1521 πόλει
507 1475 874 1535 συγκροτηθέντας
893 1472 1296 1534 ἅπαριθμούμενος·
1335 1474 1445 1518 ἀλλὰ
1469 1472 1632 1518 τούτων
1654 1490 1698 1531 γε

181 1550 221 1594 οἱ
244 1546 431 1606 μάλιστα
452 1549 664 1607 ἐπιφανεῖς
691 1548 776 1591 οἵδε
798 1541 922 1603 ἦσαν.
971 1544 1144 1591 πάντων
1165 1541 1240 1591 οὖν
1268 1546 1379 1590 κατὰ
1409 1545 1582 1605 καιροὺς
1604 1547 1699 1589 δια-

182 1618 329 1679 φόρως
354 1621 423 1663 καὶ
443 1616 644 1670 πολλάκις
665 1619 731 1662 ἐπὶ
751 1617 883 1662 ταύτὸ
907 1615 1137 1663 συνιόντων
1158 1615 1275 1676 λόγοι
1295 1619 1364 1661 καὶ
1385 1615 1573 1675 ζητήσεις
1595 1615 1695 1660 καθ’
1709 1632 1757 1668 20

182 1689 364 1748 ἑκάστην
386 1689 649 1734 ἆνεκινοῦντο
670 1687 863 1744 σύνοδον,
901 1693 988 1734 τῶν
1010 1690 1087 1746 μὲν
1113 1687 1224 1748 ἀμφὶ
1246 1688 1321 1733 τὸν
1343 1688 1601 1744 Σαμοσατέα
1623 1691 1701 1745 τῆς

182 1762 433 1814 κακοδοξίας
466 1759 728 1820 ἐπικρύπτειν
760 1760 823 1805 ἔτι
853 1761 923 1804 καὶ
960 1758 1374 1820 παρακαλύπτεσθαι
1418 1758 1699 1820 πειρωμένων,

276 1875 313 1911 2.
336 1874 489 1921 κοινοῦ]
506 1874 635 1922 κοινῆς
653 1875 703 1910 G.
821 1871 857 1910 4.
892 1871 968 1920 ἐπὶ]
995 1873 1049 1917 εἰς
1074 1874 1125 1910 G.
1254 1870 1435 1920 ἀφίκοιτο
1453 1873 1498 1910 Ρ.
1523 1870 1700 1920 ἀφίκοιν-

277 1935 322 1958 το
347 1923 396 1958 G.
492 1924 524 1960 8.
551 1923 727 1959 συνίεσαν
746 1921 794 1957 G.
904 1921 959 1958 14.
983 1918 1142 1968 ύμένεος
1158 1921 1200 1957 Α.
1230 1921 1403 1968 Τμένεως
1420 1922 1470 1957 G.
1577 1923 1633 1960 15.
1659 1922 1701 1958 δὲ

278 1982 346 2007 om.
366 1970 416 2006 G.
528 1973 583 2008 16.
620 1970 733 2017 Vulgo
750 1967 978 2018 ἀπορῤῆσαι.
1093 1972 1150 2007 19.
1177 1968 1376 2018 διαφόρως
1393 1981 1462 2005 om.
1485 1969 1534 2007 G.

183 2064 250 2111 pit.
297 2063 371 2100 Hic
396 2064 460 2101 vili
487 2064 628 2101 nimium
646 2068 683 2100 et
707 2069 836 2101 terram
857 2066 1040 2102 redolente
1058 2065 1252 2110 sententia,
1285 2067 1328 2102 ac
1347 2064 1379 2101 si
1405 2076 1482 2100 cum
1503 2063 1701 2100 hominibus

182 2112 332 2158 reliquis
347 2124 416 2147 una
433 2114 543 2149 fuerit
558 2113 591 2148 ei
610 2113 868 2160 communisque
884 2119 1013 2150 natura
1030 2120 1174 2161 praeter
1192 2120 1370 2160 receptam
1385 2112 1557 2148 ecclesiae
1568 2112 1701 2147 doctri·

184 2170 263 2194 nam
287 2159 331 2193 de
352 2159 496 2196 Christo
513 2161 640 2207 dogma
658 2160 865 2207 protul'erat.
915 2162 1037 2204 Quare
1054 2165 1094 2197 ut
1119 2162 1165 2197 ad
1182 2163 1351 2208 synodum
1370 2160 1575 2196 convenerit
1593 2171 1701 2206 roga-

184 2211 244 2240 tus
270 2205 506 2242 Alexandriae
533 2209 678 2254 praesul
711 2208 905 2256 Dionysius
930 2214 1144 2245 senectutem
1170 2210 1336 2256 viresque
1361 2207 1519 2254 corporis
1542 2206 1699 2243 infirmas

184 2258 352 2288 causatus
368 2255 553 2290 adventum
570 2255 704 2299 differt,
720 2257 854 2304 scripto
873 2269 958 2292 vero
978 2257 1154 2304 propriam
1167 2257 1211 2291 de
1229 2268 1268 2292 re
1287 2255 1480 2302 quaesitam
1500 2254 1701 2301 opinionem

187 2300 355 2346 exponit3
381 2307 542 2347 pastores
564 2303 736 2338 ecclesiae
754 2304 904 2350 reliqui,
929 2305 1017 2340 alius
1045 2304 1207 2346 aliunde,
1242 2304 1342 2339 velut
1370 2303 1416 2338 ad
1445 2314 1657 2338 communem
1679 2316 1702 2339 a

187 2347 323 2383 Christi
354 2347 455 2383 caula
478 2348 571 2384 luem
600 2350 840 2396 depellendam
870 2352 1081 2386 festinantes
1112 2350 1230 2386 cuncti
1258 2350 1479 2386 Antiochiam
1511 2350 1700 2386 confluunt.

186 2395 286 2430 Inter
306 2396 370 2430 hos
389 2395 537 2431 maxime
553 2399 782 2443 praestabant
801 2398 1023 2434 Firmilianus
1047 2399 1244 2433 Caesareae
1265 2397 1514 2445 Cappadocum
1537 2397 1700 2440 antistes,

188 2441 388 2489 Gregorius
409 2447 446 2478 et
473 2444 718 2479 Athenodorus
740 2446 871 2480 fratres
900 2446 1149 2488 ecclesiarum,
1176 2457 1267 2492 quae
1283 2452 1366 2481 sunt
1385 2445 1421 2480 in
1442 2445 1558 2481 Ponto
1578 2451 1703 2492 pasto-

188 2502 269 2532 res,
305 2490 434 2537 quibus
459 2490 614 2526 Helenus
645 2492 817 2527 ecclesiae
832 2492 1044 2536 Tarsensis,
1070 2497 1107 2528 et
1132 2494 1299 2530 Nicomas
1327 2493 1519 2529 Iconiensis
1540 2492 1701 2540 episcopi

190 2537 367 2581 adiuncti,
391 2538 616 2585 Hymenaeus
645 2551 786 2585 quoque
813 2540 1132 2587 Hierosolymorum
1146 2567 1157 2584 ‚
1181 2553 1246 2576 nec
1264 2553 1333 2576 non
1355 2541 1554 2576 Caesareae
1570 2541 1603 2575 ei
1618 2540 1701 2575 fini-

189 2584 296 2620 timae
313 2586 539 2621 Theotecnus
564 2593 601 2621 et
618 2586 794 2622 Maximus
818 2586 960 2633 insuper
980 2589 1149 2624 fratribus
1166 2590 1315 2624 Bostrae
1333 2588 1491 2624 civitatis
1514 2586 1701 2633 insigniter

190 2633 416 2679 praefectus;
441 2639 479 2668 at
497 2633 582 2668 licet.
604 2633 770 2676 aliorum,
797 2635 859 2680 qui
877 2635 922 2670 ad
948 2636 1162 2682 praedictam
1182 2637 1362 2672 civitatem
1384 2648 1460 2671 cum
1480 2634 1700 2683 presbyteris

190 2683 228 2714 et
248 2680 406 2715 diaconis
427 2686 662 2716 convenerunt
679 2681 932 2717 multitudinem
952 2684 1151 2719 immensam
1175 2685 1237 2721 vix
1263 2684 1401 2720 emetiri
1420 2683 1570 2719 dicendo
1599 2682 1700 2729 quis-

191 2726 283 2773 piam
301 2727 432 2773 possit;
465 2740 552 2775 prae
569 2728 713 2776 reliquis
730 2733 845 2764 tamen
865 2730 902 2765 hi
922 2731 1068 2766 maxime
1090 2732 1190 2767 fuere
1216 2730 1410 2778 conspicui.
1458 2730 1609 2766 Cunctis
1631 2729 1704 2779 igi-

191 2779 250 2808 tur
276 2779 408 2811 statuto
441 2779 618 2822 tempore,
652 2776 950 2823 redeuntibusque
966 2778 1116 2813 comitiis
1133 2779 1299 2816 inlocum
1321 2779 1465 2814 eundem
1484 2779 1699 2820 convocatis,

192 2820 298 2856 dubia
317 2823 613 2871 quaestionesque
635 2835 698 2870 per
729 2828 920 2859 conventus
945 2825 1103 2872 singulos
1133 2827 1381 2873 agitabantur3
1418 2830 1455 2860 et
1472 2826 1699 2862 Samosaten-

192 2868 242 2905 sis
270 2870 409 2919 quidem
436 2882 606 2920 sequaces
634 2872 861 2920 depravatam
888 2871 965 2910 eius
989 2874 1165 2912 vesaniam
1193 2886 1258 2924 pro
1287 2873 1423 2911 viribus
1443 2877 1566 2921 tegere
1584 2877 1621 2909 et
1637 2884 1698 2909 oc-
