1800 3236
226 160 331 212 540
689 167 941 216 GEORGII
965 167 1075 215 SYN
1081 170 1254 215 CELLI

227 281 298 325 καὶ
329 275 538 337 βασιλεύει
573 281 755 338 Περσῶν
791 277 1022 338 Ἀρσάκης,
1059 281 1143 340 ἀφ’
1181 276 1232 327 οὗ
1266 282 1306 326 οἷ
1333 285 1515 342 Περσῶν
1544 287 1729 341 βασιλεΐς

221 350 466 410 Ἀρσακίδαι
500 348 799 408 ἐχρημάτισαν,
836 350 906 408 ἴτη
922 349 982 406 β’,
1021 354 1091 396 καὶ
1113 351 1356 413 ἀναιρεῖται,
1395 355 1464 397 καὶ
1480 354 1577 411 μετ’
1601 355 1730 399 αὐτὸν

232 419 474 479 Τηριδοὶτης
495 420 676 479 ἀδελφὸς
697 420 768 478 ἔτη
791 418 865 474 λζ’.
1600 463 1614 471 ς

264 492 423 551 Συρίας
454 488 485 534 ε’
515 491 756 547 ἐβασίλευσε
787 488 1027 542 Σέλευκοςὸ
1049 493 1121 535 καὶ
1133 492 1431 551 Ἀλέξανδρος,
1469 493 1560 545 υἱὸς
1576 491 1729 538 Σελεύ-

368 579 444 605 κου
465 565 541 604 τοῦ
568 562 846 615 Καλλινίκου,
886 558 908 604 ὃ
928 562 1147 620 Κεραυνὸς
1167 565 1430 621 ἐπικληθεὶς,
1469 563 1539 621 ἔτη
1562 563 1613 622 γ’.
1651 567 1757 609 τοῦό

369 632 416 675 δὲ
433 628 593 686 κόσμου
613 626 665 687 ἦν
682 630 775 682 ἔτος
793 629 938 691 Ιεσνθῖ

191 706 224 742 D
268 702 426 760 Συρίας
445 698 480 752 ς’
501 700 984 758 ἒβασίλευσενἈντιόχος
1003 698 1025 745 ὃ
1045 700 1230 762 ἀδελφὸς·
1248 702 1380 747 αὐτοῦ
1389 737 1405 758 ,
1444 701 1466 749 ὃ
1495 704 1731 762 ἐπικληθεὶς

67 753 112 789 v·
135 755 207 793 ²27
319 803 323 807 -
365 771 510 829 μέγας,
549 770 619 828 ἴτη
641 770 717 823 λς’.
755 776 830 815 τοῦ
851 772 897 815 δὲ
915 770 1074 827 κόσμου
1094 768 1146 830 ἦν
1165 773 1256 824 ἔτος
1276 771 1415 834 Ιεσξβ.

334 837 473 893 Οῦτος
506 839 527 885 ὃ
556 844 727 899 κληθεὶς
756 842 886 899 μέγας
913 842 1123 899 Ἀντίοχος
1152 843 1260 887 κατὰ
1286 845 1362 899 μὲν
1394 844 1512 896 τινὰς
1547 844 1730 904 ἀδελφός

228 913 316 956 ἔστι
338 910 541 957 Σελεύκου
565 917 640 955 τοῦ
659 911 741 970 πρὸ
761 912 893 956 αὐτοῦ
920 911 1251 967 βασιλεύσαντος
1273 917 1518 973 Κεραυνοῦ,
1556 916 1663 960 κατὰ
1684 918 1729 961 δὲ
1742 924 1788 959 10

229 981 397 1041 ἑτέρους
418 982 509 1034 υἱὸς
530 982 675 1027 αὐτοῦ.
715 982 848 1040 ἀρχὴν
880 983 926 1025 δὲ
947 981 1094 1038 ἔλαβεν
1113 981 1140 1040 ἦ
1164 984 1294 1029 αὐτοῦ
1313 988 1504 1040 βασιλεία
1524 987 1631 1030 κατὰ
1653 987 1730 1045 τὴν

230 1051 317 1112 ρλζ
338 1050 576 1108 ὀλυμπιάδα
588 1086 602 1107 ,
638 1054 707 1096 καὶ
731 1053 807 1109 οὐχ
830 1050 886 1103 ὥς
906 1053 1096 1113 Εὖσεβίῳ
1118 1055 1235 1098 δοκεῖ
1252 1055 1360 1098 κατὰ
1376 1056 1452 1113 τὴν
1475 1055 1588 1115 ρλθ’.

334 1123 463 1168 Κατὰ
491 1123 590 1173 τούς
622 1123 779 1174 αὐτοὺς
801 1120 981 1181 χρόνους
1004 1123 1214 1180 Ἀντίοχος
1235 1123 1453 1180 Ῥωμαίοις
1485 1131 1675 1183 πολεμεῖν
1705 1126 1727 1172 ὃ

228 1193 357 1252 μέγας
382 1193 540 1252 ἤρξατο
569 1193 740 1248 Ἀννίβα
768 1193 875 1236 κατὰ
910 1193 989 1244 τὰς
1020 1197 1211 1246 Σπανίας
1250 1197 1320 1239 καὶ
1355 1195 1433 1252 τὴν
1470 1195 1730 1255 Καρχηδόνα

230 1268 569 1322 στρατηγοῦντος
599 1265 668 1306 καὶ
697 1261 778 1307 ῦπό
803 1261 1017 1318 Ῥωμαίων
1048 1266 1469 1321 καταπολεμουμένου
1500 1270 1568 1311 καὶ
1604 1272 1728 1311 πολε-
1742 1274 1787 1309 15

227 1339 411 1391 μοῦντος
433 1332 514 1391 πρὸ
538 1337 613 1390 τῆς
633 1335 690 1384 εἷς
704 1334 914 1377 Βιθυνίαν
934 1338 1069 1391 φυγῆς
1084 1335 1190 1393 πρὸς
1207 1337 1444 1393 Προυσίαν.
1470 1339 1538 1380 καὶ
1562 1343 1730 1396 πρῶτον

70 1411 112 1446 Ρ.
135 1410 207 1448 285
230 1406 307 1461 μὲν
337 1405 379 1448 ἓν
415 1401 710 1460 Θερμοπύλαις
737 1408 812 1460 τῆς
834 1401 1035 1456 Ἑλλάδος
1058 1403 1276 1460 Ῥωμαίοις
1306 1406 1534 1463 συμβαλὼν
1558 1406 1579 1451 ὃ
1604 1408 1731 1460 αὐτὸς

230 1475 358 1532 μέγας
370 1474 582 1530 Ἀντίοχος
600 1472 790 1531 ἡττᾶται.
829 1473 968 1518 ἔπειτα
987 1476 1035 1518 δὲ
1052 1476 1252 1528 συλλέξας
1271 1475 1534 1535 στρατόπεδα
1553 1479 1621 1521 καὶ
1636 1478 1729 1522 Ἀν-

230 1547 355 1600 νίβαν
374 1545 447 1589 τὸν
460 1542 754 1603 Καρχηδόνιον
765 1546 810 1588 ἐκ
828 1546 1037 1596 Βιθυνίας
1048 1545 1405 1604 προσλαβόμενος,
1429 1547 1534 1605 πρὸς
1550 1550 1728 1592 Θυατεί-

233 1634 322 1674 ροις
332 1614 446 1659 πόλει
466 1619 541 1671 τῆς
559 1616 733 1666 Λυδίας
754 1610 883 1666 αὖθις
896 1613 1113 1671 Ῥωμαίοις
1135 1621 1315 1672 πολεμεῖ,
1338 1619 1568 1669 Σκιπίωνος
1581 1618 1725 1677 Ἀφρι-
1738 1627 1786 1662 20

647 1690 666 1699 u

234 1691 362 1731 κανοῦ
392 1685 469 1729 σὺν
498 1685 666 1747 ἀδελφῳ
695 1687 894 1731 Σκιπίωνι
915 1691 1262 1745 στρατηγοῦντος.
1301 1690 1369 1731 καὶ
1392 1682 1514 1739 οὗτος
1536 1686 1727 1745 ἡττᾶται,

325 1809 360 1845 5.
386 1806 574 1856 ἐπεκλήθη
598 1810 646 1844 G.
752 1811 809 1846 10.
834 1809 1035 1856 Σελεύκου]
1063 1812 1134 1846 τοῦ
1155 1807 1343 1847 Σελεύκου
1369 1811 1417 1847 G.
1532 1809 1588 1847 14.
1614 1807 1728 1858 ἄννη-

327 1858 379 1904 βοῖ
402 1857 444 1891 Β.
552 1859 607 1893 17.
632 1854 652 1893 ὁ
673 1854 801 1902 Μέγας
820 1853 938 1898 αὐτὸς
963 1859 1010 1894 G.
1119 1861 1173 1896 18.
1198 1856 1383 1906 Ἀννίβαν]
1410 1854 1582 1904 ἄννηβᾶν
1609 1859 1639 1892 Β
1664 1870 1729 1904 per

326 1908 436 1939 totam
455 1904 614 1950 paginam
632 1906 713 1941 285.
817 1907 872 1941 19.
902 1906 1121 1953 Θυατείρων
1140 1903 1250 1942 πόλιν
1268 1906 1317 1943 G.
1413 1907 1473 1942 20.
1496 1905 1724 1951 Σκιπίωνος]

327 1953 550 1999 Σκηπίωνος
573 1951 679 1998 vulgo
705 1951 763 1987 hic
783 1955 820 1987 et
839 1951 943 1988 infra.

236 2059 316 2099 tur3
333 2055 386 2091 ita
404 2057 588 2092 Persarum
605 2069 748 2103 regnum
765 2057 893 2104 arripit
908 2058 1077 2101 Arsaces,
1099 2069 1121 2094 a
1141 2069 1211 2105 quo
1232 2057 1396 2104 deinceps
1413 2058 1597 2092 Persarum
1627 2056 1728 2103 prin-

237 2103 334 2149 cipes
352 2104 543 2139 Arsacidae
563 2104 772 2150 nuncupati,
796 2117 910 2152 eoque
931 2106 1018 2141 duos
1039 2117 1147 2141 annos
1167 2106 1298 2153 potitus
1323 2104 1515 2148 occiditur,
1547 2103 1605 2139 cui
1622 2105 1655 2139 Τ
1658 2103 1727 2138 eri-

237 2149 338 2184 dates
359 2151 528 2185 successit
547 2151 646 2186 annis
669 2153 729 2188 37.

284 2197 411 2243 Syriae
438 2209 500 2232 rex
522 2199 546 2235 5
576 2199 767 2241 Seleucus,
797 2198 858 2245 qui
884 2199 1081 2234 Alexander
1113 2201 1150 2234 et
1181 2200 1384 2241 Ceraunus,
1418 2197 1456 2232 id
1487 2200 1543 2232 est
1569 2197 1726 2240 Fulmen,

353 2245 489 2287 dictus,
518 2245 655 2280 Seleuci
679 2246 842 2280 Callinici
861 2246 975 2288 filius,
1001 2246 1098 2280 annis
1116 2248 1159 2287 3,
1184 2245 1300 2280 mundi
1320 2256 1405 2280 vero
1419 2245 1524 2280 5259.

282 2290 410 2336 Syriae
428 2302 490 2373 re5x
510 2293 744 2373 62Antiochus
763 2292 835 2328 eius
854 2293 978 2335 frater,
1004 2293 1205 2338 cognomine
1224 2292 1387 2338 Magnus,
1413 2291 1511 2326 annis
1528 2291 1587 2334 36,
1611 2290 1728 2326 mundi

353 2349 438 2372 vero
479 2340 559 2374 26⁰.

331 2385 522 2419 Antiochus
542 2384 610 2420 iste
629 2385 752 2431 Magni
775 2397 895 2420 nomen
921 2385 1129 2431 promeritus
1143 2411 1154 2428 ,
1178 2385 1311 2427 frater,
1334 2388 1377 2420 ut
1401 2384 1574 2420 nonnullis
1601 2383 1728 2430 placet,

233 2431 399 2473 Seleuci,
424 2430 500 2466 eius
519 2432 581 2477 qui
599 2432 792 2477 praecessit
808 2432 844 2467 in
864 2444 993 2478 regno,
1020 2432 1192 2475 Cerauni3
1215 2438 1254 2468 ut
1272 2432 1331 2467 alii
1352 2444 1436 2467 vero
1468 2431 1623 2466 sentiunt
1651 2431 1727 2464 eius

231 2479 337 2522 filius,
360 2477 703 2524 circaOlympiadem
723 2480 804 2522 137,
827 2491 896 2514 non
913 2485 952 2514 ut
968 2479 1120 2515 Eusebio
1141 2480 1295 2523 videtur,
1316 2482 1397 2523 139,
1411 2479 1591 2525 imperium
1609 2477 1727 2523 auspi-

232 2532 332 2562 catus
349 2529 415 2560 est.

326 2573 399 2608 Sub
416 2570 511 2607 istud
527 2574 663 2617 tempus
680 2583 775 2606 arma
793 2572 829 2606 in
845 2572 1016 2608 Romanos
1042 2585 1181 2609 movere
1199 2574 1349 2619 Magnus
1367 2572 1555 2608 Antiochus
1581 2581 1726 2605 exorsus

234 2623 302 2663 est,
326 2631 396 2666 quo
417 2618 573 2654 nimirum
590 2618 739 2653 Annibal
760 2631 835 2653 cum
853 2619 890 2655 in
899 2621 1081 2667 Hispania,
1103 2625 1177 2656 tum
1195 2620 1410 2666 Carthagine
1420 2617 1584 2654 Romanis
1604 2616 1726 2651 iisdem

234 2667 415 2714 oppositas
430 2665 552 2713 copias
573 2676 680 2710 agens
701 2677 768 2699 non
795 2665 1031 2712 infrequenter
1047 2672 1253 2714 superatus,
1278 2679 1320 2702 ac
1346 2676 1586 2710 nonnunquam
1602 2664 1727 2699 >victor

234 2717 449 2769 superesset,
475 2712 670 2759 priusquam
685 2712 857 2747 Prussiam
876 2713 1062 2760 Bithyniae
1085 2715 1261 2750 civitatem
1278 2715 1364 2760 fuga
1386 2725 1424 2748 se
1441 2711 1626 2757 reciperet.
1673 2711 1726 2744 Ac

233 2772 345 2807 pnmo
367 2760 505 2806 quidem
526 2759 659 2805 praelio
682 2759 833 2804 Magnus
858 2760 913 2795 hic
933 2761 1123 2797 Antiochus
1143 2760 1389 2807 Thermopylis
1406 2759 1575 2800 Graecis,
1599 2758 1727 2792 Roma-

234 2808 289 2842 nis
306 2818 513 2852 congressus
532 2805 679 2840 inferior
695 2805 847 2848 recedit3
871 2814 1036 2855 reparata
1052 2808 1179 2843 deinde
1198 2808 1274 2843 acie
1295 2814 1332 2842 et
1351 2806 1522 2842 Annibale
1536 2803 1727 2849 Carthagi-

235 2854 391 2890 nensium
409 2853 497 2888 duce
518 2865 539 2888 e
565 2852 730 2899 Bithynia
750 2853 944 2897 advocato,
967 2854 1012 2890 ad
1031 2855 1206 2901 Thyatira
1231 2854 1367 2910 Lydiae
1395 2853 1575 2888 civitatem
1599 2861 1727 2885 secuu-

235 2901 316 2937 dum
344 2913 420 2937 cum
440 2900 605 2938 Romanis
637 2904 812 2937 certamen
834 2900 920 2946 init,
945 2913 1014 2949 quo
1032 2902 1197 2938 Africano
1215 2901 1384 2950 Scipione
1418 2904 1456 2936 et
1483 2898 1595 2934 altero
1619 2897 1728 2932 fratre
