1800 3236
206 169 311 228 524
692 186 944 235 GEoRGn
975 186 1263 235 SYNCELLl

56 306 100 343 V.
125 307 198 346 220
215 303 283 342 τεῖ
294 293 370 356 κγ’.
409 293 603 357 δεῦτερος
633 299 740 355 μετὰ
762 299 947 344 Ἀπίωνα
979 299 1210 359 Οὐαλέριος
1235 295 1613 359 ὖπατεῦωνπάσης
1634 302 1720 354 ἒξε-

210 366 346 420 λάσας
373 370 565 421 Σικελίας
601 372 948 427 Καρχηδονίους,
985 368 1064 422 τάς
1091 388 1134 414 τε
1166 371 1209 414 ἐν
1232 371 1339 430 αὐτῇ
1359 369 1498 423 πόλεις
1516 369 1601 418 «ind
1615 370 1720 417 Ῥω-

211 441 365 497 μαίους
384 446 582 495 ποιεῖται,
622 441 732 497 πλὴν
751 444 1037 499 Συρακουσῶν
1058 439 1243 496 πόλεως,
1281 441 1334 498 ἣν
1362 440 1464 498 εἶχεν
1482 440 1619 501 Ἱέρων
1642 443 1720 487 σὺν

211 517 303 562 τοῖς
320 509 495 569 ’Άφροις
523 508 716 570 δεύτερον
743 509 957 567 ἡττηθείς.
995 509 1089 555 τότε
1108 513 1176 555 καὶ
1195 510 1371 569 Λιβύης
1393 511 1431 572 ρ’
1451 510 1591 564 πόλεις
1611 511 1720 557 εἷλον

207 578 427 637 Ῥωμαΐοι·
459 579 656 637 Ῥωμαῖοι
687 583 1007 640 Καρχηδονίους
1041 582 1256 638 ἐνίκησαν,
1293 581 1415 639 ἡνίκα
1434 585 1503 627 καὶ
1527 588 1749 635 Τοῦλλος-5

53 659 97 695 Ρ.
121 660 193 698 276
215 651 377 702 ὕπατος
407 650 513 707 μετὰ
545 649 727 708 πόλεμον
756 650 819 709 κγ’
840 653 1042 697 ἐνιαυτῶν
1061 660 1211 710 κρατεῖ
1221 655 1527 711 Καρχηδονίων
1546 656 1617 698 καὶ
1635 653 1719 699 ὗπὸ

209 721 440 778 Ῥωμαίους
474 720 630 774 αὐτοὺς
659 724 728 766 καὶ
751 723 828 779 τὴν
844 721 991 781 χώραν
1013 730 1142 778 ποιεῖ,
1182 724 1326 779 λαβὼν
1352 726 1420 768 καὶ
1442 723 1722 783 Συρακούσας

215 795 284 838 καὶ
298 791 464 850 Ἱέρωνα
502 790 707 851 τύραννον
729 791 904 837 ἐκδόντα
929 791 1080 838 ἑαυτὸν
1092 827 1105 847 ,
1144 794 1252 838 κατὰ
1270 794 1349 851 τὴν
1368 793 1458 852 ρκη’
1481 794 1721 852 ὀλυμπιάδα

213 866 278 908 ἐπὶ
297 863 565 921 Φιλαδέλφου
589 868 664 908 τοῦ
678 866 964 920 Πτολεμαίου,
987 864 1057 922 ἐφ’
1085 862 1133 908 ὃν
1146 864 1721 923 στρατηγόςἌππιοςΚλαύ-

214 937 303 986 διος
339 932 558 978 ὑπατεύων
588 936 798 994 πεμφθεὶς
820 935 980 992 πολλὴν
1004 939 1191 987 Σικελοῖς
1215 937 1284 980 καὶ
1307 938 1616 996 Καρχηδονίοις
1635 939 1720 997 εἷρ-
1734 946 1779 983 10

213 1004 372 1064 γάσατο
399 1003 584 1064 φθοράν.

312 1076 558 1132 Ἀθηναίοις
572 1075 807 1133 Ἀντίγονος
828 1075 903 1132 τὴν
928 1076 1171 1134 ἐλευθερίαν
1192 1075 1415 1121 ἀπέδωκεν.

315 1145 385 1190 Ἓν
403 1144 542 1205 Ῥώμῃ
567 1146 677 1204 ἱερὸν
701 1144 940 1204 ἐνεπρήσθη
962 1151 1038 1203 τῆς
1054 1144 1233 1198 Ἑστίας.

315 1216 386 1261 Ἔν
406 1214 546 1276 Ῥώμῃ
574 1215 657 1262 ὑπὸ
688 1214 842 1262 δούλου
874 1219 1197 1276 διακορευθεΐσα
1224 1217 1438 1278 παρθένος
1461 1215 1615 1275 ἑαυτὴν
1637 1219 1722 1262 διε-

211 1288 438 1348 χειρίσατο.
1131 1296 1133 1298 ’
1735 1290 1779 1328 15

179 1368 212 1405 Β
322 1356 518 1415 Ῥωμαῖοι
546 1349 723 1402 Γάλλων
742 1355 955 1416 μυριάδας
975 1355 1013 1402 δ’
1034 1358 1140 1417 πρὸς
1160 1363 1249 1409 τοῖς
1269 1357 1521 1416 τριακοσίοις
1541 1356 1718 1413 ἀνεῖλον,

215 1429 317 1481 τοὺς
344 1430 390 1473 δὲ
419 1427 713 1485 αι’χμαλώτους
744 1429 883 1473 αὐτῶν
923 1427 1319 1484 κατεδουλώσαντο,
1363 1431 1405 1472 Γ
1403 1430 1617 1487 αλιαρίους
1644 1446 1722 1473 κα-

216 1505 385 1552 λοῦντες
403 1497 570 1552 αὐτούς.

313 1571 384 1615 Ἐν
398 1568 536 1630 Ῥώμῃ
557 1568 764 1629 παρθένοι
782 1568 959 1614 ἁλοῦσαι
979 1573 1129 1631 φθορᾷ
1153 1572 1282 1624 ζῶσαι
1301 1567 1619 1628 κατωρύγησαν.

322 1643 506 1688 Σκιπίων
527 1641 776 1700 Ἀφρικανὸς
800 1642 1082 1700 Κελτιβηρίας
1101 1642 1268 1702 πολέμῳ
1289 1638 1427 1692 πόλεις
1445 1640 1602 1692 πολλὰς
1616 1638 1720 1685 Ῥω·
1730 1647 1779 1683 20

217 1712 358 1770 μαίοις
378 1710 623 1770 ὑπηγάγετο.

327 1781 494 1827 Τούτου
514 1783 596 1828 υἱοὶ
616 1779 691 1826 δύο
715 1779 737 1826 ὅ
762 1780 1016 1841 Φιλοπάτωρ
1039 1783 1107 1826 καὶ
1130 1780 1151 1826 ὃ
1171 1781 1416 1840 Εὐεργέτης.

313 1873 348 1907 1.
375 1867 569 1919 οὕαλέριος
592 1872 633 1907 Β.
670 1868 897 1918 Οὐαλλέριος
920 1873 969 1908 G.
1094 1873 1129 1909 3.
1155 1870 1422 1918 συρρακουσῶν
1441 1867 1589 1907 πόλεων
1608 1869 1651 1904 Α.

311 1921 348 1956 6.
371 1916 575 1964 ἐνιαυτῶν]
599 1918 776 1957 ἐνιαυτὸν
798 1922 872 1956 ΑΒ.
993 1922 1126 1966 κρατεῖ
1147 1931 1212 1955 om.
1230 1921 1274 1954 B.
1392 1917 1655 1967 καρχηδονίων
1678 1915 1722 1974 I}

315 1968 603 2015 Καρχηδονίους
626 1969 673 2002 G.
801 1969 836 2004 7.
864 1965 1090 2014 Ῥωμαίους]
1117 1968 1306 2012 Ρωμαίων
1333 1967 1382 2002 G.
1511 1978 1725 2011 συρρακου-

314 2025 385 2058 σας
405 2020 443 2050 Α.
570 2017 606 2052 9.
642 2016 714 2051 τοῦ
738 2027 802 2050 om.
825 2017 873 2051 G.
988 2015 1102 2061 Vulgo
1128 2018 1256 2058 Απιος.
1377 2017 1433 2051 10.
1466 2010 1656 2060 ἠργάσατο
1680 2012 1723 2049 Β.

396 2064 452 2100 13.
475 2058 642 2107 Ἑστίας]
670 2062 704 2099 α’
729 2062 851 2107 ἱστίας
875 2064 917 2100 Α.
951 2061 1117 2105 ἄειστίας
1136 2063 1179 2098 B.
1306 2061 1361 2098 14.
1393 2060 1649 2108 διεχειρήσατο
1678 2061 1723 2094 Β.

396 2111 456 2147 20.
481 2111 595 2157 Vulgo
614 2112 806 2158 Σκηπίων.
931 2113 991 2149 22.
1029 2109 1202 2157 Τούτου]
1226 2110 1433 2146 Antiochum
1451 2110 1558 2153 dicit,
1585 2109 1629 2145 de
1653 2119 1721 2155 quo

319 2167 428 2203 supra
451 2170 487 2205 p.
505 2160 576 2195 274
594 2172 627 2195 c.

224 2225 361 2272 collega
383 2227 679 2276 Carthaginenses
700 2229 823 2265 Sicilia
848 2228 969 2276 pellit3
992 2229 1166 2275 urbesque
1199 2230 1343 2264 cunctas
1370 2226 1519 2273 demptis
1537 2225 1724 2272 Syracusis

225 2274 270 2307 ab
295 2273 449 2310 Hierone
475 2277 662 2312 secundum
690 2277 784 2312 victo
804 2282 840 2312 et
859 2277 1035 2311 Africanis
1061 2276 1177 2311 adhuc
1202 2279 1387 2321 occupatas
1418 2275 1549 2321 populo
1569 2275 1723 2309 Romano

224 2320 379 2356 subiicit⁴
429 2323 485 2357 Eo
499 2329 656 2370 tempore
672 2325 778 2359 urbes
797 2325 931 2370 Libyae
953 2327 1021 2360 100
1040 2324 1182 2369 capiunt
1204 2322 1368 2364 Romani,
1394 2322 1724 2367 Carthaginensium

224 2367 345 2414 copias
364 2369 534 2413 fundunt3
559 2377 629 2405 tum
652 2371 818 2407 Metellus
846 2375 926 2417 post
953 2382 1077 2406 annum
1099 2371 1145 2407 23
1172 2370 1291 2404 consul
1312 2370 1513 2404 declaratus
1533 2368 1723 2412 Carthagi-

223 2426 348 2450 nenses
364 2421 524 2464 superat,
549 2418 725 2464 regionem
743 2417 960 2460 universam,
983 2418 1176 2464 Syracusas
1196 2422 1232 2452 et
1251 2417 1440 2452 Hieronem
1457 2417 1569 2462 ipsum
1589 2415 1633 2450 ad
1660 2415 1724 2449 de-

223 2462 389 2498 ditionem
409 2464 584 2510 compellit
604 2465 696 2500 circa
714 2465 955 2511 Olympiadem
976 2467 1063 2508 198,
1087 2464 1319 2511 Philadelpho
1344 2471 1536 2510 regnante3
1561 2464 1627 2498 sub
1655 2474 1723 2509 quo

221 2509 359 2557 Appius
377 2511 544 2593 Clpudius
567 2512 687 2547 consul
701 2512 928 2548 renunciatus
947 2512 1284 2558 Carthaginensibus
1301 2516 1338 2549 et
1354 2511 1482 2548 Siculis
1498 2511 1631 2547 cladem
1650 2520 1724 2545 ma-

250 2568 325 2592 nam
344 2558 421 2594 intu
435 2559 472 2594 it.
1008 2582 1017 2591 ·

221 2569 247 2604 g
315 2606 512 2652 Antigonus
532 2606 730 2642 libertatem
747 2606 1016 2642 Atheniensibus
1037 2606 1206 2643 restituit.

315 2653 448 2689 Romae
465 2654 628 2702 templum
650 2654 781 2689 Vestae
801 2654 960 2689 incendio
981 2655 1206 2701 absumptum.

315 2700 449 2737 Romae
466 2701 568 2748 virgo
586 2713 609 2736 a
628 2713 731 2737 servo
751 2701 884 2736 violata
903 2701 969 2737 sibi
988 2701 1058 2748 ipsi
1077 2714 1196 2737 necem
1213 2701 1332 2737 infert.

317 2748 502 2785 Gallorum
530 2748 705 2796 myriadas
732 2753 883 2795 quatuor
913 2753 949 2784 et
966 2754 1144 2785 trecentos
1163 2749 1311 2785 Romani
1330 2745 1479 2785 caedunt
1498 2748 1536 2782 et
1551 2744 1643 2782 bello
1663 2756 1725 2781 ca·-

224 2795 304 2842 ptos
322 2795 390 2830 sibi
411 2808 533 2832 servos
551 2796 710 2832 efficiunt
728 2800 765 2831 et
781 2795 972 2830 Galliarios
986 2801 1124 2831 vocant.

318 2841 496 2880 Romanae
515 2843 677 2880 Vestales
696 2844 731 2879 in
753 2848 874 2889 stupro
894 2843 1134 2889 deprehensae
1152 2844 1190 2879 in
1207 2847 1337 2880 terram
1356 2842 1461 2879 vivae
1486 2840 1724 2877 defodiuntur.

318 2890 440 2937 Scipio
456 2891 644 2927 Africanus
660 2891 766 2927 urbes
776 2889 991 2926 Celtiberiae
1006 2891 1171 2937 plurimas
1180 2892 1346 2928 Romanis
1362 2889 1521 2927 reddidit
1536 2887 1725 2924 subiectas.

316 2938 484 2974 Antiochi
501 2938 564 2975 filii
587 2938 656 2976 duo
676 2937 880 2987 Philopator
898 2943 937 2974 et
957 2938 1169 2986 Euergetes.
