<?xml version="1.0" encoding="UTF-8"?>
<!DOCTYPE html PUBLIC "-//W3C//DTD XHTML 1.0 Transitional//EN"
    "http://www.w3.org/TR/xhtml1/DTD/xhtml1-transitional.dtd">
<html xmlns="http://www.w3.org/1999/xhtml" xml:lang="en" lang="en">
 <head>
  <title>
</title>
<meta http-equiv="Content-Type" content="text/html;charset=utf-8" />
  <meta name='ocr-system' content='tesseract 3.04.00' />
  <meta name='ocr-capabilities' content='ocr_page ocr_carea ocr_par ocr_line ocrx_word'/>
</head>
<body>
  <div class='ocr_page' id='page_1' title='image "./corpusscriptorum20niebuoft_0230.png"; bbox 0 0 1800 3236; ppageno 0'>
   <div class='ocr_carea' id='block_1_1' title="bbox 225 198 1255 253">
    <p class='ocr_par' dir='ltr' id='par_1_1' title="bbox 225 198 1255 253">
     <span class='ocr_line' id='line_1_1' title="bbox 225 198 1255 253; baseline 0 -2"><span class='ocrx_word' id='word_1_1' title='bbox 225 198 338 251; x_wconf 43' lang='lat'><strong>216*</strong></span> <span class='ocrx_word' id='word_1_2' title='bbox 690 203 942 253; x_wconf 82' lang='lat' dir='ltr'>GEORGII</span> <span class='ocrx_word' id='word_1_3' title='bbox 970 204 1255 253; x_wconf 87' lang='lat' dir='ltr'><strong>SYNCELLI</strong></span> 
     </span>
    </p>
   </div>
   <div class='ocr_carea' id='block_1_2' title="bbox 70 314 1779 1707">
    <p class='ocr_par' dir='ltr' id='par_1_2' title="bbox 225 314 1722 444">
     <span class='ocr_line' id='line_1_2' title="bbox 226 314 1722 379; baseline -0.001 -15"><span class='ocrx_word' id='word_1_4' title='bbox 226 317 404 379; x_wconf 73' lang='grc' dir='ltr'><strong><em>ρομένας</em></strong></span> <span class='ocrx_word' id='word_1_5' title='bbox 433 317 476 363; x_wconf 76' lang='grc' dir='ltr'><strong>ἓν</strong></span> <span class='ocrx_word' id='word_1_6' title='bbox 509 317 637 376; x_wconf 71' lang='grc' dir='ltr'><strong><em>ἱεραῖς</em></strong></span> <span class='ocrx_word' id='word_1_7' title='bbox 665 315 824 368; x_wconf 76' lang='grc' dir='ltr'><strong><em>δέλτοις</em></strong></span> <span class='ocrx_word' id='word_1_8' title='bbox 856 316 1053 373; x_wconf 75' lang='grc' dir='ltr'><strong><em>ἀψευδεῖς</em></strong></span> <span class='ocrx_word' id='word_1_9' title='bbox 1083 318 1151 360; x_wconf 86' lang='grc' dir='ltr'><strong>καὶ</strong></span> <span class='ocrx_word' id='word_1_10' title='bbox 1188 314 1517 371; x_wconf 58' lang='grc' dir='ltr'><strong><em>θεοπνεύστους</em></strong></span> <span class='ocrx_word' id='word_1_11' title='bbox 1534 319 1722 379; x_wconf 65' lang='grc' dir='ltr'><strong><em>ἱστορίας</em></strong></span> 
     </span>
     <span class='ocr_line' id='line_1_3' title="bbox 225 385 1247 444; baseline -0.001 -10"><span class='ocrx_word' id='word_1_12' title='bbox 225 391 299 435; x_wconf 81' lang='grc' dir='ltr'>καὶ·</span> <span class='ocrx_word' id='word_1_13' title='bbox 314 388 384 433; x_wconf 71' lang='grc' dir='ltr'><strong><em>ἴτι-</em></strong></span> <span class='ocrx_word' id='word_1_14' title='bbox 396 392 481 432; x_wconf 84' lang='grc' dir='ltr'><strong>τῶν</strong></span> <span class='ocrx_word' id='word_1_15' title='bbox 493 387 591 443; x_wconf 81' lang='grc' dir='ltr'><strong><em>μετ’</em></strong></span> <span class='ocrx_word' id='word_1_16' title='bbox 614 386 753 431; x_wconf 74' lang='grc' dir='ltr'><strong><em>αὐτῶν</em></strong></span> <span class='ocrx_word' id='word_1_17' title='bbox 762 420 776 442; x_wconf 91' lang='grc'><strong><em>,</em></strong></span> <span class='ocrx_word' id='word_1_18' title='bbox 816 385 874 438; x_wconf 83' lang='grc' dir='ltr'><strong>ὡς</strong></span> <span class='ocrx_word' id='word_1_19' title='bbox 890 385 1247 444; x_wconf 74' lang='grc' dir='ltr'><strong><em>ὗποταχθήσεται.</em></strong></span> 
     </span>
    </p>

    <p class='ocr_par' dir='ltr' id='par_1_3' title="bbox 70 455 1749 865">
     <span class='ocr_line' id='line_1_4' title="bbox 70 455 1722 516; baseline 0.005 -21"><span class='ocrx_word' id='word_1_20' title='bbox 70 459 112 495; x_wconf 87' lang='grc' dir='ltr'><strong>Ρ.</strong></span> <span class='ocrx_word' id='word_1_21' title='bbox 137 458 205 498; x_wconf 86' lang='grc'><strong>115</strong></span> <span class='ocrx_word' id='word_1_22' title='bbox 333 458 430 515; x_wconf 82' lang='grc' dir='ltr'><strong>Σὴμ</strong></span> <span class='ocrx_word' id='word_1_23' title='bbox 450 456 472 502; x_wconf 83' lang='grc' dir='ltr'>ὅ</span> <span class='ocrx_word' id='word_1_24' title='bbox 490 461 656 516; x_wconf 84' lang='grc' dir='ltr'><strong><em>πρῶτος</em></strong></span> <span class='ocrx_word' id='word_1_25' title='bbox 667 457 758 508; x_wconf 83' lang='grc' dir='ltr'><strong><em>υἱὸς</em></strong></span> <span class='ocrx_word' id='word_1_26' title='bbox 768 459 866 501; x_wconf 81' lang='grc' dir='ltr'><strong>Νῶε</strong></span> <span class='ocrx_word' id='word_1_27' title='bbox 887 455 1099 514; x_wconf 75' lang='grc' dir='ltr'><strong><em>γενόμενος</em></strong></span> <span class='ocrx_word' id='word_1_28' title='bbox 1118 459 1222 501; x_wconf 72' lang='grc' dir='ltr'><strong><em>ἐτῶν</em></strong></span> <span class='ocrx_word' id='word_1_29' title='bbox 1239 455 1316 516; x_wconf 83' lang='grc' dir='ltr'><strong><em>ργ’,</em></strong></span> <span class='ocrx_word' id='word_1_30' title='bbox 1332 456 1450 509; x_wconf 65' lang='grc' dir='ltr'><strong><em>ἔτους</em></strong></span> <span class='ocrx_word' id='word_1_31' title='bbox 1468 455 1628 515; x_wconf 81' lang='grc' dir='ltr'><strong><em>β’μετᾶ</em></strong></span> <span class='ocrx_word' id='word_1_32' title='bbox 1648 459 1722 504; x_wconf 84' lang='grc' dir='ltr'><strong>τὸν</strong></span> 
     </span>
     <span class='ocr_line' id='line_1_5' title="bbox 218 526 1720 587; baseline -0.001 -12"><span class='ocrx_word' id='word_1_33' title='bbox 218 528 533 584; x_wconf 70' lang='grc' dir='ltr'><strong><em>κατακλυσμὸν,</em></strong></span> <span class='ocrx_word' id='word_1_34' title='bbox 569 527 754 585; x_wconf 75' lang='grc' dir='ltr'><strong>ἐγέννησε</strong></span> <span class='ocrx_word' id='word_1_35' title='bbox 773 526 846 570; x_wconf 81' lang='grc' dir='ltr'><strong>τὸν</strong></span> <span class='ocrx_word' id='word_1_36' title='bbox 857 526 1089 585; x_wconf 78' lang='grc' dir='ltr'><strong><em>Ἀρφαξὰὸ,</em></strong></span> <span class='ocrx_word' id='word_1_37' title='bbox 1110 531 1170 587; x_wconf 80' lang='grc' dir='ltr'><strong>τῷ</strong></span> <span class='ocrx_word' id='word_1_38' title='bbox 1192 526 1330 587; x_wconf 52' lang='grc' dir='ltr'><strong><em>Ιβσμᾳῖ</em></strong></span> <span class='ocrx_word' id='word_1_39' title='bbox 1353 527 1431 572; x_wconf 68' lang='grc' dir='ltr'><strong><em>ἔτει</em></strong></span> <span class='ocrx_word' id='word_1_40' title='bbox 1450 533 1526 572; x_wconf 77' lang='grc' dir='ltr'><strong>τοῦ</strong></span> <span class='ocrx_word' id='word_1_41' title='bbox 1543 527 1720 584; x_wconf 84' lang='grc' dir='ltr'><strong><em>κόσμου,</em></strong></span> 
     </span>
     <span class='ocr_line' id='line_1_6' title="bbox 220 594 1749 659; baseline -0.001 -15"><span class='ocrx_word' id='word_1_42' title='bbox 220 599 327 659; x_wconf 72' lang='grc' dir='ltr'><strong><em>’ὅπερ</em></strong></span> <span class='ocrx_word' id='word_1_43' title='bbox 344 594 396 656; x_wconf 76' lang='grc' dir='ltr'><strong>ἦν</strong></span> <span class='ocrx_word' id='word_1_44' title='bbox 410 596 482 655; x_wconf 85' lang='grc' dir='ltr'><strong>χα’</strong></span> <span class='ocrx_word' id='word_1_45' title='bbox 499 602 576 654; x_wconf 84' lang='grc' dir='ltr'><strong>τῆς</strong></span> <span class='ocrx_word' id='word_1_46' title='bbox 603 599 709 653; x_wconf 76' lang='grc' dir='ltr'><strong><em>ζωῆς</em></strong></span> <span class='ocrx_word' id='word_1_47' title='bbox 738 600 814 640; x_wconf 83' lang='grc' dir='ltr'><strong>τοῦ</strong></span> <span class='ocrx_word' id='word_1_48' title='bbox 844 599 955 641; x_wconf 85' lang='grc' dir='ltr'><strong>Νῶε.</strong></span> <span class='ocrx_word' id='word_1_49' title='bbox 1007 599 1075 640; x_wconf 81' lang='grc' dir='ltr'><strong>καὶ</strong></span> <span class='ocrx_word' id='word_1_50' title='bbox 1094 597 1286 655; x_wconf 74' lang='grc' dir='ltr'><strong><em>ἓπέζησεν</em></strong></span> <span class='ocrx_word' id='word_1_51' title='bbox 1306 595 1351 657; x_wconf 86' lang='grc' dir='ltr'><strong>φ’</strong></span> <span class='ocrx_word' id='word_1_52' title='bbox 1374 598 1451 649; x_wconf 69' lang='grc' dir='ltr'><strong>ἕως</strong></span> <span class='ocrx_word' id='word_1_53' title='bbox 1469 603 1545 642; x_wconf 80' lang='grc' dir='ltr'><strong>τοῦ</strong></span> <span class='ocrx_word' id='word_1_54' title='bbox 1563 598 1749 659; x_wconf 54' lang='grc' dir='ltr'><strong><em>ΙβψμβἛ</em></strong></span> 
     </span>
     <span class='ocr_line' id='line_1_7' title="bbox 221 664 1722 727; baseline -0.002 -12"><span class='ocrx_word' id='word_1_55' title='bbox 221 672 425 727; x_wconf 79' lang='grc' dir='ltr'><strong><em>κοσμικοῦ</em></strong></span> <span class='ocrx_word' id='word_1_56' title='bbox 446 667 579 718; x_wconf 56' lang='grc' dir='ltr'><strong><em>ἔτους</em></strong></span> <span class='ocrx_word' id='word_1_57' title='bbox 608 665 630 711; x_wconf 77' lang='grc' dir='ltr'><em>ὃ</em></span> <span class='ocrx_word' id='word_1_58' title='bbox 660 664 769 723; x_wconf 76' lang='grc' dir='ltr'><strong>Σήμ.</strong></span> <span class='ocrx_word' id='word_1_59' title='bbox 809 664 831 709; x_wconf 82' lang='grc' dir='ltr'><em>ὃ</em></span> <span class='ocrx_word' id='word_1_60' title='bbox 862 667 908 710; x_wconf 77' lang='grc' dir='ltr'><strong>δὲ</strong></span> <span class='ocrx_word' id='word_1_61' title='bbox 928 670 1025 710; x_wconf 82' lang='grc' dir='ltr'><strong>Νῶε</strong></span> <span class='ocrx_word' id='word_1_62' title='bbox 1047 668 1154 723; x_wconf 77' lang='grc' dir='ltr'><strong><em>μετὰ</em></strong></span> <span class='ocrx_word' id='word_1_63' title='bbox 1177 669 1251 712; x_wconf 86' lang='grc' dir='ltr'><strong>τὸν</strong></span> <span class='ocrx_word' id='word_1_64' title='bbox 1270 669 1563 724; x_wconf 82' lang='grc' dir='ltr'><strong><em>κατακλυσμὸν</em></strong></span> <span class='ocrx_word' id='word_1_65' title='bbox 1583 669 1722 726; x_wconf 69' lang='grc' dir='ltr'><strong><em>ἔζησεν</em></strong></span> 
     </span>
     <span class='ocr_line' id='line_1_8' title="bbox 222 734 1723 803; baseline -0.001 -18"><span class='ocrx_word' id='word_1_66' title='bbox 222 740 294 798; x_wconf 67' lang='grc' dir='ltr'><strong>ἴτη</strong></span> <span class='ocrx_word' id='word_1_67' title='bbox 327 736 410 793; x_wconf 85' lang='grc' dir='ltr'><strong><em>τν’,</em></strong></span> <span class='ocrx_word' id='word_1_68' title='bbox 449 739 518 803; x_wconf 61' lang='lat' dir='ltr'><strong>ua?</strong></span> <span class='ocrx_word' id='word_1_69' title='bbox 551 737 738 781; x_wconf 73' lang='grc' dir='ltr'><strong><em>ἀπέθανε</em></strong></span> <span class='ocrx_word' id='word_1_70' title='bbox 763 740 823 798; x_wconf 76' lang='grc' dir='ltr'><strong>τῷ</strong></span> <span class='ocrx_word' id='word_1_71' title='bbox 845 734 1000 798; x_wconf 55' lang='grc' dir='ltr'><strong><em>Ιβφ5β’</em></strong></span> <span class='ocrx_word' id='word_1_72' title='bbox 1034 737 1111 782; x_wconf 73' lang='grc' dir='ltr'><strong><em>ἴτει</em></strong></span> <span class='ocrx_word' id='word_1_73' title='bbox 1131 743 1206 783; x_wconf 86' lang='grc' dir='ltr'><strong>τοῦ</strong></span> <span class='ocrx_word' id='word_1_74' title='bbox 1228 737 1412 797; x_wconf 87' lang='grc' dir='ltr'><strong><em>κόσμου,</em></strong></span> <span class='ocrx_word' id='word_1_75' title='bbox 1451 739 1634 784; x_wconf 79' lang='grc' dir='ltr'><strong><em>κατὰ-τὸ</em></strong></span> <span class='ocrx_word' id='word_1_76' title='bbox 1657 737 1723 784; x_wconf 77' lang='lat' dir='ltr'><strong>vv&#39;</strong></span> 
     </span>
     <span class='ocr_line' id='line_1_9' title="bbox 223 807 768 865; baseline -0.007 -9"><span class='ocrx_word' id='word_1_77' title='bbox 223 810 317 861; x_wconf 66' lang='grc' dir='ltr'><strong><em>ἔτος</em></strong></span> <span class='ocrx_word' id='word_1_78' title='bbox 335 812 411 865; x_wconf 80' lang='grc' dir='ltr'><strong>τῆς</strong></span> <span class='ocrx_word' id='word_1_79' title='bbox 429 812 505 852; x_wconf 79' lang='grc' dir='ltr'><strong>τοῦ</strong></span> <span class='ocrx_word' id='word_1_80' title='bbox 532 807 629 864; x_wconf 82' lang='grc' dir='ltr'><strong>Σὴμ</strong></span> <span class='ocrx_word' id='word_1_81' title='bbox 651 809 768 864; x_wconf 85' lang='grc' dir='ltr'><strong><em>ζωῆς.</em></strong></span> 
     </span>
    </p>

    <p class='ocr_par' dir='ltr' id='par_1_4' title="bbox 93 874 1779 1707">
     <span class='ocr_line' id='line_1_10' title="bbox 319 874 1722 940; baseline 0 -17"><span class='ocrx_word' id='word_1_82' title='bbox 319 877 538 938; x_wconf 76' lang='grc' dir='ltr'><strong><em>Ἀρφαξὰδ</em></strong></span> <span class='ocrx_word' id='word_1_83' title='bbox 562 875 779 935; x_wconf 82' lang='grc' dir='ltr'><strong><em>γενόμενος</em></strong></span> <span class='ocrx_word' id='word_1_84' title='bbox 799 878 903 921; x_wconf 74' lang='grc' dir='ltr'><strong><em>ἐτῶν</em></strong></span> <span class='ocrx_word' id='word_1_85' title='bbox 923 874 1007 935; x_wconf 83' lang='grc' dir='ltr'><strong>ρλε’</strong></span> <span class='ocrx_word' id='word_1_86' title='bbox 1027 876 1210 934; x_wconf 69' lang='grc' dir='ltr'><strong><em>ἐγέννησε</em></strong></span> <span class='ocrx_word' id='word_1_87' title='bbox 1232 876 1306 920; x_wconf 84' lang='grc' dir='ltr'><strong>τὸν</strong></span> <span class='ocrx_word' id='word_1_88' title='bbox 1328 878 1495 921; x_wconf 81' lang='grc' dir='ltr'><strong>Καῖνᾶν</strong></span> <span class='ocrx_word' id='word_1_89' title='bbox 1512 882 1571 938; x_wconf 77' lang='grc' dir='ltr'><strong>τῷ</strong></span> <span class='ocrx_word' id='word_1_90' title='bbox 1593 876 1722 940; x_wconf 51' lang='grc' dir='ltr'><strong><em>’βτοζ</em></strong></span> 
     </span>
     <span class='ocr_line' id='line_1_11' title="bbox 223 946 1779 1007; baseline 0 -13"><span class='ocrx_word' id='word_1_91' title='bbox 223 948 302 995; x_wconf 58' lang='grc' dir='ltr'><strong><em>ἔτει</em></strong></span> <span class='ocrx_word' id='word_1_92' title='bbox 322 953 399 993; x_wconf 82' lang='grc' dir='ltr'><strong>τοῦ</strong></span> <span class='ocrx_word' id='word_1_93' title='bbox 430 946 614 1004; x_wconf 80' lang='grc' dir='ltr'><strong><em>κόσμου,</em></strong></span> <span class='ocrx_word' id='word_1_94' title='bbox 654 949 722 991; x_wconf 84' lang='grc' dir='ltr'><strong>καὶ</strong></span> <span class='ocrx_word' id='word_1_95' title='bbox 741 946 880 1005; x_wconf 66' lang='grc' dir='ltr'><strong><em>ἔζησεν</em></strong></span> <span class='ocrx_word' id='word_1_96' title='bbox 906 946 977 1004; x_wconf 68' lang='grc' dir='ltr'><strong>ἔτη</strong></span> <span class='ocrx_word' id='word_1_97' title='bbox 1010 946 1092 992; x_wconf 86' lang='grc' dir='ltr'><strong><em>τνε’</em></strong></span> <span class='ocrx_word' id='word_1_98' title='bbox 1120 948 1198 998; x_wconf 72' lang='grc' dir='ltr'><strong>ἕως</strong></span> <span class='ocrx_word' id='word_1_99' title='bbox 1225 951 1302 991; x_wconf 84' lang='grc' dir='ltr'><strong>τοῦ</strong></span> <span class='ocrx_word' id='word_1_100' title='bbox 1341 946 1489 1007; x_wconf 59' lang='grc' dir='ltr'><strong><em>,βψλβ</em></strong></span> <span class='ocrx_word' id='word_1_101' title='bbox 1519 954 1719 1004; x_wconf 84' lang='grc' dir='ltr'><strong><em>κοσμικοῦ</em></strong></span> <span class='ocrx_word' id='word_1_102' title='bbox 1733 960 1779 995; x_wconf 88' lang='grc'><strong>10</strong></span> 
     </span>
     <span class='ocr_line' id='line_1_12' title="bbox 224 1016 1768 1076; baseline -0.002 -11"><span class='ocrx_word' id='word_1_103' title='bbox 224 1019 343 1070; x_wconf 69' lang='grc' dir='ltr'><strong><em>ἴτους</em></strong></span> <span class='ocrx_word' id='word_1_104' title='bbox 357 1033 366 1044; x_wconf 89' lang='grc'>·</span> <span class='ocrx_word' id='word_1_105' title='bbox 389 1020 458 1062; x_wconf 82' lang='grc' dir='ltr'><strong>καὶ</strong></span> <span class='ocrx_word' id='word_1_106' title='bbox 476 1017 662 1062; x_wconf 76' lang='grc' dir='ltr'><strong><em>ἀπέθανε</em></strong></span> <span class='ocrx_word' id='word_1_107' title='bbox 675 1017 756 1076; x_wconf 83' lang='grc' dir='ltr'><strong>πρὸ</strong></span> <span class='ocrx_word' id='word_1_108' title='bbox 773 1022 849 1061; x_wconf 77' lang='grc' dir='ltr'><strong>τοῦ</strong></span> <span class='ocrx_word' id='word_1_109' title='bbox 861 1019 967 1061; x_wconf 76' lang='grc' dir='ltr'><strong><em>ἰδίου</em></strong></span> <span class='ocrx_word' id='word_1_110' title='bbox 986 1017 1146 1076; x_wconf 84' lang='grc' dir='ltr'><strong><em>πατρὸς</em></strong></span> <span class='ocrx_word' id='word_1_111' title='bbox 1158 1017 1254 1074; x_wconf 79' lang='grc' dir='ltr'><strong>Σὴμ</strong></span> <span class='ocrx_word' id='word_1_112' title='bbox 1272 1016 1378 1061; x_wconf 66' lang='grc' dir='ltr'><strong><em>ἔτεσι</em></strong></span> <span class='ocrx_word' id='word_1_113' title='bbox 1399 1016 1439 1063; x_wconf 82' lang='grc' dir='ltr'><strong>ι’.</strong></span> <span class='ocrx_word' id='word_1_114' title='bbox 1459 1019 1553 1062; x_wconf 83' lang='grc' dir='ltr'><strong><em>τινὰ</em></strong></span> <span class='ocrx_word' id='word_1_115' title='bbox 1572 1021 1617 1063; x_wconf 76' lang='grc' dir='ltr'><strong>δὲ</strong></span> <span class='ocrx_word' id='word_1_116' title='bbox 1636 1024 1720 1064; x_wconf 84' lang='grc' dir='ltr'><strong>τῶν</strong></span> <span class='ocrx_word' id='word_1_117' title='bbox 1763 1054 1768 1062; x_wconf 91' lang='grc'><strong>.</strong></span> 
     </span>
     <span class='ocr_line' id='line_1_13' title="bbox 224 1085 1722 1147; baseline -0.001 -13"><span class='ocrx_word' id='word_1_118' title='bbox 224 1086 510 1147; x_wconf 76' lang='grc' dir='ltr'><strong><em>ἀντιγράφων,</em></strong></span> <span class='ocrx_word' id='word_1_119' title='bbox 547 1085 605 1139; x_wconf 79' lang='grc' dir='ltr'><strong>ὥς</strong></span> <span class='ocrx_word' id='word_1_120' title='bbox 638 1089 708 1132; x_wconf 85' lang='grc' dir='ltr'><strong>καὶ</strong></span> <span class='ocrx_word' id='word_1_121' title='bbox 742 1087 948 1144; x_wconf 81' lang='grc' dir='ltr'><strong><em>Εὐσεβίου</em></strong></span> <span class='ocrx_word' id='word_1_122' title='bbox 961 1121 975 1142; x_wconf 96' lang='grc'><strong><em>,</em></strong></span> <span class='ocrx_word' id='word_1_123' title='bbox 1011 1086 1075 1145; x_wconf 83' lang='lat' dir='ltr'><strong>vy&#39;</strong></span> <span class='ocrx_word' id='word_1_124' title='bbox 1111 1087 1251 1143; x_wconf 69' lang='grc' dir='ltr'><strong><em>ἔχουσι</em></strong></span> <span class='ocrx_word' id='word_1_125' title='bbox 1282 1092 1358 1131; x_wconf 81' lang='grc' dir='ltr'><strong>τοῦ</strong></span> <span class='ocrx_word' id='word_1_126' title='bbox 1376 1087 1594 1147; x_wconf 74' lang='grc' dir='ltr'><strong><em>Ἀρφαξάδ</em></strong></span> <span class='ocrx_word' id='word_1_127' title='bbox 1614 1090 1722 1145; x_wconf 79' lang='grc' dir='ltr'><strong><em>μετὰ</em></strong></span> 
     </span>
     <span class='ocr_line' id='line_1_14' title="bbox 93 1155 1722 1217; baseline 0 -13"><span class='ocrx_word' id='word_1_128' title='bbox 93 1175 139 1213; x_wconf 81' lang='lat' dir='ltr'><strong>v,</strong></span> <span class='ocrx_word' id='word_1_129' title='bbox 161 1175 211 1212; x_wconf 77' lang='lat'><strong>92</strong></span> <span class='ocrx_word' id='word_1_130' title='bbox 227 1160 275 1204; x_wconf 79' lang='grc' dir='ltr'><strong>τὸ</strong></span> <span class='ocrx_word' id='word_1_131' title='bbox 308 1163 499 1217; x_wconf 82' lang='grc' dir='ltr'><strong><em>γεννῆσαι</em></strong></span> <span class='ocrx_word' id='word_1_132' title='bbox 519 1157 591 1202; x_wconf 81' lang='grc' dir='ltr'><strong>τὸν</strong></span> <span class='ocrx_word' id='word_1_133' title='bbox 609 1156 745 1212; x_wconf 66' lang='lat' dir='ltr'><strong>Etim,</strong></span> <span class='ocrx_word' id='word_1_134' title='bbox 782 1156 844 1209; x_wconf 76' lang='grc' dir='ltr'><strong>οἷς</strong></span> <span class='ocrx_word' id='word_1_135' title='bbox 866 1157 962 1202; x_wconf 77' lang='grc' dir='ltr'><strong>οὐδ’</strong></span> <span class='ocrx_word' id='word_1_136' title='bbox 986 1156 1093 1209; x_wconf 81' lang='grc' dir='ltr'><strong><em>ὅλως</em></strong></span> <span class='ocrx_word' id='word_1_137' title='bbox 1112 1155 1317 1214; x_wconf 71' lang='grc' dir='ltr'><strong><em>ἑπόμεθα,</em></strong></span> <span class='ocrx_word' id='word_1_138' title='bbox 1356 1157 1491 1215; x_wconf 76' lang='grc' dir='ltr'><strong><em>πάντη</em></strong></span> <span class='ocrx_word' id='word_1_139' title='bbox 1517 1164 1594 1216; x_wconf 76' lang='grc' dir='ltr'><strong>τῆς</strong></span> <span class='ocrx_word' id='word_1_140' title='bbox 1616 1160 1722 1217; x_wconf 82' lang='grc' dir='ltr'><strong><em>ἀλη-</em></strong></span> 
     </span>
     <span class='ocr_line' id='line_1_15' title="bbox 186 1221 1721 1289; baseline 0 -15"><span class='ocrx_word' id='word_1_141' title='bbox 186 1221 349 1281; x_wconf 75' lang='grc' dir='ltr'><strong><em>Βθείας·</em></strong></span> <span class='ocrx_word' id='word_1_142' title='bbox 373 1233 458 1273; x_wconf 86' lang='grc' dir='ltr'><strong>τῶν</strong></span> <span class='ocrx_word' id='word_1_143' title='bbox 481 1225 646 1287; x_wconf 82' lang='grc' dir='ltr'><strong><em>χρόνων</em></strong></span> <span class='ocrx_word' id='word_1_144' title='bbox 675 1229 745 1272; x_wconf 81' lang='grc' dir='ltr'><strong>καὶ</strong></span> <span class='ocrx_word' id='word_1_145' title='bbox 774 1232 858 1272; x_wconf 82' lang='grc' dir='ltr'><strong>τῶν</strong></span> <span class='ocrx_word' id='word_1_146' title='bbox 884 1232 1029 1286; x_wconf 78' lang='grc' dir='ltr'><strong><em>γενεῶν</em></strong></span> <span class='ocrx_word' id='word_1_147' title='bbox 1051 1226 1393 1286; x_wconf 80' lang='grc' dir='ltr'><strong><em>ὃιημαρτηκόσιν.</em></strong></span> <span class='ocrx_word' id='word_1_148' title='bbox 1433 1229 1525 1273; x_wconf 78' lang='grc' dir='ltr'><strong><em>ἀντὶ</em></strong></span> <span class='ocrx_word' id='word_1_149' title='bbox 1545 1230 1624 1289; x_wconf 79' lang='grc' dir='ltr'><strong>γὰρ</strong></span> <span class='ocrx_word' id='word_1_150' title='bbox 1645 1235 1721 1274; x_wconf 77' lang='grc' dir='ltr'><strong>τοῦ</strong></span> 
     </span>
     <span class='ocr_line' id='line_1_16' title="bbox 222 1295 1779 1358; baseline 0.001 -13"><span class='ocrx_word' id='word_1_151' title='bbox 222 1302 390 1346; x_wconf 84' lang='grc' dir='ltr'><strong><em>Καΐνᾶν</em></strong></span> <span class='ocrx_word' id='word_1_152' title='bbox 414 1297 496 1343; x_wconf 79' lang='grc' dir='ltr'><strong>τὸν</strong></span> <span class='ocrx_word' id='word_1_153' title='bbox 526 1295 648 1343; x_wconf 81' lang='grc' dir='ltr'><strong><em>Σάλα</em></strong></span> <span class='ocrx_word' id='word_1_154' title='bbox 678 1300 784 1357; x_wconf 83' lang='grc' dir='ltr'><strong><em>φασὶ</em></strong></span> <span class='ocrx_word' id='word_1_155' title='bbox 810 1303 1062 1356; x_wconf 73' lang='grc' dir='ltr'><strong><em>γεννηθῆναι</em></strong></span> <span class='ocrx_word' id='word_1_156' title='bbox 1091 1303 1151 1358; x_wconf 79' lang='grc' dir='ltr'><strong>τῷ</strong></span> <span class='ocrx_word' id='word_1_157' title='bbox 1175 1298 1395 1356; x_wconf 72' lang='grc' dir='ltr'><strong><em>Ἀρφαξάδ</em></strong></span> <span class='ocrx_word' id='word_1_158' title='bbox 1408 1298 1657 1358; x_wconf 84' lang='grc' dir='ltr'><strong><em>Ἀφρικανός</em></strong></span> <span class='ocrx_word' id='word_1_159' title='bbox 1676 1319 1720 1344; x_wconf 88' lang='grc' dir='ltr'><strong>τε</strong></span> <span class='ocrx_word' id='word_1_160' title='bbox 1733 1310 1779 1347; x_wconf 83' lang='grc'><strong>15</strong></span> 
     </span>
     <span class='ocr_line' id='line_1_17' title="bbox 219 1366 1721 1428; baseline -0.001 -13"><span class='ocrx_word' id='word_1_161' title='bbox 219 1372 294 1415; x_wconf 84' lang='grc' dir='ltr'><strong>’καὶ</strong></span> <span class='ocrx_word' id='word_1_162' title='bbox 322 1368 547 1425; x_wconf 71' lang='grc' dir='ltr'><strong><em>Εὐσέβιος,</em></strong></span> <span class='ocrx_word' id='word_1_163' title='bbox 586 1369 655 1412; x_wconf 80' lang='grc' dir='ltr'><strong>καὶ</strong></span> <span class='ocrx_word' id='word_1_164' title='bbox 688 1368 764 1425; x_wconf 86' lang='grc' dir='ltr'><strong>τὴν</strong></span> <span class='ocrx_word' id='word_1_165' title='bbox 793 1367 849 1414; x_wconf 74' lang='grc' dir='ltr'><strong>ιδ’</strong></span> <span class='ocrx_word' id='word_1_166' title='bbox 868 1369 1007 1426; x_wconf 78' lang='grc' dir='ltr'><strong><em>γενεὰν</em></strong></span> <span class='ocrx_word' id='word_1_167' title='bbox 1040 1373 1115 1413; x_wconf 80' lang='grc' dir='ltr'><strong>τοῦ</strong></span> <span class='ocrx_word' id='word_1_168' title='bbox 1138 1366 1260 1413; x_wconf 54' lang='lat' dir='ltr'><strong>&gt;Zeila</strong></span> <span class='ocrx_word' id='word_1_169' title='bbox 1281 1366 1332 1426; x_wconf 78' lang='grc' dir='ltr'><strong>ιγ’</strong></span> <span class='ocrx_word' id='word_1_170' title='bbox 1353 1367 1574 1425; x_wconf 82' lang='grc' dir='ltr'><strong><em>τάττουσι,</em></strong></span> <span class='ocrx_word' id='word_1_171' title='bbox 1610 1369 1721 1428; x_wconf 82' lang='grc' dir='ltr'><strong><em>μνή-</em></strong></span> 
     </span>
     <span class='ocr_line' id='line_1_18' title="bbox 221 1436 1722 1497; baseline 0.001 -13"><span class='ocrx_word' id='word_1_172' title='bbox 221 1454 307 1497; x_wconf 85' lang='grc' dir='ltr'><strong><em>μην</em></strong></span> <span class='ocrx_word' id='word_1_173' title='bbox 334 1443 410 1483; x_wconf 82' lang='grc' dir='ltr'><strong><em>τοῦ</em></strong></span> <span class='ocrx_word' id='word_1_174' title='bbox 432 1438 626 1497; x_wconf 73' lang='grc' dir='ltr'><strong><em>δευτέρου</em></strong></span> <span class='ocrx_word' id='word_1_175' title='bbox 648 1440 813 1483; x_wconf 86' lang='grc' dir='ltr'><strong><em>Καϊνᾶν</em></strong></span> <span class='ocrx_word' id='word_1_176' title='bbox 831 1438 930 1482; x_wconf 75' lang='grc' dir='ltr'><strong>οὐδ’</strong></span> <span class='ocrx_word' id='word_1_177' title='bbox 959 1437 1068 1491; x_wconf 83' lang='grc' dir='ltr'><strong><em>ὅλως</em></strong></span> <span class='ocrx_word' id='word_1_178' title='bbox 1088 1436 1384 1495; x_wconf 81' lang='grc' dir='ltr'><strong><em>ποιησάμενοι,</em></strong></span> <span class='ocrx_word' id='word_1_179' title='bbox 1422 1438 1469 1483; x_wconf 80' lang='grc' dir='ltr'><strong>ὃν</strong></span> <span class='ocrx_word' id='word_1_180' title='bbox 1492 1440 1536 1483; x_wconf 81' lang='grc' dir='ltr'><strong>αἶ</strong></span> <span class='ocrx_word' id='word_1_181' title='bbox 1556 1459 1722 1485; x_wconf 84' lang='grc' dir='ltr'><strong><em>παντα-</em></strong></span> 
     </span>
     <span class='ocr_line' id='line_1_19' title="bbox 219 1508 1721 1568; baseline 0.001 -14"><span class='ocrx_word' id='word_1_182' title='bbox 219 1513 300 1567; x_wconf 75' lang='grc' dir='ltr'><strong>χοῦ</strong></span> <span class='ocrx_word' id='word_1_183' title='bbox 332 1512 408 1566; x_wconf 75' lang='grc' dir='ltr'><strong>τῆς</strong></span> <span class='ocrx_word' id='word_1_184' title='bbox 431 1512 474 1552; x_wconf 93' lang='grc' dir='ltr'><strong>Γ</strong></span> <span class='ocrx_word' id='word_1_185' title='bbox 470 1508 635 1559; x_wconf 79' lang='grc' dir='ltr'><strong><em>ενέσεως</em></strong></span> <span class='ocrx_word' id='word_1_186' title='bbox 663 1508 770 1567; x_wconf 80' lang='grc' dir='ltr'><strong><em>ἱεραὶ</em></strong></span> <span class='ocrx_word' id='word_1_187' title='bbox 795 1510 938 1564; x_wconf 77' lang='grc' dir='ltr'><strong><em>βίβλοι</em></strong></span> <span class='ocrx_word' id='word_1_188' title='bbox 969 1511 1038 1553; x_wconf 84' lang='grc' dir='ltr'><strong>καὶ</strong></span> <span class='ocrx_word' id='word_1_189' title='bbox 1055 1508 1104 1553; x_wconf 83' lang='grc' dir='ltr'><strong>τὸ</strong></span> <span class='ocrx_word' id='word_1_190' title='bbox 1133 1508 1242 1553; x_wconf 76' lang='grc' dir='ltr'><strong><em>κατὰ</em></strong></span> <span class='ocrx_word' id='word_1_191' title='bbox 1267 1511 1450 1553; x_wconf 84' lang='grc' dir='ltr'><strong><em>Λουκᾶν</em></strong></span> <span class='ocrx_word' id='word_1_192' title='bbox 1468 1510 1721 1568; x_wconf 76' lang='grc' dir='ltr'><strong><em>Εὗαγγέλιον</em></strong></span> 
     </span>
     <span class='ocr_line' id='line_1_20' title="bbox 222 1576 1721 1641; baseline 0.002 -17"><span class='ocrx_word' id='word_1_193' title='bbox 222 1583 298 1624; x_wconf 79' lang='grc' dir='ltr'><strong>τόὕ</strong></span> <span class='ocrx_word' id='word_1_194' title='bbox 319 1578 538 1637; x_wconf 78' lang='grc' dir='ltr'><strong><em>Ἀρφαξὰὸ</em></strong></span> <span class='ocrx_word' id='word_1_195' title='bbox 569 1578 662 1622; x_wconf 81' lang='grc' dir='ltr'><strong><em>υἱὸν</em></strong></span> <span class='ocrx_word' id='word_1_196' title='bbox 687 1576 962 1635; x_wconf 74' lang='grc' dir='ltr'><strong><em>ἓκδεδώκασι,</em></strong></span> <span class='ocrx_word' id='word_1_197' title='bbox 998 1581 1067 1624; x_wconf 82' lang='grc' dir='ltr'><strong>καὶ</strong></span> <span class='ocrx_word' id='word_1_198' title='bbox 1103 1577 1156 1637; x_wconf 82' lang='grc' dir='ltr'><strong>ιγ’</strong></span> <span class='ocrx_word' id='word_1_199' title='bbox 1193 1578 1275 1624; x_wconf 82' lang='grc' dir='ltr'><strong>ἀπὸ</strong></span> <span class='ocrx_word' id='word_1_200' title='bbox 1290 1578 1452 1636; x_wconf 78' lang='grc' dir='ltr'><strong><em>Ἀδὰμ,</em></strong></span> <span class='ocrx_word' id='word_1_201' title='bbox 1476 1582 1651 1641; x_wconf 80' lang='grc' dir='ltr'><strong><em>πατέρα</em></strong></span> <span class='ocrx_word' id='word_1_202' title='bbox 1674 1583 1721 1626; x_wconf 77' lang='grc' dir='ltr'><strong>δὲ</strong></span> 
     </span>
     <span class='ocr_line' id='line_1_21' title="bbox 221 1646 1779 1707; baseline -0.003 -13"><span class='ocrx_word' id='word_1_203' title='bbox 221 1653 299 1694; x_wconf 79' lang='grc' dir='ltr'><strong>’τοῦ</strong></span> <span class='ocrx_word' id='word_1_204' title='bbox 321 1647 442 1694; x_wconf 82' lang='grc' dir='ltr'><em>Σάλα</em></span> <span class='ocrx_word' id='word_1_205' title='bbox 465 1646 520 1692; x_wconf 76' lang='grc' dir='ltr'><strong>ιδ’</strong></span> <span class='ocrx_word' id='word_1_206' title='bbox 539 1647 621 1693; x_wconf 77' lang='grc' dir='ltr'><strong>ἀπὸ</strong></span> <span class='ocrx_word' id='word_1_207' title='bbox 635 1647 772 1705; x_wconf 79' lang='grc' dir='ltr'><strong>Ἀδὰμ</strong></span> <span class='ocrx_word' id='word_1_208' title='bbox 796 1647 927 1700; x_wconf 70' lang='grc' dir='ltr'><strong><em>ὄντος.</em></strong></span> <span class='ocrx_word' id='word_1_209' title='bbox 1187 1698 1194 1707; x_wconf 52' lang='grc'><strong><em>,</em></strong></span> <span class='ocrx_word' id='word_1_210' title='bbox 1302 1669 1304 1671; x_wconf 51' lang='lat'>&gt;</span> <span class='ocrx_word' id='word_1_211' title='bbox 1729 1653 1779 1690; x_wconf 76' lang='lat'><strong>20</strong></span> 
     </span>
    </p>
   </div>
   <div class='ocr_carea' id='block_1_3' title="bbox 317 1767 1721 2147">
    <p class='ocr_par' dir='ltr' id='par_1_5' title="bbox 319 1767 1717 1821">
     <span class='ocr_line' id='line_1_22' title="bbox 319 1767 1717 1821; baseline 0 -12"><span class='ocrx_word' id='word_1_212' title='bbox 319 1774 352 1809; x_wconf 91' lang='lat'><strong>1.</strong></span> <span class='ocrx_word' id='word_1_213' title='bbox 374 1767 652 1813; x_wconf 76' lang='grc' dir='ltr'><strong><em>θεοπνεύστους</em></strong></span> <span class='ocrx_word' id='word_1_214' title='bbox 669 1770 743 1806; x_wconf 92' lang='lat' dir='ltr'><strong>Bm.</strong></span> <span class='ocrx_word' id='word_1_215' title='bbox 766 1768 1037 1814; x_wconf 77' lang='grc' dir='ltr'><strong><em>θεοπνεύστοις</em></strong></span> <span class='ocrx_word' id='word_1_216' title='bbox 1055 1771 1104 1806; x_wconf 83' lang='lat' dir='ltr'><strong>G.</strong></span> <span class='ocrx_word' id='word_1_217' title='bbox 1213 1771 1249 1808; x_wconf 88' lang='grc'><strong>3.</strong></span> <span class='ocrx_word' id='word_1_218' title='bbox 1272 1768 1368 1808; x_wconf 75' lang='grc' dir='ltr'><strong><em>ἐτῶν</em></strong></span> <span class='ocrx_word' id='word_1_219' title='bbox 1387 1771 1469 1808; x_wconf 87' lang='lat' dir='ltr'><strong>add.</strong></span> <span class='ocrx_word' id='word_1_220' title='bbox 1495 1772 1539 1808; x_wconf 92' lang='lat' dir='ltr'><strong>B.</strong></span> <span class='ocrx_word' id='word_1_221' title='bbox 1644 1773 1717 1821; x_wconf 70' lang='lat'><strong>97&#39;]</strong></span> 
     </span>
    </p>

    <p class='ocr_par' dir='ltr' id='par_1_6' title="bbox 317 1816 1721 1864">
     <span class='ocr_line' id='line_1_23' title="bbox 317 1816 1721 1864; baseline 0.002 -10"><span class='ocrx_word' id='word_1_222' title='bbox 317 1816 378 1864; x_wconf 67' lang='grc' dir='ltr'><strong>(ια’</strong></span> <span class='ocrx_word' id='word_1_223' title='bbox 402 1831 448 1853; x_wconf 87' lang='lat' dir='ltr'><strong>m.</strong></span> <span class='ocrx_word' id='word_1_224' title='bbox 548 1819 571 1854; x_wconf 85' lang='lat'><strong>9</strong></span> <span class='ocrx_word' id='word_1_225' title='bbox 596 1816 691 1854; x_wconf 77' lang='grc' dir='ltr'><strong><em>ἐτῶν</em></strong></span> <span class='ocrx_word' id='word_1_226' title='bbox 706 1818 827 1854; x_wconf 86' lang='lat' dir='ltr'><strong>addidi</strong></span> <span class='ocrx_word' id='word_1_227' title='bbox 859 1831 902 1854; x_wconf 89' lang='lat' dir='ltr'><strong>ex</strong></span> <span class='ocrx_word' id='word_1_228' title='bbox 923 1819 997 1854; x_wconf 89' lang='grc' dir='ltr'><strong>ΑΒ.</strong></span> <span class='ocrx_word' id='word_1_229' title='bbox 1031 1818 1156 1853; x_wconf 86' lang='lat' dir='ltr'><strong>Toties</strong></span> <span class='ocrx_word' id='word_1_230' title='bbox 1178 1816 1246 1853; x_wconf 87' lang='lat' dir='ltr'><strong>hoc</strong></span> <span class='ocrx_word' id='word_1_231' title='bbox 1268 1824 1305 1854; x_wconf 90' lang='lat' dir='ltr'><strong>et</strong></span> <span class='ocrx_word' id='word_1_232' title='bbox 1322 1822 1459 1854; x_wconf 85' lang='lat' dir='ltr'><strong>ceteros</strong></span> <span class='ocrx_word' id='word_1_233' title='bbox 1478 1831 1582 1856; x_wconf 82' lang='lat' dir='ltr'><strong>casus</strong></span> <span class='ocrx_word' id='word_1_234' title='bbox 1604 1822 1721 1857; x_wconf 86' lang='lat' dir='ltr'><strong>omisit</strong></span> 
     </span>
    </p>

    <p class='ocr_par' dir='ltr' id='par_1_7' title="bbox 319 1864 1720 1911">
     <span class='ocr_line' id='line_1_24' title="bbox 319 1864 1720 1911; baseline 0.002 -10"><span class='ocrx_word' id='word_1_235' title='bbox 319 1867 475 1908; x_wconf 75' lang='lat' dir='ltr'><strong>Gnarus,</strong></span> <span class='ocrx_word' id='word_1_236' title='bbox 497 1867 537 1899; x_wconf 90' lang='lat' dir='ltr'><strong>ut</strong></span> <span class='ocrx_word' id='word_1_237' title='bbox 554 1864 598 1899; x_wconf 88' lang='lat' dir='ltr'><strong>de</strong></span> <span class='ocrx_word' id='word_1_238' title='bbox 617 1875 659 1900; x_wconf 87' lang='lat' dir='ltr'><strong>eo</strong></span> <span class='ocrx_word' id='word_1_239' title='bbox 676 1865 713 1900; x_wconf 91' lang='lat' dir='ltr'><strong>in</strong></span> <span class='ocrx_word' id='word_1_240' title='bbox 734 1871 910 1911; x_wconf 84' lang='lat' dir='ltr'><strong>posterum</strong></span> <span class='ocrx_word' id='word_1_241' title='bbox 926 1877 993 1900; x_wconf 90' lang='lat' dir='ltr'><strong>non</strong></span> <span class='ocrx_word' id='word_1_242' title='bbox 1009 1866 1074 1900; x_wconf 89' lang='lat' dir='ltr'><strong>sim</strong></span> <span class='ocrx_word' id='word_1_243' title='bbox 1092 1864 1305 1908; x_wconf 81' lang='lat' dir='ltr'><strong>moniturus,</strong></span> <span class='ocrx_word' id='word_1_244' title='bbox 1329 1865 1396 1900; x_wconf 87' lang='lat' dir='ltr'><strong>nisi</strong></span> <span class='ocrx_word' id='word_1_245' title='bbox 1415 1865 1474 1901; x_wconf 90' lang='lat' dir='ltr'><strong>ubi</strong></span> <span class='ocrx_word' id='word_1_246' title='bbox 1491 1879 1535 1902; x_wconf 88' lang='lat' dir='ltr'><strong>ex</strong></span> <span class='ocrx_word' id='word_1_247' title='bbox 1549 1869 1720 1904; x_wconf 85' lang='lat' dir='ltr'><strong>alterutro</strong></span> 
     </span>
    </p>

    <p class='ocr_par' dir='ltr' id='par_1_8' title="bbox 318 1911 1719 1960">
     <span class='ocr_line' id='line_1_25' title="bbox 318 1911 1719 1960; baseline 0.001 -11"><span class='ocrx_word' id='word_1_248' title='bbox 318 1917 452 1949; x_wconf 83' lang='lat' dir='ltr'><strong>tantum</strong></span> <span class='ocrx_word' id='word_1_249' title='bbox 480 1911 600 1947; x_wconf 90' lang='lat' dir='ltr'><strong>codice</strong></span> <span class='ocrx_word' id='word_1_250' title='bbox 628 1923 818 1960; x_wconf 79' lang='lat' dir='ltr'><strong>sumpsero.</strong></span> <span class='ocrx_word' id='word_1_251' title='bbox 873 1912 969 1948; x_wconf 85' lang='lat' dir='ltr'><strong>Idem</strong></span> <span class='ocrx_word' id='word_1_252' title='bbox 999 1912 1044 1947; x_wconf 90' lang='lat' dir='ltr'><strong>de</strong></span> <span class='ocrx_word' id='word_1_253' title='bbox 1073 1911 1230 1947; x_wconf 82' lang='lat' dir='ltr'><strong>articulis</strong></span> <span class='ocrx_word' id='word_1_254' title='bbox 1253 1913 1311 1947; x_wconf 87' lang='lat' dir='ltr'><strong>vel</strong></span> <span class='ocrx_word' id='word_1_255' title='bbox 1340 1912 1471 1947; x_wconf 87' lang='lat' dir='ltr'><strong>additis</strong></span> <span class='ocrx_word' id='word_1_256' title='bbox 1496 1915 1553 1949; x_wconf 84' lang='lat' dir='ltr'><strong>vel</strong></span> <span class='ocrx_word' id='word_1_257' title='bbox 1581 1916 1719 1950; x_wconf 87' lang='lat' dir='ltr'><strong>omissis</strong></span> 
     </span>
    </p>

    <p class='ocr_par' dir='ltr' id='par_1_9' title="bbox 317 1956 1719 2006">
     <span class='ocr_line' id='line_1_26' title="bbox 317 1956 1719 2006; baseline 0.002 -11"><span class='ocrx_word' id='word_1_258' title='bbox 317 1959 466 2006; x_wconf 83' lang='lat' dir='ltr'><strong>aliisque</strong></span> <span class='ocrx_word' id='word_1_259' title='bbox 479 1958 579 2002; x_wconf 82' lang='lat' dir='ltr'><strong>vitiis</strong></span> <span class='ocrx_word' id='word_1_260' title='bbox 597 1958 785 1994; x_wconf 86' lang='lat' dir='ltr'><strong>levioribus</strong></span> <span class='ocrx_word' id='word_1_261' title='bbox 800 1958 931 1994; x_wconf 88' lang='lat' dir='ltr'><strong>dictum</strong></span> <span class='ocrx_word' id='word_1_262' title='bbox 953 1963 1040 1995; x_wconf 85' lang='lat' dir='ltr'><strong>esto.</strong></span> <span class='ocrx_word' id='word_1_263' title='bbox 1136 1959 1192 1994; x_wconf 92' lang='grc'><strong>12.</strong></span> <span class='ocrx_word' id='word_1_264' title='bbox 1217 1960 1304 2003; x_wconf 80' lang='grc' dir='ltr'><strong><em>τοῦ]</em></strong></span> <span class='ocrx_word' id='word_1_265' title='bbox 1328 1956 1396 1996; x_wconf 82' lang='grc' dir='ltr'><strong>τὸν</strong></span> <span class='ocrx_word' id='word_1_266' title='bbox 1420 1960 1468 1996; x_wconf 86' lang='lat' dir='ltr'><strong>G.</strong></span> <span class='ocrx_word' id='word_1_267' title='bbox 1567 1964 1623 1999; x_wconf 86' lang='lat'><strong>13.</strong></span> <span class='ocrx_word' id='word_1_268' title='bbox 1649 1962 1719 2000; x_wconf 85' lang='grc' dir='ltr'><strong>τὸν</strong></span> 
     </span>
    </p>

    <p class='ocr_par' dir='ltr' id='par_1_10' title="bbox 317 2002 1719 2147">
     <span class='ocr_line' id='line_1_27' title="bbox 317 2002 1719 2055; baseline 0.002 -12"><span class='ocrx_word' id='word_1_269' title='bbox 317 2003 415 2050; x_wconf 68' lang='grc' dir='ltr'><strong><em>σάλοι</em></strong></span> <span class='ocrx_word' id='word_1_270' title='bbox 433 2007 476 2041; x_wconf 87' lang='grc' dir='ltr'><strong>Β.</strong></span> <span class='ocrx_word' id='word_1_271' title='bbox 503 2002 622 2042; x_wconf 79' lang='grc' dir='ltr'><strong><em>αὐτὸν</em></strong></span> <span class='ocrx_word' id='word_1_272' title='bbox 637 2003 748 2042; x_wconf 78' lang='grc' dir='ltr'><strong><em>Σάλα</em></strong></span> <span class='ocrx_word' id='word_1_273' title='bbox 766 2007 813 2040; x_wconf 83' lang='lat' dir='ltr'><strong>G.</strong></span> <span class='ocrx_word' id='word_1_274' title='bbox 910 2005 967 2043; x_wconf 88' lang='lat'><strong>14.</strong></span> <span class='ocrx_word' id='word_1_275' title='bbox 992 2003 1285 2052; x_wconf 80' lang='grc' dir='ltr'><strong><em>διημαρτηκόσιν</em></strong></span> <span class='ocrx_word' id='word_1_276' title='bbox 1301 2007 1344 2042; x_wconf 89' lang='grc' dir='ltr'><strong>Β.</strong></span> <span class='ocrx_word' id='word_1_277' title='bbox 1369 2008 1659 2055; x_wconf 82' lang='grc' dir='ltr'><strong><em>διημαρτηκέναι</em></strong></span> <span class='ocrx_word' id='word_1_278' title='bbox 1668 2012 1719 2047; x_wconf 78' lang='lat' dir='ltr'><strong>G.</strong></span> 
     </span>
     <span class='ocr_line' id='line_1_28' title="bbox 414 2052 1719 2103; baseline 0.004 -13"><span class='ocrx_word' id='word_1_279' title='bbox 414 2054 471 2093; x_wconf 86' lang='lat'><strong>15.</strong></span> <span class='ocrx_word' id='word_1_280' title='bbox 497 2053 590 2098; x_wconf 85' lang='grc' dir='ltr'><strong><em>φασὶ</em></strong></span> <span class='ocrx_word' id='word_1_281' title='bbox 611 2054 856 2100; x_wconf 81' lang='grc' dir='ltr'><strong><em>γεννηθῆναι]</em></strong></span> <span class='ocrx_word' id='word_1_282' title='bbox 883 2055 1117 2101; x_wconf 73' lang='grc' dir='ltr'><strong><em>γεννηθῆναι.</em></strong></span> <span class='ocrx_word' id='word_1_283' title='bbox 1136 2052 1230 2099; x_wconf 85' lang='grc' dir='ltr'><strong><em>φασὶ</em></strong></span> <span class='ocrx_word' id='word_1_284' title='bbox 1248 2053 1298 2089; x_wconf 82' lang='lat' dir='ltr'><strong>G·</strong></span> <span class='ocrx_word' id='word_1_285' title='bbox 1401 2056 1455 2103; x_wconf 79' lang='grc' dir='ltr'><strong>τῷ</strong></span> <span class='ocrx_word' id='word_1_286' title='bbox 1478 2057 1554 2093; x_wconf 85' lang='lat' dir='ltr'><strong>Bm.</strong></span> <span class='ocrx_word' id='word_1_287' title='bbox 1578 2057 1644 2095; x_wconf 83' lang='grc' dir='ltr'><strong>τὸν</strong></span> <span class='ocrx_word' id='word_1_288' title='bbox 1668 2059 1719 2095; x_wconf 84' lang='lat' dir='ltr'><strong>G.</strong></span> 
     </span>
     <span class='ocr_line' id='line_1_29' title="bbox 415 2099 920 2147; baseline -0.002 -10"><span class='ocrx_word' id='word_1_289' title='bbox 415 2102 472 2139; x_wconf 88' lang='lat'><strong>18.</strong></span> <span class='ocrx_word' id='word_1_290' title='bbox 494 2101 562 2147; x_wconf 77' lang='grc' dir='ltr'><strong>τῆς</strong></span> <span class='ocrx_word' id='word_1_291' title='bbox 580 2099 762 2143; x_wconf 80' lang='grc' dir='ltr'><strong><em>Γενέσεως</em></strong></span> <span class='ocrx_word' id='word_1_292' title='bbox 784 2113 849 2138; x_wconf 90' lang='lat' dir='ltr'><strong>om.</strong></span> <span class='ocrx_word' id='word_1_293' title='bbox 871 2102 920 2136; x_wconf 84' lang='lat' dir='ltr'><strong>G.</strong></span> 
     </span>
    </p>
   </div>
   <div class='ocr_carea' id='block_1_4' title="bbox 223 2203 1720 2295">
    <p class='ocr_par' dir='ltr' id='par_1_11' title="bbox 223 2203 1720 2295">
     <span class='ocr_line' id='line_1_30' title="bbox 223 2203 1720 2255; baseline 0.005 -15"><span class='ocrx_word' id='word_1_294' title='bbox 223 2204 341 2247; x_wconf 66' lang='lat' dir='ltr'><strong>,sacris</strong></span> <span class='ocrx_word' id='word_1_295' title='bbox 354 2204 391 2240; x_wconf 92' lang='lat' dir='ltr'><strong>in</strong></span> <span class='ocrx_word' id='word_1_296' title='bbox 413 2204 549 2252; x_wconf 80' lang='lat' dir='ltr'>paginis</span> <span class='ocrx_word' id='word_1_297' title='bbox 571 2204 703 2251; x_wconf 82' lang='lat' dir='ltr'><strong>positas</strong></span> <span class='ocrx_word' id='word_1_298' title='bbox 723 2204 768 2250; x_wconf 76' lang='lat' dir='ltr'><strong>de</strong></span> <span class='ocrx_word' id='word_1_299' title='bbox 792 2204 852 2241; x_wconf 89' lang='lat' dir='ltr'><strong>illo</strong></span> <span class='ocrx_word' id='word_1_300' title='bbox 876 2204 934 2241; x_wconf 87' lang='lat' dir='ltr'><strong>vel</strong></span> <span class='ocrx_word' id='word_1_301' title='bbox 953 2203 998 2240; x_wconf 90' lang='lat' dir='ltr'><strong>de</strong></span> <span class='ocrx_word' id='word_1_302' title='bbox 1015 2205 1160 2254; x_wconf 83' lang='lat' dir='ltr'><strong>reliquis</strong></span> <span class='ocrx_word' id='word_1_303' title='bbox 1178 2206 1392 2255; x_wconf 84' lang='lat' dir='ltr'><strong>patriarchis</strong></span> <span class='ocrx_word' id='word_1_304' title='bbox 1416 2209 1655 2254; x_wconf 82' lang='lat' dir='ltr'><strong>narrationes,</strong></span> <span class='ocrx_word' id='word_1_305' title='bbox 1678 2214 1720 2247; x_wconf 87' lang='lat' dir='ltr'><strong>ut</strong></span> 
     </span>
     <span class='ocr_line' id='line_1_31' title="bbox 223 2249 915 2295; baseline -0.001 -7"><span class='ocrx_word' id='word_1_306' title='bbox 223 2251 379 2291; x_wconf 65' lang='lat' dir='ltr'><strong>iuferius,</strong></span> <span class='ocrx_word' id='word_1_307' title='bbox 390 2251 626 2287; x_wconf 82' lang='lat' dir='ltr'><strong>declarabitur</strong></span> <span class='ocrx_word' id='word_1_308' title='bbox 637 2276 647 2295; x_wconf 90' lang='lat'>‚</span> <span class='ocrx_word' id='word_1_309' title='bbox 672 2249 915 2287; x_wconf 82' lang='lat' dir='ltr'><strong>existimemus.</strong></span> 
     </span>
    </p>
   </div>
   <div class='ocr_carea' id='block_1_5' title="bbox 222 2310 1719 2495">
    <p class='ocr_par' dir='ltr' id='par_1_12' title="bbox 222 2310 1719 2495">
     <span class='ocr_line' id='line_1_32' title="bbox 223 2310 1718 2362; baseline 0.006 -19"><span class='ocrx_word' id='word_1_310' title='bbox 223 2334 226 2337; x_wconf 30' lang='grc' dir='ltr'><em>ψ</em></span> <span class='ocrx_word' id='word_1_311' title='bbox 321 2310 402 2346; x_wconf 83' lang='lat' dir='ltr'><strong>Sem</strong></span> <span class='ocrx_word' id='word_1_312' title='bbox 420 2310 766 2356; x_wconf 83' lang='lat' dir='ltr'><strong>primogenitusNoe</strong></span> <span class='ocrx_word' id='word_1_313' title='bbox 784 2311 911 2347; x_wconf 80' lang='lat' dir='ltr'><strong>aetatis</strong></span> <span class='ocrx_word' id='word_1_314' title='bbox 929 2312 993 2347; x_wconf 87' lang='lat'><strong>101</strong></span> <span class='ocrx_word' id='word_1_315' title='bbox 1006 2337 1017 2354; x_wconf 94' lang='lat'>‚</span> <span class='ocrx_word' id='word_1_316' title='bbox 1042 2323 1064 2347; x_wconf 86' lang='lat' dir='ltr'><strong>a</strong></span> <span class='ocrx_word' id='word_1_317' title='bbox 1082 2312 1216 2349; x_wconf 86' lang='lat' dir='ltr'><strong>diluvio</strong></span> <span class='ocrx_word' id='word_1_318' title='bbox 1232 2325 1322 2349; x_wconf 87' lang='lat' dir='ltr'><strong>anno</strong></span> <span class='ocrx_word' id='word_1_319' title='bbox 1341 2315 1492 2350; x_wconf 86' lang='lat' dir='ltr'><strong>secundo</strong></span> <span class='ocrx_word' id='word_1_320' title='bbox 1512 2316 1636 2362; x_wconf 84' lang='lat' dir='ltr'><strong>genuit</strong></span> <span class='ocrx_word' id='word_1_321' title='bbox 1651 2317 1718 2352; x_wconf 85' lang='lat' dir='ltr'><strong>Ar-</strong></span> 
     </span>
     <span class='ocr_line' id='line_1_33' title="bbox 223 2356 1719 2410; baseline 0.005 -19"><span class='ocrx_word' id='word_1_322' title='bbox 223 2356 365 2404; x_wconf 58' lang='lat' dir='ltr'><strong>›phaxad</strong></span> <span class='ocrx_word' id='word_1_323' title='bbox 378 2382 390 2399; x_wconf 93' lang='lat'>,</span> <span class='ocrx_word' id='word_1_324' title='bbox 412 2357 533 2393; x_wconf 80' lang='lat' dir='ltr'><strong>mundi</strong></span> <span class='ocrx_word' id='word_1_325' title='bbox 559 2356 673 2403; x_wconf 79' lang='grc'><strong><em>2243,</em></strong></span> <span class='ocrx_word' id='word_1_326' title='bbox 698 2358 780 2393; x_wconf 89' lang='lat' dir='ltr'><strong>Noe</strong></span> <span class='ocrx_word' id='word_1_327' title='bbox 810 2361 899 2402; x_wconf 85' lang='lat'><strong>601,</strong></span> <span class='ocrx_word' id='word_1_328' title='bbox 924 2358 1022 2393; x_wconf 89' lang='lat' dir='ltr'><strong>annis</strong></span> <span class='ocrx_word' id='word_1_329' title='bbox 1049 2371 1134 2395; x_wconf 87' lang='lat' dir='ltr'><strong>vero</strong></span> <span class='ocrx_word' id='word_1_330' title='bbox 1163 2366 1341 2407; x_wconf 80' lang='lat' dir='ltr'><strong>superstes</strong></span> <span class='ocrx_word' id='word_1_331' title='bbox 1360 2362 1428 2397; x_wconf 77' lang='lat' dir='ltr'><strong>fuit</strong></span> <span class='ocrx_word' id='word_1_332' title='bbox 1447 2363 1519 2399; x_wconf 88' lang='lat'><strong>500</strong></span> <span class='ocrx_word' id='word_1_333' title='bbox 1540 2375 1650 2410; x_wconf 90' lang='lat' dir='ltr'><strong>usque</strong></span> <span class='ocrx_word' id='word_1_334' title='bbox 1672 2365 1719 2399; x_wconf 76' lang='lat' dir='ltr'><strong>ad</strong></span> 
     </span>
     <span class='ocr_line' id='line_1_34' title="bbox 222 2403 1717 2451; baseline 0.007 -14"><span class='ocrx_word' id='word_1_335' title='bbox 222 2403 348 2438; x_wconf 78' lang='lat' dir='ltr'><strong>muudi</strong></span> <span class='ocrx_word' id='word_1_336' title='bbox 376 2403 480 2441; x_wconf 82' lang='grc'><strong><em>2742.</em></strong></span> <span class='ocrx_word' id='word_1_337' title='bbox 526 2405 607 2440; x_wconf 91' lang='lat' dir='ltr'><strong>Noe</strong></span> <span class='ocrx_word' id='word_1_338' title='bbox 634 2416 736 2451; x_wconf 85' lang='lat' dir='ltr'><strong>porro</strong></span> <span class='ocrx_word' id='word_1_339' title='bbox 767 2405 857 2440; x_wconf 84' lang='lat' dir='ltr'><strong>vixit</strong></span> <span class='ocrx_word' id='word_1_340' title='bbox 887 2417 909 2441; x_wconf 87' lang='lat' dir='ltr'><strong>a</strong></span> <span class='ocrx_word' id='word_1_341' title='bbox 936 2405 1067 2442; x_wconf 88' lang='lat' dir='ltr'><strong>diluvio</strong></span> <span class='ocrx_word' id='word_1_342' title='bbox 1094 2407 1192 2449; x_wconf 77' lang='lat' dir='ltr'><strong>anuis</strong></span> <span class='ocrx_word' id='word_1_343' title='bbox 1219 2409 1290 2446; x_wconf 81' lang='lat'><strong>350</strong></span> <span class='ocrx_word' id='word_1_344' title='bbox 1318 2414 1355 2445; x_wconf 84' lang='lat' dir='ltr'><strong>et</strong></span> <span class='ocrx_word' id='word_1_345' title='bbox 1373 2421 1465 2445; x_wconf 84' lang='lat' dir='ltr'><strong>anno</strong></span> <span class='ocrx_word' id='word_1_346' title='bbox 1486 2410 1606 2447; x_wconf 87' lang='lat' dir='ltr'><strong>mundi</strong></span> <span class='ocrx_word' id='word_1_347' title='bbox 1621 2412 1717 2448; x_wconf 88' lang='grc'><strong><em>2592</em></strong></span> 
     </span>
     <span class='ocr_line' id='line_1_35' title="bbox 225 2449 900 2495; baseline 0.004 -10"><span class='ocrx_word' id='word_1_348' title='bbox 225 2449 369 2486; x_wconf 65' lang='lat' dir='ltr'><strong>mactus</strong></span> <span class='ocrx_word' id='word_1_349' title='bbox 384 2455 440 2486; x_wconf 79' lang='lat' dir='ltr'><strong>est</strong></span> <span class='ocrx_word' id='word_1_350' title='bbox 456 2450 550 2495; x_wconf 85' lang='lat' dir='ltr'><strong>vita,</strong></span> <span class='ocrx_word' id='word_1_351' title='bbox 573 2452 655 2487; x_wconf 88' lang='lat' dir='ltr'><strong>Sem</strong></span> <span class='ocrx_word' id='word_1_352' title='bbox 673 2452 799 2487; x_wconf 81' lang='lat' dir='ltr'><strong>aetatis</strong></span> <span class='ocrx_word' id='word_1_353' title='bbox 819 2451 900 2490; x_wconf 85' lang='lat'><strong>450.</strong></span> 
     </span>
    </p>
   </div>
   <div class='ocr_carea' id='block_1_6' title="bbox 223 2509 1717 2978">
    <p class='ocr_par' dir='ltr' id='par_1_13' title="bbox 223 2509 1717 2978">
     <span class='ocr_line' id='line_1_36' title="bbox 261 2509 1716 2560; baseline 0.004 -17"><span class='ocrx_word' id='word_1_354' title='bbox 261 2519 262 2522; x_wconf 72' lang='grc'>’</span> <span class='ocrx_word' id='word_1_355' title='bbox 319 2509 510 2554; x_wconf 81' lang='lat' dir='ltr'><strong>Arphaxad</strong></span> <span class='ocrx_word' id='word_1_356' title='bbox 536 2509 663 2544; x_wconf 76' lang='lat' dir='ltr'><strong>aetatis</strong></span> <span class='ocrx_word' id='word_1_357' title='bbox 693 2510 759 2546; x_wconf 83' lang='lat'><strong>135</strong></span> <span class='ocrx_word' id='word_1_358' title='bbox 787 2511 910 2556; x_wconf 86' lang='lat' dir='ltr'><strong>genuit</strong></span> <span class='ocrx_word' id='word_1_359' title='bbox 936 2512 1072 2548; x_wconf 85' lang='lat' dir='ltr'><strong>Cainan</strong></span> <span class='ocrx_word' id='word_1_360' title='bbox 1087 2526 1177 2549; x_wconf 88' lang='lat' dir='ltr'><strong>anno</strong></span> <span class='ocrx_word' id='word_1_361' title='bbox 1195 2514 1311 2550; x_wconf 89' lang='lat' dir='ltr'><strong>mundi</strong></span> <span class='ocrx_word' id='word_1_362' title='bbox 1326 2515 1421 2553; x_wconf 86' lang='grc'><strong><em>2377</em></strong></span> <span class='ocrx_word' id='word_1_363' title='bbox 1436 2514 1597 2560; x_wconf 78' lang='lat' dir='ltr'><strong>vixitque</strong></span> <span class='ocrx_word' id='word_1_364' title='bbox 1617 2514 1716 2549; x_wconf 77' lang='lat' dir='ltr'><strong>annis</strong></span> 
     </span>
     <span class='ocr_line' id='line_1_37' title="bbox 227 2555 1717 2607; baseline 0.003 -15"><span class='ocrx_word' id='word_1_365' title='bbox 227 2555 297 2592; x_wconf 87' lang='lat'><strong>355</strong></span> <span class='ocrx_word' id='word_1_366' title='bbox 323 2555 504 2602; x_wconf 72' lang='lat' dir='ltr'><strong>usque‘ad</strong></span> <span class='ocrx_word' id='word_1_367' title='bbox 520 2557 636 2599; x_wconf 84' lang='grc'><strong><em>2732,</em></strong></span> <span class='ocrx_word' id='word_1_368' title='bbox 661 2561 698 2591; x_wconf 84' lang='lat' dir='ltr'><strong>et</strong></span> <span class='ocrx_word' id='word_1_369' title='bbox 718 2560 819 2602; x_wconf 84' lang='lat' dir='ltr'><strong>patre</strong></span> <span class='ocrx_word' id='word_1_370' title='bbox 843 2559 923 2594; x_wconf 88' lang='lat' dir='ltr'><strong>Sem</strong></span> <span class='ocrx_word' id='word_1_371' title='bbox 944 2560 1046 2596; x_wconf 57' lang='lat' dir='ltr'><strong>‘annis</strong></span> <span class='ocrx_word' id='word_1_372' title='bbox 1065 2563 1110 2598; x_wconf 93' lang='lat'><strong>10</strong></span> <span class='ocrx_word' id='word_1_373' title='bbox 1131 2561 1229 2607; x_wconf 89' lang='lat' dir='ltr'><strong>prior</strong></span> <span class='ocrx_word' id='word_1_374' title='bbox 1249 2562 1349 2598; x_wconf 90' lang='lat' dir='ltr'><strong>obiit.</strong></span> <span class='ocrx_word' id='word_1_375' title='bbox 1399 2562 1582 2598; x_wconf 81' lang='lat' dir='ltr'><strong>Caeterum</strong></span> <span class='ocrx_word' id='word_1_376' title='bbox 1600 2574 1717 2597; x_wconf 85' lang='lat' dir='ltr'><strong>exem-</strong></span> 
     </span>
     <span class='ocr_line' id='line_1_38' title="bbox 226 2602 1716 2655; baseline 0.004 -18"><span class='ocrx_word' id='word_1_377' title='bbox 226 2602 342 2648; x_wconf 79' lang='lat' dir='ltr'><strong>plaria</strong></span> <span class='ocrx_word' id='word_1_378' title='bbox 364 2602 546 2645; x_wconf 84' lang='lat' dir='ltr'><strong>nonnulla,-</strong></span> <span class='ocrx_word' id='word_1_379' title='bbox 569 2607 609 2637; x_wconf 87' lang='lat' dir='ltr'><strong>ut</strong></span> <span class='ocrx_word' id='word_1_380' title='bbox 636 2607 674 2638; x_wconf 84' lang='lat' dir='ltr'><strong>et</strong></span> <span class='ocrx_word' id='word_1_381' title='bbox 692 2603 841 2638; x_wconf 84' lang='lat' dir='ltr'><strong>Eusebii</strong></span> <span class='ocrx_word' id='word_1_382' title='bbox 869 2606 1021 2652; x_wconf 76' lang='lat' dir='ltr'><strong>scripta,</strong></span> <span class='ocrx_word' id='word_1_383' title='bbox 1045 2613 1124 2654; x_wconf 87' lang='lat' dir='ltr'><strong>post</strong></span> <span class='ocrx_word' id='word_1_384' title='bbox 1141 2609 1223 2643; x_wconf 84' lang='lat' dir='ltr'><strong>Sala</strong></span> <span class='ocrx_word' id='word_1_385' title='bbox 1242 2614 1380 2652; x_wconf 87' lang='lat' dir='ltr'><strong>natum,</strong></span> <span class='ocrx_word' id='word_1_386' title='bbox 1403 2607 1594 2655; x_wconf 82' lang='lat' dir='ltr'><strong>Arphaxad</strong></span> <span class='ocrx_word' id='word_1_387' title='bbox 1616 2609 1716 2643; x_wconf 82' lang='lat' dir='ltr'><strong>annis</strong></span> 
     </span>
     <span class='ocr_line' id='line_1_39' title="bbox 226 2649 1716 2702; baseline 0.003 -17"><span class='ocrx_word' id='word_1_388' title='bbox 226 2649 316 2692; x_wconf 82' lang='lat'>403,</span> <span class='ocrx_word' id='word_1_389' title='bbox 337 2649 429 2684; x_wconf 86' lang='lat' dir='ltr'><strong>inter</strong></span> <span class='ocrx_word' id='word_1_390' title='bbox 448 2649 548 2685; x_wconf 74' lang='lat' dir='ltr'><strong>vivos</strong></span> <span class='ocrx_word' id='word_1_391' title='bbox 572 2649 690 2695; x_wconf 81' lang='lat' dir='ltr'><strong>egisse</strong></span> <span class='ocrx_word' id='word_1_392' title='bbox 705 2650 885 2694; x_wconf 84' lang='lat' dir='ltr'><strong>referunt,</strong></span> <span class='ocrx_word' id='word_1_393' title='bbox 909 2653 1033 2699; x_wconf 86' lang='lat' dir='ltr'><strong>quibus</strong></span> <span class='ocrx_word' id='word_1_394' title='bbox 1050 2666 1114 2690; x_wconf 88' lang='lat' dir='ltr'><strong>ceu</strong></span> <span class='ocrx_word' id='word_1_395' title='bbox 1136 2667 1159 2690; x_wconf 85' lang='lat' dir='ltr'><strong>a</strong></span> <span class='ocrx_word' id='word_1_396' title='bbox 1176 2661 1367 2702; x_wconf 81' lang='lat' dir='ltr'><strong>temporum</strong></span> <span class='ocrx_word' id='word_1_397' title='bbox 1382 2655 1716 2702; x_wconf 85' lang='lat' dir='ltr'><strong>generationumque</strong></span> 
     </span>
     <span class='ocr_line' id='line_1_40' title="bbox 225 2695 1715 2749; baseline 0.005 -18"><span class='ocrx_word' id='word_1_398' title='bbox 225 2708 366 2732; x_wconf 90' lang='lat' dir='ltr'><strong>numero</strong></span> <span class='ocrx_word' id='word_1_399' title='bbox 389 2695 631 2732; x_wconf 74' lang='lat' dir='ltr'><strong>aberrantibus</strong></span> <span class='ocrx_word' id='word_1_400' title='bbox 661 2697 755 2731; x_wconf 86' lang='lat' dir='ltr'><strong>haud</strong></span> <span class='ocrx_word' id='word_1_401' title='bbox 772 2709 941 2743; x_wconf 85' lang='lat' dir='ltr'><strong>quaquam</strong></span> <span class='ocrx_word' id='word_1_402' title='bbox 960 2712 1139 2746; x_wconf 79' lang='lat' dir='ltr'><strong>possumus</strong></span> <span class='ocrx_word' id='word_1_403' title='bbox 1161 2703 1344 2745; x_wconf 82' lang='lat' dir='ltr'><strong>assentiri3</strong></span> <span class='ocrx_word' id='word_1_404' title='bbox 1368 2703 1446 2738; x_wconf 86' lang='lat' dir='ltr'><strong>vice</strong></span> <span class='ocrx_word' id='word_1_405' title='bbox 1466 2714 1612 2749; x_wconf 89' lang='lat' dir='ltr'><strong>namque</strong></span> <span class='ocrx_word' id='word_1_406' title='bbox 1629 2702 1715 2738; x_wconf 85' lang='lat' dir='ltr'><strong>Cai-</strong></span> 
     </span>
     <span class='ocr_line' id='line_1_41' title="bbox 224 2743 1714 2795; baseline 0.003 -16"><span class='ocrx_word' id='word_1_407' title='bbox 224 2751 294 2779; x_wconf 82' lang='lat' dir='ltr'><strong>nan</strong></span> <span class='ocrx_word' id='word_1_408' title='bbox 318 2743 403 2778; x_wconf 83' lang='lat' dir='ltr'><strong>Sala</strong></span> <span class='ocrx_word' id='word_1_409' title='bbox 429 2743 594 2790; x_wconf 76' lang='lat' dir='ltr'><strong>genuisse</strong></span> <span class='ocrx_word' id='word_1_410' title='bbox 619 2743 809 2790; x_wconf 73' lang='lat' dir='ltr'><strong>Arphaxad</strong></span> <span class='ocrx_word' id='word_1_411' title='bbox 838 2745 1021 2782; x_wconf 83' lang='lat' dir='ltr'><strong>Africanus</strong></span> <span class='ocrx_word' id='word_1_412' title='bbox 1048 2751 1085 2783; x_wconf 87' lang='lat' dir='ltr'><strong>et</strong></span> <span class='ocrx_word' id='word_1_413' title='bbox 1111 2748 1286 2784; x_wconf 78' lang='lat' dir='ltr'><strong>Eusebius</strong></span> <span class='ocrx_word' id='word_1_414' title='bbox 1314 2752 1474 2792; x_wconf 82' lang='lat' dir='ltr'><strong>narrant3</strong></span> <span class='ocrx_word' id='word_1_415' title='bbox 1487 2753 1536 2783; x_wconf 87' lang='lat' dir='ltr'><strong>·et</strong></span> <span class='ocrx_word' id='word_1_416' title='bbox 1555 2753 1714 2795; x_wconf 85' lang='lat' dir='ltr'><strong>quartam</strong></span> 
     </span>
     <span class='ocr_line' id='line_1_42' title="bbox 224 2790 1717 2839; baseline 0.004 -14"><span class='ocrx_word' id='word_1_417' title='bbox 224 2790 362 2836; x_wconf 88' lang='lat' dir='ltr'><strong>&#39;quidem</strong></span> <span class='ocrx_word' id='word_1_418' title='bbox 382 2791 550 2826; x_wconf 83' lang='lat' dir='ltr'><strong>decimam</strong></span> <span class='ocrx_word' id='word_1_419' title='bbox 566 2790 651 2825; x_wconf 83' lang='lat' dir='ltr'><strong>Sala</strong></span> <span class='ocrx_word' id='word_1_420' title='bbox 672 2795 805 2836; x_wconf 84' lang='lat' dir='ltr'><strong>ponunt</strong></span> <span class='ocrx_word' id='word_1_421' title='bbox 822 2792 960 2827; x_wconf 84' lang='lat' dir='ltr'><strong>tertiam</strong></span> <span class='ocrx_word' id='word_1_422' title='bbox 979 2794 1165 2839; x_wconf 87' lang='lat' dir='ltr'><strong>decimam,</strong></span> <span class='ocrx_word' id='word_1_423' title='bbox 1188 2796 1282 2831; x_wconf 91' lang='lat' dir='ltr'><strong>nulla</strong></span> <span class='ocrx_word' id='word_1_424' title='bbox 1309 2795 1451 2831; x_wconf 82' lang='lat' dir='ltr'><strong>secundi</strong></span> <span class='ocrx_word' id='word_1_425' title='bbox 1468 2796 1603 2831; x_wconf 86' lang='lat' dir='ltr'><strong>Caiuan</strong></span> <span class='ocrx_word' id='word_1_426' title='bbox 1620 2808 1717 2831; x_wconf 88' lang='lat' dir='ltr'><strong>men-</strong></span> 
     </span>
     <span class='ocr_line' id='line_1_43' title="bbox 223 2837 1715 2890; baseline 0.005 -19"><span class='ocrx_word' id='word_1_427' title='bbox 223 2837 320 2872; x_wconf 79' lang='lat' dir='ltr'><strong>tione</strong></span> <span class='ocrx_word' id='word_1_428' title='bbox 335 2837 451 2880; x_wconf 81' lang='lat' dir='ltr'><strong>facta,</strong></span> <span class='ocrx_word' id='word_1_429' title='bbox 476 2848 575 2884; x_wconf 87' lang='lat' dir='ltr'><strong>quem</strong></span> <span class='ocrx_word' id='word_1_430' title='bbox 595 2837 687 2872; x_wconf 75' lang='lat' dir='ltr'><strong>sacri</strong></span> <span class='ocrx_word' id='word_1_431' title='bbox 718 2837 848 2883; x_wconf 76' lang='lat' dir='ltr'><strong>passim</strong></span> <span class='ocrx_word' id='word_1_432' title='bbox 870 2838 948 2873; x_wconf 87' lang='lat' dir='ltr'><strong>libri</strong></span> <span class='ocrx_word' id='word_1_433' title='bbox 971 2852 1013 2874; x_wconf 83' lang='lat' dir='ltr'><strong>ac</strong></span> <span class='ocrx_word' id='word_1_434' title='bbox 1034 2842 1253 2888; x_wconf 83' lang='lat' dir='ltr'><strong>evangelium</strong></span> <span class='ocrx_word' id='word_1_435' title='bbox 1274 2843 1394 2878; x_wconf 86' lang='lat' dir='ltr'><strong>Lucae</strong></span> <span class='ocrx_word' id='word_1_436' title='bbox 1411 2842 1527 2877; x_wconf 79' lang='lat' dir='ltr'><strong>studio</strong></span> <span class='ocrx_word' id='word_1_437' title='bbox 1549 2843 1715 2890; x_wconf 76' lang='lat' dir='ltr'><strong>scriptum</strong></span> 
     </span>
     <span class='ocr_line' id='line_1_44' title="bbox 226 2883 1713 2934; baseline 0.007 -16"><span class='ocrx_word' id='word_1_438' title='bbox 226 2884 413 2930; x_wconf 58' lang='lat' dir='ltr'><strong>arphaxad</strong></span> <span class='ocrx_word' id='word_1_439' title='bbox 433 2883 558 2926; x_wconf 87' lang='lat' dir='ltr'><strong>filium,</strong></span> <span class='ocrx_word' id='word_1_440' title='bbox 579 2884 719 2919; x_wconf 85' lang='lat' dir='ltr'><strong>tertium</strong></span> <span class='ocrx_word' id='word_1_441' title='bbox 746 2884 882 2930; x_wconf 88' lang='lat' dir='ltr'><strong>quidem</strong></span> <span class='ocrx_word' id='word_1_442' title='bbox 902 2886 1068 2922; x_wconf 84' lang='lat' dir='ltr'><strong>decimum</strong></span> <span class='ocrx_word' id='word_1_443' title='bbox 1087 2889 1131 2924; x_wconf 78' lang='lat' dir='ltr'><strong>ab</strong></span> <span class='ocrx_word' id='word_1_444' title='bbox 1150 2890 1300 2934; x_wconf 77' lang='lat' dir='ltr'><strong>Adam,</strong></span> <span class='ocrx_word' id='word_1_445' title='bbox 1321 2889 1407 2926; x_wconf 77' lang='lat' dir='ltr'><strong>Sala</strong></span> <span class='ocrx_word' id='word_1_446' title='bbox 1424 2901 1510 2926; x_wconf 79' lang='lat' dir='ltr'><strong>vero</strong></span> <span class='ocrx_word' id='word_1_447' title='bbox 1527 2890 1572 2925; x_wconf 78' lang='lat' dir='ltr'><strong>ab</strong></span> <span class='ocrx_word' id='word_1_448' title='bbox 1593 2890 1713 2926; x_wconf 75' lang='lat' dir='ltr'><strong>eodem</strong></span> 
     </span>
     <span class='ocr_line' id='line_1_45' title="bbox 224 2929 1484 2978; baseline 0.007 -13"><span class='ocrx_word' id='word_1_449' title='bbox 224 2936 472 2978; x_wconf 81' lang='lat' dir='ltr'><strong>protoparente</strong></span> <span class='ocrx_word' id='word_1_450' title='bbox 488 2930 620 2968; x_wconf 82' lang='lat' dir='ltr'><strong>Adamo</strong></span> <span class='ocrx_word' id='word_1_451' title='bbox 642 2929 699 2974; x_wconf 76' lang='lat'><strong>14,</strong></span> <span class='ocrx_word' id='word_1_452' title='bbox 723 2934 855 2978; x_wconf 79' lang='lat' dir='ltr'><strong>patrem</strong></span> <span class='ocrx_word' id='word_1_453' title='bbox 880 2933 1048 2972; x_wconf 82' lang='lat' dir='ltr'><strong>referunt.</strong></span> <span class='ocrx_word' id='word_1_454' title='bbox 1478 2955 1484 2961; x_wconf 80' lang='lat'>=</span> 
     </span>
    </p>
   </div>
  </div>
 </body>
</html>
