1800 3236
227 166 331 216 674
708 174 963 222 GEORGII
992 175 1283 222 SYNCELLI

182 322 193 335 x
228 285 413 345 ὁρῶντος
431 283 513 331 ὕπὸ
533 290 821 346 στρατιωτῶν.
866 284 1075 346 Οὗράνιος
1093 286 1144 332 δέ
1160 305 1226 340 τις
1245 288 1288 334 ἐν
1304 287 1453 350 Ἐδίσῃ
1465 295 1542 349 τῆς
1561 291 1742 352 Ὀσροη-

226 361 302 415 νῆς
323 355 600 416 αὐτοκράτωρ
628 358 928 416 ἀναγορευθεὶς
947 359 1016 401 καὶ
1038 359 1147 403 κατὰ
1159 357 1438 420 Ἀλεξάνδρου
1472 363 1742 422 τυραννήσας

228 430 522 488 διαφθείρεται
541 426 618 471 ὕπ’
646 428 793 483 αὐτοῦ,
815 426 939 485 ἡνίκα
951 430 1213 489 ,καὶΠὲρσας
1234 430 1591 491 καταδραμόντας
1610 439 1739 480 Καπ-

224 501 434 544 παδοκίαν
453 501 523 543 καὶ
535 499 709 555 Νίσιβιν
729 503 1061 558 πολιορκοῦντας
1076 500 1352 562 Ἀλεξανδρος
1370 501 1598 562 ἐξῶθησεν.
1638 505 1736 550 ἀλλ’

68 573 110 608 Ρ-
136 572 207 610 358
228 572 286 622 εἷς
308 568 472 627 Ῥώμην
505 569 751 614 ἐπανελθών
783 569 1014 627 ἀναιρεῖται
1047 570 1126 616 σὺν
1156 576 1209 631 τῇ
1241 575 1371 633 μητρὶ
1404 577 1631 639 Μαμμαιά
1651 575 1769 622 ὖπὸὸ

226 644 532 700 στρατιωτικοῦ
560 638 772 698 θορύβου.
829 639 1035 698 Μάξιμος
1059 642 1108 686 δέ
1123 660 1185 694 τις
1205 644 1364 696 Μυσὸς
1388 644 1436 690 τὸ
1466 646 1584 704 γένος
1605 662 1739 706 στρα-

225 711 352 770 τηγὸς
369 714 575 768 Κελτικῆς
595 709 677 755 ὑπὸ
707 715 794 756 τῶν
824 711 1154 771 στρατευμάτων
1173 714 1374 770 βασιλεὺς
1390 713 1610 774 Ῥωμαίων
1634 717 1740 777 ἄνη-

223 780 410 842 γορεύθη
420 816 434 837 ,
474 779 690 841 κρατήσας
709 787 787 840 τῆς
804 783 1023 839 βασιλείας
1043 782 1260 841 Ῥωμαίων
1279 784 1351 844 ἔτη
1372 783 1424 845 γ’.

255 851 472 910 Ῥωμαίων
496 851 547 904 ις’
569 854 794 906 ἐπίσκοπος
812 852 1055 906 Κάλλιστος
1075 854 1145 912 ἔτη
1166 854 1221 912 η’.

249 923 501 981 Ἀντιοχείας
519 923 667 975 ἔνατος
686 925 912 977 ἐπίσκοπος
929 924 1239 984 Ἀσκληπιάδης
1258 924 1330 985 ἐτη
1351 925 1413 973 θ’.
1751 941 1796 977 10

251 992 555 1055 Ἱεροσολύμων
573 995 826 1055 τριακοστὸς
850 996 1053 1056 τέταρτος
1074 998 1300 1050 ἐπίσκοπος
1319 998 1560 1060 Σαρδιανὸς
1589 996 1660 1057 ἴτη
1690 997 1732 1045 ε’.

182 1120 214 1157 Β
684 1127 949 1170 ΚΟΣΜΟΥ
978 1128 1114 1170 ETH
1142 1123 1273 1189 ‘euna'-

595 1210 687 1264 Τῆς
721 1208 846 1259 θείας
879 1204 1131 1267 σαρκώσεως
1166 1209 1238 1267 ἔτη
1274 1206 1364 1255 σιέ.

251 1296 470 1355 Ῥωμαίων
490 1297 527 1343 κ’
551 1301 817 1357 ἐβασίλευσεν
839 1300 1114 1362 Ἀλέξανδρος
1135 1300 1158 1346 ὅ
1181 1303 1429 1360 Μαμμαιάς
1448 1303 1541 1356 υἱὸς
1568 1302 1640 1361 ἔτη
1664 1302 1730 1363 ιγ’.

321 1367 570 1422 Ἱππόλυτος
591 1371 702 1430 ἱερὸς
721 1369 958 1431 φιλόσοφος
982 1374 1207 1425 ἐπίσκοπος
1223 1373 1401 1434 Πόρτου
1430 1379 1506 1419 τοῦ
1527 1375 1635 1420 κατὰ
1656 1376 1734 1433 τὴν
1747 1382 1792 1419 15

214 1437 379 1497 Ῥώμην
403 1439 574 1500 σφόδρα
596 1444 839 1502 ’διαπρεπῶς
856 1443 980 1501 ἤνθει
1000 1444 1044 1489 ἐν
1068 1448 1121 1504 τῇ
1141 1444 1251 1489 κατὰ
1272 1445 1464 1504 Χριστὸν
1484 1448 1733 1507 φιλοσοφίᾳ,

219 1515 394 1555 πλεῖστα
413 1517 650 1572 ψυχωφελῆ
669 1512 914 1559 συντάττων
929 1513 1230 1573 ὑπομνήματα.
1269 1516 1328 1568 εἴς
1349 1534 1392 1561 τε
1410 1517 1490 1576 γὰρ
1514 1517 1590 1575 τὴν
1608 1515 1735 1575 ἕξαή-

217 1598 348 1641 μερον
371 1584 441 1626 καὶ
462 1585 520 1635 εἷς
541 1583 596 1627 τὰ
625 1584 733 1641 μετὰ
761 1585 838 1643 τὴν
859 1584 1089 1645 ἕξαήμερον
1099 1620 1115 1642 ,
1154 1589 1212 1638 εἷς
1232 1586 1368 1632 πολλά
1392 1606 1437 1633 τε
1456 1592 1542 1632 τῶν
1562 1605 1733 1648 προφη-

217 1657 330 1708 τῶν,
362 1651 554 1710 ’μάλιστα
567 1654 755 1713 Ἷεζεκιὴλ
785 1658 856 1701 καὶ
885 1657 1053 1715 Δανιὴλ
1082 1661 1169 1702 τῶν
1196 1657 1412 1716 μεγάλων,
1452 1657 1524 1716 ἕτη
1556 1659 1642 1717 μὴν
1674 1662 1733 1710 εἷς

179 1719 274 1767 Cu}
295 1723 468 1786 ᾄσματα
490 1727 560 1768 καὶ
581 1728 639 1778 εἷς
662 1726 796 1779 ἄλλας
814 1730 1018 1780 παντοίας
1037 1729 1220 1781 παλαιὰς
1246 1732 1317 1774 καὶ
1336 1730 1435 1782 νέας
1454 1730 1647 1790 γραφὰς,
1686 1731 1730 1774 ἐν
1741 1735 1789 1772 20

219 1792 283 1847 οἷς
303 1797 380 1839 καὶ,
395 1797 454 1848 εἷς
483 1796 562 1854 τὴν
584 1797 628 1842 ἐν
644 1795 814 1862 Πάτμῳ
835 1803 913 1844 τοῦ
938 1798 1148 1859 θεολόγον
1170 1799 1439 1859 ἀποκάλυψιν
1460 1801 1568 1860 πρὸς
1591 1804 1729 1860 Μαρ-

311 1919 348 1956 5.
373 1914 587 1968 α’ναιρεῖται.
602 1922 645 1958 Ρ.
669 1918 857 1961 nivele-ivm
881 1924 929 1960 G.
1024 1925 1083 1962 13.
1109 1922 1174 1972 ἔτη
1194 1936 1262 1961 om.
1282 1925 1326 1961 Α.
1422 1923 1481 1962 14.
1505 1922 1552 1972 ιγ’
1566 1936 1610 1961 m.
1630 1922 1664 1972 γ’
1678 1926 1727 1962 G.

217 2023 453 2062 trucidavere.
499 2026 656 2063 Uranius
682 2040 767 2064 vero
794 2029 937 2077 quidam
954 2028 1115 2067 Edessae
1135 2030 1397 2067 Osrhoenorum
1413 2029 1611 2077 Imperator
1631 2031 1727 2068 salu-

216 2074 313 2107 tatus
327 2098 338 2116 ‚
375 2076 519 2120 arrepta
543 2074 580 2110 in
611 2076 846 2114 Alexandrum
876 2078 1091 2124 tyrannide,
1124 2080 1169 2114 ab
1196 2092 1238 2115 eo
1266 2078 1345 2114 neci
1370 2079 1537 2114 traditur.
1596 2079 1726 2114 Persas

215 2124 333 2154 autem
349 2119 386 2155 in
400 2120 659 2168 Cappadociam
670 2130 897 2161 excurrentes
913 2130 950 2161 et
967 2126 1109 2161 Nisibin
1127 2126 1330 2162 obsidentes
1339 2126 1536 2162 Alexander
1551 2126 1587 2162 in
1606 2127 1726 2172 fugam

216 2166 339 2201 vertit.
386 2167 532 2205 Romam
556 2170 691 2207 demum
706 2184 891 2216 reversu5‚
917 2177 996 2208 orto
1015 2174 1162 2209 militari
1186 2174 1359 2217 tumultu,
1385 2185 1459 2208 cum
1479 2178 1589 2209 matre
1612 2174 1727 2209 Mam-

215 2224 315 2248 maea
338 2213 529 2260 iugulatur.
578 2218 691 2254 Porro
716 2220 890 2256 Maximus
912 2221 1054 2268 quidam
1074 2221 1195 2269 Mysia
1217 2226 1343 2264 natus,
1370 2221 1584 2256 Celticarum
1606 2222 1726 2268 copia-

214 2271 289 2295 rum
309 2261 402 2304 dux,
426 2263 658 2301 Romanorum
680 2266 875 2315 Imperator
892 2279 914 2304 a
930 2268 1099 2304 militibus
1118 2269 1329 2305 acclamatur
1346 2271 1384 2305 et
1401 2267 1560 2305 Romano
1576 2268 1725 2317 imperio

215 2307 351 2354 potitur
371 2309 470 2344 annis
491 2311 618 2347 tribus.
759 2328 761 2330 ·
897 2337 905 2345 ·
1007 2314 1011 2317 ⁵

238 2354 472 2391 Romanorum
494 2359 681 2407 episcopus
697 2362 742 2397 16
760 2361 930 2397 Callistus
947 2361 1048 2397 annis
1068 2364 1103 2399 8.

260 2403 470 2439 Antiochiae
493 2405 680 2454 episcopus
699 2410 722 2444 9
741 2408 971 2454 Asclepiades
993 2409 1095 2443 annis
1108 2411 1145 2446 9.

224 2448 228 2450 ’
262 2449 580 2498 Hierosolymorum
599 2454 784 2502 episcopus
801 2454 851 2492 34
869 2456 1065 2491 Sardianus
1084 2456 1184 2492 annis
1203 2456 1239 2493 5.

698 2538 851 2579 ANNI
879 2539 1091 2581 MUNDI
1120 2541 1249 2586 5715.

618 2592 782 2631 Dlvmffl
814 2595 1105 2633 Inclunmoms
1149 2609 1208 2634 AN.
1241 2597 1325 2636 215.

263 2649 497 2688 Romanorum
511 2651 707 2700 Imperator
725 2656 773 2691 20
787 2654 985 2692 Alexander
1007 2658 1224 2693 Mammaeae
1240 2656 1333 2693 filius
1353 2655 1454 2693 annis
1472 2657 1530 2695 13.

309 2699 526 2747 Hippolytus
543 2712 644 2736 sacer
663 2701 893 2750 philosophus
905 2729 916 2747 ‚
950 2705 1081 2740 Portus
1102 2705 1252 2740 Romani
1271 2704 1479 2751 episeopus,
1513 2702 1719 2742 Christiana

216 2744 352 2791 philoso
366 2747 439 2782 'hia
459 2752 666 2795 praestans,
692 2749 850 2796 pluribus
874 2748 1050 2788 iuvandae
1068 2753 1243 2788 hominum
1265 2751 1369 2788 saluti
1387 2751 1596 2799 conscriptis
1617 2752 1717 2788 libris

215 2792 355 2828 celebra
380 2799 470 2831 atur.
519 2796 638 2832 Editis
657 2797 791 2844 quippe
816 2796 854 2832 in
876 2810 939 2834 sex
957 2799 1087 2836 dierum
1114 2812 1202 2846 opus
1221 2805 1258 2835 et
1275 2800 1312 2835 in
1329 2811 1371 2835 ea
1390 2811 1483 2847 quae
1503 2798 1640 2847 priores
1653 2811 1716 2835 sex

214 2837 292 2874 dies
319 2840 397 2876 illos
425 2853 530 2878 conse
556 2848 643 2880 uuta
671 2849 777 2889 sunt,
815 2849 852 2880 et
879 2845 917 2882 in
952 2846 1220 2894 praecipuorum
1245 2847 1492 2895 prophetarum
1517 2846 1717 2882 Ezechielis

214 2886 361 2923 maxime
380 2893 417 2924 et
432 2888 545 2926 Danie
558 2891 588 2926 is
606 2891 795 2936 vaticinia,
816 2905 884 2929 nec
901 2905 971 2930 non
991 2894 1028 2930 in
1041 2895 1180 2931 cantica
1203 2898 1241 2931 et
1264 2900 1404 2931 veteres
1431 2894 1559 2941 passim
1586 2906 1717 2930 novas-

213 2945 282 2980 que
300 2934 513 2983 scripturas,
527 2939 790 2979 *commentariis
803 2965 815 2984 ,
839 2940 965 2988 quibus
985 2941 1125 2979 Ioannis
1146 2941 1302 2991 theologi
1320 2942 1359 2979 in
1385 2943 1508 2979 Patmo
1525 2941 1715 2979 revelatio-
