1800 3236
230 196 334 246 406
696 202 948 250 GEORGII
974 201 1261 250 SYNCELLI

233 317 313 360 δαν
342 310 588 371 ἀποστήσας
618 317 694 371 τῆς
719 314 1064 372 εἷδωλολατρείας
1089 314 1143 358 τὰ
1171 314 1322 358 εἷ’ὃωλα
1352 314 1421 357 καὶ
1449 310 1503 357 τὰ
1525 315 1612 356 τῶν
1634 310 1734 355 ἄσε-

168 379 173 384 ’
232 391 323 444 βῶν
355 380 460 430 ὀστᾶ
486 391 575 435 τοῖς
602 386 922 443 θυσιαστηρίοις
943 384 1157 428 ’ἕπε’καυσε
1171 418 1186 439 ,
1223 385 1431 435 παντοίως
1462 380 1735 440 ἐκπορθήσας

235 457 290 502 τὰ
334 455 442 501 κατὰ
479 459 620 499 πᾶσαν
659 454 734 511 τὴν
771 454 981 499 Ἰουδαίαν
1009 456 1078 498 καὶ
1107 455 1183 511 τὴν
1217 453 1460 513 Σαμάρειαν
1493 451 1730 509 μιάσματα,

236 526 384 578 καθώς
413 523 695 583 προεφήτευσε
731 526 822 583 περὶ
852 524 984 569 αὐτοῦ
1009 523 1031 569 ὃ
1052 526 1095 577 ἐξ
1109 523 1250 569 Ἰούδα
1274 521 1610 584 παραγενόμενος
1628 540 1735 579 προ-

237 596 376 656 ιῙήτης
413 595 518 654 πρὸς
556 593 812 653 Ἶερόβωὰμ,
852 594 899 640 ὃν
932 593 1199 640 ἐθανάτωσεν
1230 594 1251 640 ὃ
1282 595 1386 640 λε’ων
1413 593 1765 652 ὖποστρέφονταδ

199 666 348 712 Βὸιότι
388 666 536 724 ἔφαγεν
566 668 622 717 εἲς
652 666 725 710 τὸν
752 663 866 711 οἶκον
896 670 973 710 τοῦ
995 663 1302 725 συμπροφήτου
1325 666 1470 710 αὐτοῦ.
1508 665 1573 707 ἐπὶ
1605 663 1735 707 αὐτοῦ

237 739 284 783 τὸ
320 736 575 792 θαυμαστὸν
601 735 718 793 ἤχθη
747 734 904 794 πάσχα.
954 731 1079 789 οὗτος
1112 736 1343 793 συμβαλὼν
1375 738 1432 788 εἷς
1462 733 1644 790 πόλεμον
1675 736 1736 793 τῷ

239 812 392 867 Νεχαῷ
414 811 575 866 Φαραῷ
598 806 674 850 οὐκ
695 806 916 851 ἐπελθόντι
937 806 1067 866 αὐτῷ,
1108 807 1215 851 ἀλλὰ
1237 808 1304 851 καὶ
1321 804 1640 864 παραιτουμένῳ
1661 803 1738 859 τὴν

237 879 343 937 πρὸς
364 877 493 922 αὐτὸν
520 875 689 934 μάχην,
725 879 1049 930 κατατοξευθεὶς
1068 877 1232 928 Ἰωσίας
1255 875 1515 934 ἐτελεύτησεν
1525 909 1539 930 ,
1578 874 1739 918 ἀποκο-

237 950 405 1006 μισθεὶς
446 950 503 999 εἷς
530 946 819 1004 Ἰερουσαλήμ.
863 947 1028 1000 Ἰωσίας
1054 948 1147 1000 υἱὸς
1167 948 1305 1003 Ἀμώς
1329 948 1422 991 vio&
1452 948 1674 1001 ΖΙἸανασσῆ
1701 941 1739 987 λ’
1753 955 1798 990 10

241 1021 311 1064 καὶ
336 1017 382 1062 ’ἐν
415 1017 508 1069 ἴτος
531 1016 787 1073 βασιλεύσεις
815 1019 858 1062 ἐν
876 1016 1151 1076 Ἰερουσαλὴμ
1187 1016 1350 1070 πάντας
1376 1017 1476 1069 τούς
1500 1015 1582 1074 πρὸ
1608 1015 1741 1059 αὐτοῦ

242 1091 311 1134 καὶ
336 1088 435 1145 μετ’
459 1088 587 1132 αὐτὸν
605 1091 793 1144 βασιλεῖς
808 1086 989 1146 ὑπερῆρε
1007 1094 1066 1149 τῷ
1086 1090 1190 1149 θείῳ
1214 1087 1320 1148 ζήλῳ
1333 1122 1346 1142 ,
1385 1085 1440 1132 τά
1463 1105 1505 1131 τε
1525 1089 1741 1141 πανταχοῦ

242 1160 396 1205 εἴδωλα
426 1160 494 1202 καὶ
517 1156 767 1215 σεβάσματα
793 1159 987 1203 καθελών
1005 1161 1074 1203 καὶ
1095 1158 1194 1210 τοὺς
1216 1161 1627 1214 εἷὸωλολατροῦντας
1646 1153 1744 1208 ἐξά-

245 1247 346 1289 ρας,
383 1228 482 1280 τοὺς
500 1229 577 1285 μὲν
596 1230 776 1283 ζῶντας,
815 1229 916 1281 τοὺς
939 1230 984 1273 δὲ
1006 1227 1221 1281 θανόντας
1244 1230 1287 1273 ἓν
1309 1236 1396 1281 τοῖς
1415 1226 1566 1286 τάφοις
1587 1227 1741 1271 αὐτῶν.

206 1305 308 1359 (3τῷ
340 1298 395 1358 ιη’
427 1299 506 1344 ἕτει
531 1304 607 1356 τῆς
637 1300 855 1354 βασιλείας
887 1299 1018 1344 αὐτοῦ
1046 1300 1200 1358 ἐγένετο
1231 1298 1373 1356 πάσχα
1398 1300 1440 1342 ἐν
1455 1296 1742 1356 Ἰερουσαλὴμ,
1756 1308 1800 1344 15

244 1368 349 1424 οἷον,
387 1373 516 1428 φησὶν
536 1367 561 1426 ἦ
586 1374 670 1414 τῶν
687 1370 1073 1426 Παραλειπομένων
1092 1369 1265 1429 δευτέρα
1286 1372 1449 1426 βίβλος,
1488 1368 1564 1412 οὐκ
1587 1368 1742 1425 ἐγένετο

244 1443 288 1485 ἓν
310 1441 480 1498 Ἰσραὴλ
508 1438 591 1484 ἀπὸ
625 1438 793 1498 ἡμερῶν
822 1441 1027 1497 Σαμουὴλ
1049 1445 1125 1485 τοῦ
1148 1439 1368 1499 προφήτου
1396 1441 1463 1483 καὶ
1481 1439 1637 1489 παντὸς
1658 1443 1745 1492 βα-

245 1511 390 1562 σιλέως
405 1510 598 1568 Ἰσραὴλ,
638 1510 714 1554 οὐκ
735 1511 935 1568 ἐποίησαν
959 1509 1015 1563 ὥς
1038 1515 1098 1572 τῷ
1123 1512 1291 1565 Φασὲκ,
1330 1510 1353 1555 ὃ
1379 1511 1570 1566 ἐποίησεν
1583 1509 1749 1559 Ἰωσίας

247 1583 315 1626 καὶ
347 1582 386 1625 οἲ
414 1581 532 1638 ἱερεῖς
552 1581 692 1625 καὶοῖ
711 1583 895 1626 Λευῖται
919 1583 989 1625 καὶ
1010 1587 1092 1633 πᾶς
1107 1579 1269 1633 Ἰούδας
1291 1583 1359 1625 καὶ
1374 1580 1544 1639 Ἰσραὴλ
1567 1580 1607 1624 οῖ
1630 1577 1747 1636 εὗρε-

247 1653 392 1703 θέντες
436 1652 478 1694 ἐν
512 1649 813 1709 Ἰερουσαλήμ·
851 1646 977 1704 οὗτος
1014 1652 1114 1703 τούς
1147 1649 1508 1710 ἐγγαστριμύθους
1537 1652 1606 1694 καὶ
1647 1650 1800 1701 τοὺςὲῦ

247 1720 438 1780 γνώστας
466 1723 535 1765 καὶ
565 1721 619 1765 τὰ
637 1723 832 1782 θεραφὶμ
861 1724 932 1766 καὶ
952 1722 1007 1767 τὰ
1026 1723 1179 1767 εἴδωλα
1202 1724 1270 1767 καὶ
1293 1722 1347 1766 τὰ
1368 1722 1582 1780 Καρεσεὶμ
1594 1754 1609 1775 ,
1647 1720 1674 1764 ἃ
1696 1716 1748 1777 ἦν

345 1821 377 1857 1.
403 1821 692 1865 εἰδωλολατρίας
720 1822 758 1857 Α.
871 1822 906 1859 5.
934 1823 1046 1869 Vulgo
1069 1821 1268 1870 Ιεροβοάμ.
1383 1817 1676 1866 ὑποστρέψαντα
1701 1821 1749 1854 G.

435 1870 468 1904 8.
502 1871 621 1918 νεχαῴ
651 1869 790 1918 φαραῷ
817 1870 861 1907 Β.
889 1871 1004 1919 νεχαᾷ
1034 1873 1171 1919 φαραῷ
1198 1872 1239 1906 Α.
1271 1868 1408 1916 Νεχαώ
1441 1867 1579 1912 Φαραώ
1607 1869 1656 1906 G.

347 1916 404 1951 10.
428 1915 540 1961 υἱοῦ]
565 1918 635 1952 τοῦ
659 1918 706 1952 G.
825 1917 855 1954 λ’
875 1919 937 1953 καὶ
952 1917 996 1955 ἓν
1017 1918 1057 1952 Β.
1082 1917 1138 1955 λα’
1161 1919 1208 1953 G.
1338 1919 1392 1955 13.
1426 1915 1581 1962 ἐξεύροις
1607 1917 1656 1951 G.

346 1964 402 1998 16-
429 1964 773 2011 Παραλειπομὲνων
794 1964 963 2012 δευτέρα]
995 1965 1085 2011 Cap.
1108 1968 1175 2008 35,
1203 1966 1259 2002 18.
1384 1966 1438 2003 17.
1471 1964 1605 2008 ἰσραήλ
1626 1966 1668 1998 Α.
1694 1966 1752 1998 Ιε-

344 2010 538 2056 ρουσαλήμ
562 2013 609 2046 G.
728 2014 786 2052 18.
811 2010 864 2054 ὥς
877 2013 943 2061 τῷ]
970 2010 1020 2055 ὡς
1040 2012 1084 2050 τὸ
1109 2015 1157 2048 G.
1277 2014 1336 2049 20.
1358 2009 1685 2059 ἐνγαστριμύθους
1708 2011 1750 2045 Β.

412 2059 472 2095 21.
496 2061 669 2106 θεραφῖμ
684 2060 728 2097 Ἀ.
752 2063 946 2108 θεραφεὶμ
965 2061 1005 2096 B.
1036 2059 1210 2108 Τεραφὶμ
1226 2060 1276 2095 G.

256 2137 322 2172 lem
344 2149 475 2173 omnem
501 2141 734 2187 expurgavit3
759 2153 905 2189 cumque
929 2153 951 2177 a
968 2141 1225 2177 simulacrorum
1247 2141 1342 2176 cultu
1361 2140 1522 2175 Iudaeam
1542 2143 1648 2174 totam
1667 2151 1751 2174 avo-

257 2191 393 2228 casset,
417 2186 599 2222 simulacra
619 2189 698 2234 ipsa
712 2188 894 2235 impiorum
913 2188 1052 2223 ossibus
1067 2189 1222 2223 admixta
1241 2194 1277 2223 et
1292 2188 1462 2222 altaribus
1484 2187 1755 2233 superimposita

258 2234 469 2279 consumpsit
485 2235 590 2280 igne,
613 2236 776 2271 sordibus
796 2235 989 2271 huiusmodi
1009 2247 1051 2270 ex
1071 2235 1163 2270 omni
1179 2235 1310 2270 Iudaea
1328 2239 1363 2268 et
1380 2234 1536 2269 Samaria
1554 2234 1754 2276 eliminatis,

259 2284 365 2325 prout
390 2282 562 2326 propheta
586 2294 629 2316 ex
648 2282 779 2318 Iudaea
796 2281 997 2328 profectus,
1020 2282 1148 2329 quique
1169 2282 1212 2316 ob
1231 2287 1404 2327 sumptum
1424 2281 1461 2316 in
1486 2282 1756 2328 comprophetae

258 2325 359 2360 domo
379 2327 492 2361 cibum
517 2328 586 2363 iter
604 2341 711 2374 agens
729 2341 750 2363 a
767 2329 868 2364 leone
889 2329 1109 2376 praefocatus
1129 2329 1213 2372 fuit,
1241 2329 1450 2364 Hieroboam
1471 2329 1551 2364 olim
1571 2328 1756 2375 praedixe-

259 2380 326 2408 rat.
375 2374 466 2408 Eius
485 2380 640 2421 tempore
668 2376 796 2423 pascha
817 2376 921 2411 multo
939 2381 1112 2422 apparatu
1134 2377 1359 2411 celebratum.
1407 2376 1500 2411 Idem
1526 2375 1656 2422 praelio
1679 2387 1755 2410 cnm

258 2419 407 2455 Nechao
443 2421 627 2458 Pharaone
669 2434 764 2458 arma
800 2434 868 2458 non
905 2430 1084 2466 movente,
1126 2423 1194 2458 imo
1229 2423 1355 2458 bellum
1390 2428 1550 2458 aversato
1590 2435 1756 2468 congres-

257 2478 338 2510 sus,
371 2468 526 2513 sagittae
550 2469 694 2504 vulnere
723 2469 859 2505 interiit
886 2475 922 2504 et
951 2470 1169 2505 Hierusalem
1203 2471 1339 2506 delatus
1368 2476 1432 2505 est.
1489 2470 1620 2512 Iosias,
1654 2473 1756 2505 Amos

261 2513 377 2557 filius,
408 2515 583 2551 Manassis
605 2528 732 2562 nepos,
761 2528 828 2551 uno
851 2529 955 2563 supra
983 2517 1194 2552 tricesimum
1219 2530 1307 2552 anno
1329 2518 1480 2564 sceptris
1503 2517 1655 2564 potitus,
1680 2528 1757 2550 cum

262 2560 431 2604 maiores,
455 2567 526 2598 tum
544 2570 703 2609 posteros
724 2576 840 2599 omnes
861 2564 1003 2610 pietatis
1024 2565 1147 2600 ardore
1165 2564 1362 2612 superavit.
1407 2564 1515 2599 Idolis
1533 2564 1759 2610 delubrisque

261 2609 399 2644 cunctis
417 2610 544 2655 passim
564 2610 759 2656 profligatis
772 2636 782 2653 ‚
806 2611 1060 2647 simulacrorum
1081 2612 1186 2648 etiam
1203 2612 1392 2647 cultoribus
1407 2612 1450 2647 ad
1472 2623 1616 2657 poenam
1636 2611 1760 2658 exqui-

265 2654 366 2699 sitis3
391 2657 490 2692 vivos
509 2657 647 2704 quidem
669 2659 704 2693 in
727 2658 798 2693 aris
816 2659 1016 2702 mulctavit,
1041 2671 1105 2695 nec
1125 2671 1192 2694 non
1210 2659 1394 2694 defunctos
1415 2659 1568 2705 propriis
1589 2660 1623 2693 in
1642 2659 1758 2704 sepul·

266 2702 338 2736 cris
358 2703 560 2750 insequutus
579 2710 644 2741 est.
691 2706 789 2740 Anno
808 2706 908 2752 regni
933 2706 1007 2741 eius
1033 2709 1077 2744 18
1103 2712 1215 2742 actum
1244 2711 1300 2740 est
1322 2708 1454 2752 pascha
1474 2705 1508 2740 in
1527 2706 1759 2748 Hierusalem,

267 2749 369 2795 quale
386 2756 539 2787 testatur
550 2751 703 2798 Paralip.
722 2753 811 2787 liber
831 2753 878 2787 11.
904 2765 925 2788 a
947 2754 1120 2788 Samuelis
1138 2753 1329 2800 prophetae
1347 2752 1402 2787 vel
1420 2753 1515 2799 regis
1532 2753 1676 2788 alterius
1695 2765 1760 2799 par

266 2797 392 2832 nullum
421 2799 456 2833 in
482 2799 701 2834 Hierusalem
731 2799 954 2835 celebratum.
1011 2801 1091 2836 Non
1119 2806 1286 2846 egerunt,
1316 2799 1480 2846 inquam,
1514 2801 1586 2835 tale
1613 2801 1760 2842 phasec,

268 2844 371 2890 quale
397 2845 508 2880 Iosias
536 2850 572 2881 et
589 2847 791 2881 sacerdotes
817 2851 853 2881 et
872 2847 1001 2882 levitae
1013 2872 1024 2890 ‚
1052 2853 1088 2882 et
1106 2847 1214 2882 omnis
1232 2847 1320 2882 Iuda
1338 2853 1374 2882 et
1393 2847 1524 2890 Israel,
1549 2847 1608 2893 qui
1626 2847 1762 2893 reperti

266 2895 348 2926 sunt
362 2891 397 2926 in
406 2892 636 2936 Hierusalem,
652 2896 876 2940 peregerunt.
923 2894 992 2929 Hic
1007 2895 1245 2941 ventriloquos
1262 2898 1299 2929 et
1317 2893 1515 2940 cognitores
1531 2894 1606 2930 sive
1623 2894 1763 2929 divinos

270 2946 307 2973 en
325 2938 543 2988 'rheraphim
569 2946 607 2977 et
633 2940 727 2978 idola
752 2946 790 2977 et.
804 2941 961 2977 Caresim
981 2940 1056 2978 sive
1073 2941 1307 2986 offendicula,
1337 2953 1428 2989 quae
1448 2941 1589 2978 fuerant
1605 2942 1643 2978 in
1668 2946 1765 2977 terra
