1800 3236
530 211 1059 262 CHRONOGRAPHIA.
1449 205 1549 253 261

39 348 116 376 τον
152 327 468 388 παρεπίκραναν
498 325 575 370 τὸν
605 322 873 383 ἠπιώτατον,
910 320 1017 367 ὥστε
1047 322 1275 366 διαστεῖλαι
1307 320 1351 365 ἐν
1368 328 1458 372 τοῖς
1465 324 1554 378 χεί-

39 407 154 447 aean·
191 399 350 453 αὐτοῦ,
387 393 662 447 κελεύσαντος
690 394 808 455 αὐτῷ
836 397 914 439 τοῦ
939 396 1048 437 θεοῦ
1060 426 1074 446 ,
1113 393 1267 449 πλῆξαι
1295 391 1374 448 τὴν
1396 391 1552 450 πέτραν

38 475 93 531 τῇ
113 467 262 531 ῥάβδῳ
280 471 363 513 τοῦ
379 465 557 525 Ἀαρὼν,
578 468 648 511 καὶ
671 467 799 510 εἰπεῖν
819 462 901 524 πρὸ
924 466 1001 507 τοῦ
1021 458 1208 514 πατάξαι
1233 461 1382 518 αὐτὴν,
1420 460 1549 507 ἀκού-

38 541 146 587 σατέ
169 536 255 599 μου
287 538 330 584 οἱ
358 536 569 591 ἀπειθεῖς,
604 536 666 594 μὴ
689 538 735 580 ἐκ
764 539 842 593 τῆς
861 534 1019 593 πέτρας
1040 530 1199 590 ταύτης
1220 530 1429 589 ἐξάξωμεν
1450 529 1550 589 ὖμΐν

8 610 183 670 5ὗδωρ;
220 607 295 669 ἐφ’
327 605 392 660 οἷς
418 604 612 660 πατάξας
640 604 836 665 ἐξήγαγεν
868 604 1010 649 ὕδατα
1041 606 1100 655 εἷς
1132 603 1382 661 πλησμονὴν
1409 602 1554 655 αὐτοῖς

37 683 110 726 καὶ
139 686 232 731 τοῖς
266 677 456 737 κτήνεσιν
474 677 628 723 αὐτῶν.
666 676 762 722 τότε
784 674 896 720 εἶπεν
917 672 939 720 ὅ
960 673 1063 726 θεὸς
1085 673 1202 734 αὐτῷ
1223 691 1268 718 τε
1286 675 1356 718 καὶ
1374 677 1435 735 τῷ
1450 673 1552 718 '210‘-

37 752 140 812 ρῶν,
184 749 234 795 οὗ
256 749 319 807 μὴ
339 746 518 801 εῗσάξετε
539 748 613 792 τὸν
635 747 739 792 λαὸν
759 749 816 799 εἷς
837 747 916 804 τὴν
934 750 1013 803 γῆν
1033 749 1111 802 τῆς
1132 745 1400 804 κληρουχίας,
1439 742 1588 793 διότιο

38 821 116 883 οὔκ
133 818 408 866 ἐπιστεύσατέ
424 837 511 875 μοι.
548 819 598 863 τὸ
621 820 668 862 δέ
685 817 803 876 ὕδωρ
822 817 1037 874 λοιδορίας
1055 813 1231 872 ἐκλήθη.

145 889 256 936 Τότε
283 893 482 947 Μωῢσῆς
512 887 819 949 ἐπρεσβεύσατο
854 885 962 947 πρὸς
985 885 1165 942 βασιλέα
1191 885 1332 939 Ἔδὼμ
1368 887 1550 931 διελθεῖν

2 962 109 1008 Οδιὰ
138 966 217 1018 τῆς
239 959 386 1020 χώρας
415 960 563 1005 αὐτοῦ.
599 961 670 1004 καὶ
688 958 766 1015 οὔχ
782 955 1017 1016 ὑπήκουσεν
1039 955 1156 1017 αὐτῷ
1173 954 1325 1012 Ἐδιόμ.
1364 957 1552 1008 ἐκκλίνας

40 1035 88 1079 δὲ
108 1034 154 1085 ἐξ
165 1031 308 1088 Ἔδῶμ
329 1026 465 1088 ἦλθεν
485 1032 544 1082 εἷς
562 1029 663 1089 ὄρος
679 1028 821 1087 ἰδ’Ὠρ
842 1029 921 1074 σὺν
940 1028 1065 1072 παντὶ
1081 1024 1250 1086 Ἰσραήλ
1266 1041 1277 1052 ·
1313 1025 1423 1072 ἔνθα
1443 1025 1550 1071 ἄνα-

35 1101 223 1160 βιβάσας
245 1101 412 1161 Ἀαρών
439 1101 515 1145 τὸν
547 1099 731 1159 ἀδελφὸν
762 1099 897 1144 αὐτοῦ
920 1096 1098 1143 ἐνώπιον
1119 1102 1197 1142 τοῦ
1215 1101 1345 1152 λαοῦ,
1383 1097 1549 1151 ἐξέδυσε

35 1175 91 1219 τὰ
130 1170 278 1230 ἱμάτια
314 1172 447 1216 αὐτοῦ
483 1173 553 1216 καὶ
585 1172 775 1215 ἐνέδυσεν
812 1170 922 1215 αὐτὰ
948 1166 1148 1228 Ἐλεάζαρ
1177 1168 1252 1213 τὸν
1280 1168 1373 1214 υἱὸν
1414 1167 1547 1212 αὐτοῦ

36 1243 146 1290 κατὰ
174 1241 403 1301 πρόσταξιν
433 1246 555 1287 θεοῦ.
594 1243 666 1286 καὶ
693 1241 907 1287 ἀπέθανεν
926 1239 1091 1299 Ἀαρών
1118 1241 1206 1284 ἐκεῖ
1218 1240 1285 1283 ἐπὶ
1310 1242 1388 1295 τῆς
1415 1256 1546 1298 κορυ-

2 1326 25 1364 5
38 1320 122 1375 φῆς
140 1318 217 1359 τοῦ
239 1313 367 1373 ὄρους
383 1317 443 1375 τῷ
455 1310 502 1369 μ’
512 1312 592 1357 ἔτει
611 1317 688 1371 τῆς
706 1310 865 1365 ἐξόδου.
891 1311 1055 1370 Ἀαρών
1069 1307 1544 1367 τελευτήσαντοςἘλεά-

36 1389 114 1446 ζαρ
141 1384 235 1436 υἱὸς
266 1384 398 1429 αὐτοῦ
432 1381 736 1442 ἆρχιεράτευσε.
774 1382 871 1428 τότε
902 1379 925 1428 ὅ
954 1385 1204 1433 Χαναναῖος
1235 1378 1459 1438 παρεδόθη
1484 1383 1545 1440 τῷ
1570 1388 1598 1444 χ

30 1455 201 1516 Ἰσραὴλ
220 1457 289 1499 καὶ
312 1454 633 1512 ἀνεθεματίσθη
654 1455 732 1499 σὺν
750 1461 845 1506 ταῖς
866 1451 1035 1498 πόλεσιν
1054 1451 1188 1496 αὐτοῦ
1196 1486 1211 1506 ‚
1251 1450 1354 1496 ὅθεν
1373 1448 1396 1495 ὅ
1415 1448 1546 1501 τόπος

35 1525 238 1583 ἀνάθεμα
269 1525 442 1583 λέγεται.
480 1524 566 1569 cina
588 1530 666 1570 τοῦ
694 1524 821 1583 ὅρους
841 1523 925 1583 ’Ώρ
947 1521 1185 1582 ἀπάραντες
1211 1517 1347 1579 ἦλθον
1366 1521 1433 1564 ἐπὶ
1454 1517 1543 1564 θά-

37 1603 202 1642 λασσαν
235 1595 449 1655 ἐρυθρὰν,
489 1593 625 1656 κύκλῳ
651 1600 728 1653 γῆς
742 1592 904 1650 Ἐδιῦμ·
941 1595 1010 1638 καὶ
1029 1590 1319 1650 κατελάλησαν
1338 1595 1415 1635 τοῦ
1433 1594 1580 1635 θεοῦΙ)

0 1670 107 1713 onai
128 1666 352 1718 Μωϋσὲως
368 1667 462 1725 περὶ
485 1665 617 1724 ἄρτου
639 1667 709 1709 καὶ
727 1664 908 1719 ὕδατος,
944 1661 1206 1722 μεμφόμενοι
1234 1661 1285 1707 τὸ
1313 1659 1455 1718 μάννα
1486 1659 1545 1712 ὥς

36 1737 227 1784 διάκενον
257 1736 400 1796 ἄρτον.
439 1737 509 1780 καὶ
538 1736 827 1780 ἐπαπὲστειλεν
854 1735 999 1786 αὐτοῖς
1016 1732 1159 1792 κύριος
1180 1732 1295 1792 ὄφεις
1318 1732 1543 1791 ἀναιροῦν-

128 1840 166 1876 2.
198 1833 303 1885 αὐτῷ
326 1837 368 1872 B.
400 1831 525 1874 αὗτοῦ
552 1836 600 1871 G.
719 1836 754 1871 3.
781 1835 829 1882 τῇ
856 1833 986 1885 ῥάβδῳ
1013 1834 1090 1868 Bm.
1122 1834 1190 1880 τῆς
1219 1830 1269 1878 ῥά
1295 1832 1366 1868 δον
1395 1831 1449 1879 (3⁰5.

130 1886 167 1922 4.
192 1883 372 1930 ἐξάξομεν
398 1885 448 1919 G.
559 1885 595 1920 5.
619 1879 693 1929 οἷς]
718 1877 765 1929 ἧς
786 1884 834 1918 G.
954 1884 989 1918 6.
1016 1877 1037 1916 ὁ
1059 1879 1155 1922 θεός
1177 1881 1245 1917 hoc
1284 1891 1348 1915 oco
1377 1879 1427 1913 B:
1460 1880 1543 1925 post

125 1929 265 1980 Ἀαραὶν
284 1933 333 1967 G.
431 1933 466 1969 7.
495 1929 686 1975 εἰσάξεται
697 1930 739 1965 Β.
835 1931 871 1966 9.
895 1925 917 1966 ὁ
937 1930 1110 1976 Μωῢσῆς
1121 1929 1168 1963 G.
1260 1928 1317 1963 11.
1341 1925 1385 1962 τό
1405 1919 1458 1971 οἷρ
1467 1926 1541 1961 AB.

200 1982 257 2018 13.
281 1978 371 2016 vidv
394 1977 517 2016 αὑτοῦ
535 1979 579 2016 Β.
604 1978 706 2015 ἴδιον
727 1976 851 2015 αὐτοῦ
867 1975 956 2014 υὶόν
973 1978 1022 2013 G.
1128 1977 1182 2012 16.
1208 1971 1542 2021 ἅρχιεράτευσενΒ.

131 2027 348 2075 ὶεράτευσεν
364 2028 415 2065 G.
518 2028 580 2064 20.
603 2024 757 2073 μωσέως
775 2026 851 2061 ΑΒ.
956 2025 1016 2061 21.
1039 2021 1195 2062 ἑπαπ-
1216 2022 1260 2058 Β.
1284 2020 1432 2069 ἐξαπ-
1446 2021 1496 2056 G.

36 2121 112 2146 rum
130 2109 280 2156 penuria
299 2108 484 2152 laborans,
508 2119 578 2154 quo
598 2106 766 2142 adversus
786 2106 912 2141 Mosen
930 2104 1116 2141 vociferati
1135 2106 1218 2139 sunt
1238 2107 1276 2139 et
1289 2102 1463 2138 hominum
1480 2101 1544 2136 mi-

37 2156 207 2192 tissimum
224 2155 457 2191 irritaverunt
472 2156 573 2198 adeo,
590 2158 631 2190 ut
646 2154 748 2189 labiis
766 2153 1000 2199 distingueret
1016 2156 1052 2187 et
1068 2152 1135 2187 deo
1150 2150 1370 2198 quantumvis
1384 2150 1543 2192 iubente,

38 2209 79 2239 ut
98 2203 200 2250 virga
218 2204 343 2239 feriret
363 2208 497 2249 petram
518 2207 556 2238 et
574 2202 774 2248 priusquam
798 2204 1066 2247 percuteretur,
1090 2199 1246 2234 diceret:
1280 2197 1402 2233 audite
1417 2200 1544 2232 contu-

36 2263 166 2293 maces,
189 2250 355 2297 numquid
372 2261 417 2286 ex
432 2250 501 2285 hac
520 2255 623 2297 petra
639 2250 741 2285 vobis
761 2260 874 2295 aquas
888 2248 1073 2282 educemus
1084 2247 1104 2281 2
1121 2246 1203 2288 Quo
1211 2245 1307 2281 dicto
1325 2249 1364 2280 et
1374 2255 1542 2291 percussa

36 2302 143 2346 petra
152 2309 312 2344 magnam
335 2309 502 2344 aquarum
520 2296 656 2343 copiam
673 2296 762 2342 ipsis
781 2301 818 2330 et
833 2306 952 2330 eorum
972 2293 1137 2330 armentis
1152 2293 1287 2328 eduxit.
1317 2293 1412 2328 Tum
1422 2291 1492 2338 ipsi
1503 2294 1542 2326 et

37 2347 156 2382 Aaron
175 2344 267 2380 dixit
283 2345 393 2380 deus:
418 2356 488 2379 non
503 2343 733 2380 introducetis
761 2343 926 2389 populum
944 2341 982 2377 in
1003 2345 1134 2376 terram
1149 2352 1336 2376 concessae
1352 2338 1471 2381 sortis,
1495 2350 1540 2373 eo

0 2427 4 2430 ⁴
38 2392 132 2441 quod
151 2403 220 2426 non
237 2391 459 2427 credideritis
476 2391 569 2426 mihi.
595 2392 725 2434 Locus,
742 2390 895 2436 inquam,
910 2389 970 2424 ille
987 2394 1024 2424 et
1037 2399 1127 2435 aqua
1145 2387 1295 2423 convicii
1310 2391 1457 2423 vocatus
1472 2388 1540 2421 est.

132 2439 238 2474 Tunc
262 2439 382 2473 Moses
413 2438 519 2473 missa
539 2439 718 2483 legatione
747 2438 794 2472 ad
818 2448 936 2483 regem
961 2436 1074 2471 Edem
1105 2434 1270 2481 rogavit,
1301 2439 1342 2469 ut
1365 2445 1431 2480 per
1462 2432 1540 2467 eius

38 2486 218 2533 regionem
243 2486 428 2521 transitum
453 2486 622 2527 haberet3
646 2496 767 2520 verum
791 2496 860 2519 non
877 2482 1059 2530 acquievit
1073 2482 1201 2518 Edom.
1245 2481 1448 2517 Deflectens
1468 2479 1539 2515 ita-

39 2545 112 2581 que
130 2534 177 2568 ab
197 2533 309 2568 Edom
322 2533 420 2568 venit
436 2532 472 2567 in
488 2537 636 2567 montem
655 2532 710 2566 Or
727 2543 804 2567 cum
819 2530 911 2566 omni
927 2530 1058 2573 Istae13
1082 2540 1151 2576 quo
1166 2541 1244 2565 cum
1260 2529 1405 2564 fratrem
1421 2528 1541 2562 Aaron

40 2584 225 2628 spectante
253 2579 381 2628 populo
404 2579 566 2614 iussisset
584 2579 803 2614 adscendere
822 2578 991 2626 spoliavit
1005 2577 1282 2612 sacerdotalibus
1308 2573 1538 2614 vestimenti&

40 2628 168 2674 quibus
188 2628 370 2663 eonfestim
380 2652 391 2671 ,
416 2626 474 2661 dei
490 2625 586 2661 iussu
598 2651 610 2669 ‚
632 2626 811 2672 proprium
827 2626 902 2661 eius
919 2625 1026 2660 filium
1041 2624 1248 2660 Eleazarum
1265 2622 1380 2658 induit
1390 2647 1402 2664 ‚
1424 2626 1461 2656 et
1479 2619 1543 2654 (1οὲ-

39 2686 131 2710 mum
147 2674 187 2710 in
212 2675 339 2710 montis
359 2674 496 2710 vertice
513 2673 778 2720 quadragesimo
796 2672 1023 2720 profectionis
1049 2682 1138 2706 anno
1161 2672 1279 2706 Aaron
1304 2674 1457 2705 mortuus
1476 2671 1541 2701 est.

39 2721 106 2757 Illo
137 2733 159 2758 e
185 2722 279 2757 vivis
316 2726 476 2768 exempto
499 2721 594 2755 filius
623 2721 700 2755 eius
730 2721 882 2756 Eleazar
906 2718 1109 2768 pontificale
1141 2730 1264 2753 munus
1292 2716 1390 2752 obiit.
1438 2714 1543 2748 Tunc

42 2768 273 2804 Chananaeus
300 2769 338 2804 in
358 2780 481 2804 manus
498 2768 609 2803 lsrael
627 2766 779 2803 traditus
802 2771 877 2810 est,
901 2771 940 2803 et
966 2778 1044 2802 cum
1062 2765 1207 2801 urbibus
1227 2765 1274 2800 ab
1299 2775 1342 2799 eo
1369 2759 1542 2807 possessis

41 2815 255 2851 anathemati
280 2816 478 2858 subiectus,
501 2827 547 2851 ex
575 2826 644 2862 quo
667 2815 849 2850 anathema
872 2814 950 2850 loco
969 2825 1093 2849 nomen
1111 2813 1253 2848 factum.
1300 2814 1330 2845 A
1350 2813 1465 2842 monte
1484 2807 1542 2842 Or

41 2862 196 2909 digressi
222 2868 412 2919 peragrata
430 2874 496 2910 per
514 2874 640 2908 gyrum
652 2866 752 2898 terra
770 2861 884 2896 Edom
898 2861 944 2897 ad
966 2861 1107 2896 rubrum
1131 2871 1227 2895 mare
1247 2855 1479 2903 appulerunt,
1504 2858 1543 2908 (ξι

33 2921 150 2947 ‘causa
177 2922 280 2957 panis
309 2917 347 2946 et
371 2922 485 2957 aquae
512 2911 797 2945 obtrectaverunt
819 2908 885 2944 deo
906 2912 945 2944 et
961 2907 1053 2943 Mosi
1079 2911 1116 2943 et
1135 2916 1279 2941 mannae
1302 2901 1402 2938 velut
1426 2900 1544 2936 inanis

43 2957 116 2994 cibi
143 2957 288 2994 fastidio
304 2963 387 2994 sunt
404 2956 536 2994 affecti.
581 2956 671 2993 Eam
688 2957 735 2993 ob
751 2967 824 2993 rem
843 2960 1026 3005 serpentes
1051 2964 1244 2990 venenosos
1264 2948 1405 2986 immisit
1425 2947 1463 2983 in
1480 2958 1543 2983 eos
