1800 3236
556 166 1092 221 CHRONOGRAPHIA.
1481 170 1584 219 683

192 280 403 332 Φίλιππος
431 272 508 324 οὖν
534 277 752 337 κρατήσας
779 278 996 337 Ῥωμαίων
1024 280 1096 339 ἐτη
1119 277 1153 336 ζ’
1172 281 1280 338 μετὰ
1309 283 1387 341 τὴν
1416 287 1473 337 εἷς
1493 290 1584 331 Ea..

82 348 230 410 πῶρην
254 351 330 395 τὸν
349 354 532 408 Περσῶν
550 351 729 407 βασιλέα
748 351 935 409 σπονδὴν
957 350 1248 410 ἀναζεύγνυσιν
1267 354 1310 398 ἐν
1325 352 1476 414 Ῥώμῃ.
1515 358 1586 400 καὶ

81 426 258 477 πολεμεῖ
268 421 373 480 πρὸς
381 421 535 466 Δέκιον
557 419 852 481 αὐτοκράτορα
865 422 981 482 παρὰ
1001 426 1087 468 τῶν
1109 422 1436 483 στρατευμάτων
1454 426 1586 486 ἄναρ-

82 493 271 551 ρηθέντα
281 525 297 547 ,
334 490 458 549 ἡνίκα
477 493 546 535 καὶ
566 491 806 550 ἀναιρεῖται.

49 566 76 604 5
187 563 341 615 Δέκιος
371 564 417 606 δὲ
442 562 520 620 τὴν
560 562 693 621 ἀρχὴν
727 559 1021 619 διαδεξάμενος
1059 560 1264 622 δῦσῖτη,
1301 564 1373 610 διὰ
1399 565 1448 613 τὸ
1481 566 1587 626 πρὸς
1605 577 1647 615 Ρ.
1671 578 1742 616 363

85 634 298 677 Φίλιππον
329 633 482 690 ἔχθος,
522 634 670 691 πικρὸν
698 633 831 692 ἤγειρε
863 633 970 678 κατὰ
999 637 1272 693 Χριστιανῶν
1303 637 1510 694 διωγμὸν,
1547 640 1591 682 ἐν

82 698 117 763 ᾧ
147 704 366 759 Φαβιανός
387 706 451 748 ἐπὶ
472 708 548 760 τῆς
564 701 727 761 Ῥώμης
755 702 776 748 ὅ
802 703 961 762 ταύτης
989 705 1212 757 ἐπίσκοπος
1232 706 1307 750 τὸν
1327 708 1588 766 μαρτυρικόν

82 773 317 832 ἀνεδήσατο
345 775 578 834 στέφανον,
616 778 823 829 Βαβυλᾶς
844 793 889 819 τε
910 775 1020 819 κατὰ
1045 776 1123 833 τὴν
1139 775 1397 834 Ἀντιόχειαν
1420 779 1588 824 ἐπισκο-

80 850 197 900 πῶν,
236 846 306 889 καὶ
323 843 626 904 Ἱεροσολύμων
646 846 921 905 Ἀλέξανδρος
942 845 1053 905 ἱερὸς
1074 847 1122 891 τὸ
1149 845 1343 908 δεύτερον
1366 850 1591 909 παραστὰς

24 925 70 963 10
82 914 339 974 ἡγεμονικοῖς
358 914 547 973 βήμασιν
570 917 635 960 ἐπὶ
654 921 732 973 τῆς
757 917 922 974 εἱρκτῆς
940 921 1124 978 τελευτᾷ.

185 984 296 1031 Τότε
317 988 387 1033 καὶ
403 986 651 1046 Κυπριανός
669 987 907 1046 διαπρέπων
931 986 1064 1045 ἔργοις
1082 988 1151 1031 καὶ
1171 984 1310 1046 λόγοις
1324 991 1582 1049 θεοσεβείας,

77 1056 101 1102 ὅ
123 1057 254 1115 μέγας
272 1057 558 1117 Καρθαγένης
582 1058 822 1113 ἐπίσκοπος,
860 1061 922 1120 τῷ
940 1055 1045 1118 ὑπὲρ
1063 1061 1258 1118 Χριστοῦ
1274 1062 1495 1123 μαρτυρίῳ
1516 1079 1584 1106 τε..

76 1131 272 1174 ismarae.

107 1199 356 1256 Ἀντιοχείας
377 1195 435 1255 ιβ’
456 1197 680 1249 ἐπίσκοπος
703 1201 911 1254 Βαβυλᾶς
928 1195 1094 1257 μάρτυς
1113 1197 1185 1258 ἔτη
1203 1197 1267 1258 ιγ’.
1590 1213 1620 1247 Β

20 1278 68 1316 15
106 1269 420 1327 Ἀλεξανδρείας
438 1266 488 1326 ιγ’
517 1269 741 1320 ἐπίσκοπος
755 1267 973 1327 (Ηρακλᾶς
993 1268 1063 1326 ἔτη
1090 1268 1155 1321 ις’.

107 1337 409 1400 Ἰεροσολύμων
427 1337 491 1390 λς’
511 1340 735 1391 ἐπίσκοπος
749 1339 1046 1399 Ἀλέξανδρος,
1080 1338 1103 1384 ὃ
1127 1341 1196 1385 καὶ
1214 1337 1399 1401 μάρτυς,
1426 1339 1497 1398 ἐτη
1520 1340 1579 1390 ιε’.

518 1459 789 1505 ΚοΣΜοΥ
802 1459 950 1503 .ETH
981 1454 1135 1519 ,εψμδε

432 1542 526 1597 Τῆς
559 1540 683 1591 θείας
717 1537 967 1599 σαρκώσεως
1002 1539 1073 1598 ἔτη
1110 1537 1221 1597 σμδ’.

145 1631 363 1690 Ῥωμαίων
386 1633 574 1684 εῗκοστὸς
592 1633 792 1693 τέταρτος
815 1635 1058 1690 ἐβασίλευσε
1078 1634 1231 1686 Δέκιος
1249 1631 1320 1692 ἐτη
1339 1630 1396 1691 β’.

18 1710 68 1748 20
107 1703 272 1762 Ῥώμης
288 1706 510 1757 ἐπίσκοπος
533 1702 600 1749 κα’
617 1703 855 1764 Κορνήλιος
874 1704 946 1763 ἔτη
965 1703 1015 1763 γ’.

138 1775 392 1834 ,Ἀντιοχείας
407 1776 748 1836 τρισκαιδέκατος
768 1777 991 1828 ἐπίσκοπος
1014 1774 1258 1832 Φλαβιανὸς
1286 1773 1356 1832 ἴτη
1378 1771 1441 1821 θ’.
1586 1783 1618 1819 C

171 1901 208 1937 1.
233 1897 392 1949 ἇπῶρην
415 1898 459 1938 Α.
573 1900 607 1937 8.
633 1897 860 1947 ἐπισκοπῶν]
885 1897 1089 1942 ἐπίσκοπος
1109 1899 1159 1935 G.
1273 1896 1331 1936 16.
1355 1893 1377 1936 ὃ
1398 1896 1462 1936 καὶ
1477 1896 1578 1946 μάρ·

169 1947 253 1994 wc]
280 1944 323 1993 ὃς
340 1943 597 1996 ἐμαρτύρησεν
614 1948 662 1984 G.
771 1950 831 1985 20.
854 1946 914 1985 κοί
934 1947 1071 1984 addidit
1083 1958 1130 1983 m.

169 2051 357 2101 Philippus
378 2066 485 2101 porro
514 2055 746 2090 Romanorum
771 2053 917 2101 imperio
942 2053 1042 2090 annis
1067 2053 1092 2090 7
1109 2052 1260 2099 potitus,
1283 2063 1373 2098 pace
1397 2063 1475 2087 cum
1490 2052 1578 2087 Per·
1617 2044 1627 2051 “

76 2111 192 2135 sarum
219 2113 306 2147 rege
333 2103 469 2148 Sapore
493 2103 601 2144 inita,
636 2102 781 2137 Romam
812 2101 1037 2147 regreditur-3
1069 2111 1259 2146 manusque
1287 2110 1362 2134 cum
1391 2099 1503 2136 Decio
1531 2100 1575 2135 ab

77 2146 292 2184 exercitibus
310 2150 527 2195 Imperatore
547 2150 702 2185 salutato
722 2150 876 2185 conserit
888 2174 899 2191 ‚
924 2160 946 2184 a
964 2160 1032 2195 quo
1048 2148 1163 2183 victus
1184 2147 1253 2182 leto
1270 2146 1433 2183 traditur.

169 2195 301 2231 Decius
328 2196 485 2244 Philippi
522 2197 732 2240 memoriae,
764 2195 911 2243 imperio
939 2198 1126 2241 suscepto,
1157 2194 1314 2229 infensus
1349 2195 1508 2230 acerbam
1539 2194 1575 2229 in

76 2241 300 2278 Christianos
323 2245 605 2290 persecutionem
623 2245 723 2279 annis
744 2243 879 2279 duobus
901 2243 1090 2285 excitavit3
1115 2242 1152 2277 in
1171 2254 1241 2289 qua
1258 2241 1436 2278 Fabianus
1446 2241 1576 2276 Roma-

75 2300 143 2324 nae
168 2290 340 2326 ecclesiae
366 2292 507 2337 praesul
525 2292 688 2338 martyrii
708 2303 835 2326 corona
854 2290 1036 2326 redimitus
1057 2293 1133 2333 est,
1156 2301 1222 2325 nec
1243 2300 1311 2324 non
1329 2288 1482 2340 Babylas
1507 2290 1578 2323 An-

74 2336 230 2373 tiochiae
257 2338 445 2386 episcopus
479 2343 515 2374 et
550 2351 651 2375 sacer
680 2338 1001 2386 Hierosolymorum
1032 2337 1180 2372 antistes
1202 2335 1400 2375 Alexander
1427 2335 1577 2370 iudicum

74 2382 308 2420 tribunalibus
328 2397 392 2431 pro
410 2386 482 2421 fide
500 2386 654 2422 secundo
675 2387 819 2422 adstans
831 2411 842 2428 ‚
865 2385 902 2421 in
920 2397 1061 2421 carcere
1079 2384 1169 2419 diem
1188 2383 1342 2419 ultimum
1366 2382 1449 2418 obit.

93 2443 111 2456 *
173 2433 229 2468 Eo
249 2436 407 2478 tempore
428 2433 629 2480 Cyprianus
656 2433 832 2479 religiosis
856 2433 1022 2480 operibus
1041 2435 1078 2467 et
1096 2431 1258 2467 doctrina
1275 2434 1479 2476 praestans,
1500 2440 1574 2465 ma-

75 2492 168 2528 gnus
187 2479 416 2525 Carthaginis
433 2480 616 2525 pontifex,
641 2492 706 2526 pro
729 2480 865 2515 Christi
889 2479 1026 2516 nomine
1041 2478 1210 2526 martyrio
1230 2482 1496 2514 consummatur.

121 2527 332 2564 Antiochiae
350 2525 540 2573 episcopus
556 2527 602 2563 12
621 2527 776 2573 Babylas
795 2531 928 2575 martyr
945 2527 1046 2565 annis
1068 2529 1126 2564 13.

126 2573 359 2611 Alexandriae
379 2573 566 2620 episcopus
589 2575 635 2611 13
659 2574 829 2610 Heraclas
849 2574 948 2612 annis
970 2578 1028 2611 16.
1473 2614 1482 2624 ⁶

121 2621 445 2669 Hierosolymorum
462 2621 648 2672 episcopus
667 2622 715 2659 36
732 2621 944 2666 Alexander,
969 2621 1031 2670 qui
1046 2620 1248 2668 martyrium
1268 2616 1386 2660 subiit,
1404 2627 1503 2650 annis
1522 2616 1574 2652 15.

551 2704 706 2747 ANNI
733 2705 936 2746 MUNDI
965 2705 1094 2751 5744.

486 2761 650 2800 Dlvnuss
683 2762 970 2800 lucinum-mma
1002 2773 1063 2799 AN.
1085 2758 1166 2797 244.

125 2821 357 2857 Romanorum
376 2821 572 2868 Imperator
588 2819 637 2857 24
654 2820 786 2856 Decius
807 2821 906 2857 annis
923 2822 959 2857 2.

101 2869 232 2903 Romae
252 2869 438 2916 episcopus
453 2871 500 2906 21
525 2868 710 2904 Cornelius
733 2868 831 2904 annis
846 2870 882 2905 3.

123 2915 332 2953 Antiochiae
353 2917 542 2965 episcopus
560 2917 607 2954 13
629 2914 820 2952 Flavianus
844 2914 943 2952 annis
965 2917 1001 2952 9.
