1754 3236
571 206 1113 258 CHRONOGRAPHIA.
1545 207 1614 256 67

96 343 198 386 ρηκε
217 326 265 370 δὲ
282 324 369 385 πρὸ
387 328 541 383 μικροῦ
570 328 853 383 προλαβοῦσα
886 323 950 368 ὅτι
976 322 1138 379 ,,Χοι“·ς
1154 323 1201 367 δὲ
1223 322 1410 381 ε’γέννησε
1433 325 1508 369 τὸν
1524 330 1613 370 Νε-

95 395 245 455 βρῶδ..
279 391 406 448 οὗτος
432 395 592 454 ’ἤρξατο
620 391 726 439 εἶναι’
755 396 822 439 ε’πὶ
844 399 921 452 τῆς
941 399 1030 453 γῆς.
1070 387 1196 446 οὗτος
1226 389 1279 451 ἦν
1302 395 1420 452 γίγας
1437 398 1615 454 κυνηγὸς

97 468 235 512 Ξ-’ναντι
253 469 415 526 κυρίου.
453 468 523 511 καὶ
544 466 702 524 ἐγένετο
723 463 750 522 ἦ
772 466 882 525 ἀρχὴ
901 470 976 523 τῆς
992 466 1209 520 βασιλείας
1230 464 1364 509 αὖτοῦ
1383 467 1611 523 Βαβυλὼν,

91 537 218 597 Ὀρὲχ
252 539 322 582 καὶ
348 537 509 596 Ἀρχὰδ
543 538 612 580 καὶ
644 535 827 595 Χαλάνη
858 538 902 580 ἐν
932 541 986 595 γῇ
1014 533 1229 594 Σεναάρ.”
1262 534 1426 580 τούτοιν
1458 539 1503 580 τί
1529 555 1612 583 σα-

67 610 302 668 ὂᾳέστερον
324 607 489 652 ἀκούειν
514 606 730 664 ἐθέλοιμεν
753 610 844 665 περὶ
866 611 1150 663 Βαβυλῶνος,
1191 605 1255 651 ὅτι
1278 606 1361 664 πρὸ
1386 612 1463 652 τοῦ
1482 626 1616 653 κατα-

97 683 289 735 κλυσμοῦ
330 679 495 723 οὐδέπω
527 678 659 737 ὤφθη
691 678 789 722 οὗδέ
813 678 919 734 μετὰ
951 678 1025 722 τὸν
1057 677 1378 733 κατακλυσμὸν,
1427 679 1505 731 ἕως
1536 685 1613 724 τοῦ

96 754 262 807 κινῆσαι
291 749 389 802 τοὺς
418 748 678 807 ἀνθρώπους
709 750 1038 807 πληθυνθέντας
1065 751 1109 800 ἐξ
1139 748 1359 807 ἀνατολῶν
1376 751 1445 793 καὶ
1467 768 1613 795 κατοι-

95 826 222 878 κῆσαι
245 820 402 872 admi-9
430 822 474 864 ἓν
508 826 560 879 γῇ
581 820 777 878 Σεναὰρ,
815 822 884 864 καὶ
906 821 1181 877 οἰκοδομῆσαι
1200 818 1278 876 τὴν
1300 817 1422 864 πόλιν
1443 823 1513 864 καὶ
1533 821 1650 867 τόνΟ

94 890 281 950 πύργον,
318 893 634 949 προηγουμένου
661 890 802 935 αὐτῶν
832 894 910 935 τοῦ
938 888 1159 947 θεομάχου
1179 891 1362 948 Νεβρώδ
1393 894 1463 935 καὶ
1483 897 1613 948 βασι-

39 961 314 1016 1ολεύοντος,
351 962 460 1006 κατὰ
488 963 665 1019 μίμησίν
696 979 741 1006 τε
775 967 861 1006 τῶν
884 961 967 1020 πρὸ
988 965 1065 1005 τοῦ
1088 965 1388 1017 κατακλυσμοῦ
1407 961 1612 1020 γιγάντων

94 1031 235 1078 πάντα
252 1037 509 1091 τυραννικῶς
528 1031 791 1092 πράττοντος
812 1034 881 1076 καὶ
897 1034 1121 1085 πείθοντος
1139 1032 1238 1083 τοὺς
1256 1029 1470 1090 ὑπηκόους
1491 1038 1611 1093 πρῶ-

94 1122 172 1148 τον
203 1104 392 1148 ἀπειθεῖν
434 1109 496 1163 τῷ
527 1108 619 1163 θεῷ
652 1105 723 1147 καὶ
753 1101 912 1162 πύργον
934 1105 1170 1159 οἰκοδομεῖν
1200 1102 1470 1162 οὐρανομήκη
1488 1105 1613 1149 κατέ-

94 1193 215 1220 ναντι
237 1174 384 1219 αὐτοῦ.
408 1172 473 1218 διό
494 1192 599 1234 φησι
619 1174 674 1218 τὰ
693 1172 812 1231 λόγια
834 1169 997 1229 ,,οῦτος
1015 1173 1174 1233 ἤρξατο
1196 1172 1299 1218 εἶναι
1312 1176 1432 1232 γίγας
1452 1176 1517 1219 ἐπὶ
1537 1180 1614 1234 τῆς

95 1251 173 1304 γῆς
181 1245 236 1300 ,”
283 1245 407 1289 τοῦτ’
438 1245 525 1289 ἔστι
552 1245 661 1302 μετὰ
694 1245 772 1303 τὴν
801 1250 886 1290 τῶν
918 1246 1138 1305 προτέρων
1167 1243 1373 1303 γιγάντων
1401 1243 1613 1291 ἀπώλειαν

38 1323 86 1360 15
98 1311 223 1368 οὗτος
250 1315 409 1373 ἤρξατο
444 1314 547 1360 εἶναι
567 1318 686 1374 γίγας
708 1320 876 1372 πρῶτος
906 1322 959 1376 τῇ
978 1317 1102 1378 κακίᾳ
1118 1315 1217 1372 μετ’
1244 1315 1425 1369 ἐκείνους
1445 1317 1513 1360 ἐπὶ
1533 1321 1614 1374 τῆς

94 1392 185 1445 γῆς.
224 1380 358 1438 οὗτος.
375 1382 428 1444 ἦν
458 1389 579 1445 γίγας
609 1387 784 1444 κυνηγὸς
807 1386 943 1432 ἔναντι
969 1389 1142 1446 κυρίου,
1180 1386 1377 1439 ἀντίθεος
1394 1387 1444 1431 τὸ
1465 1386 1519 1445 δὴ
1544 1391 1613 1431 λε-

94 1456 284 1517 γόμενον.
333 1462 411 1514 τῆς
446 1459 493 1502 δὲ
519 1461 804 1514 Βαβυλῶνος,
843 1456 902 1510 ὦς
932 1458 1221 1503 ἀποδέδεικται
1249 1465 1343 1509 ταῖς
1372 1459 1613 1509 θεολέκτοις

96 1535 280 1589 φωναῖς,
316 1527 376 1585 μὴ
409 1528 540 1587 οὔσης
567 1529 649 1587 πρὸ
679 1534 757 1572 τοῦ
786 1533 1086 1585 κατακλυσμοῦ
1105 1528 1204 1572 οὐδ’
1224 1526 1252 1585 ἦ
1272 1529 1507 1572 Χαλδαίων
1525 1533 1611 1584 βα-

94 1601 229 1644 σιλεία
261 1598 378 1642 ἔσται
414 1599 464 1644 τὸ
504 1598 710 1658 πρότερον
747 1599 825 1650 ἕως
853 1604 932 1656 τῆς
970 1600 1189 1655 βασιλείας
1219 1598 1405 1656 Νεβρώδ
1433 1600 1503 1642 καὶ
1532 1603 1611 1656 τῆς

37 1670 401 1728 ἳθπυργοποιίας,
440 1669 608 1721 τούτοις
642 1670 688 1713 δὲ
719 1671 1094 1714 συναποὸείιουται
1122 1671 1193 1713 καὶ
1218 1666 1246 1726 ἦ
1271 1668 1388 1726 παρὰ
1409 1671 1612 1714 Mau-9121·

97 1743 193 1800 περὶ
221 1745 308 1785 τῶν
337 1740 421 1798 πρὸ
455 1746 533 1785 τοῦ
563 1737 862 1797 κατακλυσμοῦ
883 1742 952 1785 καὶ
983 1742 1239 1784 δυναστειῶν
1255 1744 1341 1784 τῶν
1361 1740 1648 1798 Λίγυπτίωνῐ)

97 1810 318 1872 συγγραφὴ
355 1811 542 1870 ψευδὴς,
579 1816 749 1871 πρῶτον
785 1812 863 1868 μὲν
895 1813 940 1864 ἐξ
970 1805 1029 1856 ὧν
1068 1808 1263 1870 ἑκάτερος
1294 1809 1436 1855 αὐτῶν
1458 1807 1609 1856 ἑαυτὸν
1632 1825 1676 1862 v,
1699 1827 1749 1863 30

194 1949 230 1984 1.
253 1944 328 1993 πρὸ
354 1946 508 1993 μικροῦ]
532 1945 582 1989 X,
610 1947 645 1983 8.
719 1946 813 1992 χοῦς
841 1944 883 1982 δὲ
907 1946 951 1982 A.
982 1945 1119 1983 Aberat
1135 1942 1190 1982 δέ.
1262 1942 1412 1994 νεβρῶδ
1433 1946 1476 1984 Α.
1503 1948 1608 1993 Νεμ-

190 1993 296 2044 finnio
317 1995 367 2030 G.
463 1993 500 2031 4.
534 1991 621 2040 ὄρὲχ
645 1994 690 2030 A.
719 1993 827 2041 Ορὰχ
865 1994 915 2029 G.
1016 1991 1156 2041 σεναοὶρ
1180 1993 1223 2029 Α.
1255 1991 1433 2039 Σενναᾰρ
1464 1994 1513 2029 G.

189 2045 226 2081 9.
249 2040 397 2090 ”Boniti
414 2043 458 2078 A.
484 2040 678 2091 Νεμβρώὃ
696 2042 745 2079 G.
842 2040 898 2079 14.
923 2039 997 2089 τήν
1015 2040 1098 2079 add.
1120 2042 1164 2077 A.
1260 2042 1320 2080 17.
1342 2037 1398 2086 ὥς
1416 2040 1497 2080 add.
1519 2042 1563 2078 A.

249 2093 310 2129 19.
342 2088 491 2139 νεβρώδ
512 2092 558 2127 A.
581 2088 775 2139 Νεμβροὶδ
798 2090 846 2125 G.

99 2207 344 2257 praemiserat.
390 2207 488 2244 chus
506 2207 631 2254 gennit
646 2207 840 2244 Nembrod.
889 2205 959 2242 Hic
981 2204 1100 2253 coepit
1118 2217 1198 2241 esse
1225 2216 1332 2253 super
1346 2207 1489 2241 terram.
1538 2202 1608 2239 Hic

98 2260 179 2292 erat
195 2256 333 2303 Gigas,
354 2262 504 2291 venator
524 2267 640 2292 coram
658 2255 808 2291 domino.
857 2254 941 2290 Fuit
958 2258 1072 2289 autem
1091 2252 1302 2300 principium
1319 2252 1423 2300 regni
1441 2252 1517 2288 eins
1538 2252 1609 2287 Ba-

100 2303 207 2350 bylon
231 2310 269 2339 et
301 2303 421 2338 Orach
447 2311 484 2340 et
516 2303 659 2338 Archad
683 2309 722 2338 et
749 2302 906 2338 Chalane
934 2301 972 2336 in
999 2306 1098 2336 terra
1134 2301 1283 2336 Senaar.
1331 2300 1513 2342 Quaenam
1552 2299 1607 2334 his

99 2351 146 2386 de
162 2350 345 2396 Babylone
373 2350 562 2385 disertiora
578 2351 746 2386 vellemus
772 2350 917 2391 audire,
945 2353 985 2384 ut
1003 2360 1079 2383 eam
1097 2353 1179 2383 ante
1206 2347 1393 2390 diluvium,
1419 2348 1478 2382 vel
1502 2346 1608 2382 etiam

99 2403 196 2435 retro
217 2410 385 2445 nusquam
403 2397 512 2434 fuisse
528 2398 640 2433 visam
663 2401 821 2440 constet,
845 2398 957 2432 donec
977 2401 1083 2431 aucta
1102 2394 1276 2430 hominum
1292 2394 1516 2430 multitudine
1543 2393 1608 2428 mi-

99 2451 248 2492 grarent
263 2457 307 2480 ex
325 2445 481 2487 oriente,
505 2449 705 2492 terramque
722 2444 858 2480 Senaar
873 2443 1067 2479 incolerent
1090 2446 1129 2478 et
1150 2446 1394 2478 construerent
1413 2440 1607 2483 civitatem,

100 2494 193 2528 duce
209 2492 390 2528 Nembrod
409 2492 474 2527 deo
490 2492 635 2535 rebelli,
661 2498 770 2539 atque
790 2491 838 2527 ad
857 2491 972 2526 instar
990 2489 1184 2536 Gigantum
1214 2489 1348 2525 diluvio
1379 2488 1607 2525 vetustiorum

101 2545 228 2576 cuncta
248 2539 286 2574 vi
316 2551 359 2575 ac
381 2539 527 2586 imperio
552 2539 839 2582 administrante,
863 2537 1096 2584 subditosque
1123 2541 1360 2573 commovente
1385 2535 1517 2583 spretis
1546 2534 1606 2569 dei

99 2586 278 2623 mandatis
316 2587 438 2622 turrim
465 2586 573 2622 caelis
597 2586 783 2621 altitudine
818 2597 938 2633 parem
981 2596 1026 2619 ex
1058 2583 1220 2631 opposito
1259 2590 1296 2620 et
1332 2583 1502 2620 adversus
1528 2593 1606 2617 eum

100 2634 253 2680 erigere.
293 2633 374 2676 Qua
392 2635 436 2669 de
455 2646 564 2669 causa
581 2633 760 2680 scriptura
778 2633 912 2680 inquit:
935 2631 1020 2676 „hic
1037 2630 1173 2678 incepit
1180 2630 1295 2677 Gigas
1311 2643 1390 2667 esse
1407 2641 1516 2676 super
1531 2635 1606 2664 ter-

100 2680 231 2723 rm‚”
255 2681 323 2716 hoc
350 2689 406 2716 est
425 2686 506 2728 post
522 2681 675 2727 priorum
694 2681 887 2726 Gigantum
914 2678 1092 2715 interitum
1105 2691 1116 2713 ε
1138 2678 1198 2714 hic
1223 2677 1357 2725 incepit
1371 2689 1450 2713 esse
1477 2675 1606 2720 Gigas,

100 2728 234 2775 primus
250 2733 334 2775 post
349 2741 411 2764 eos
429 2728 592 2764 nefandis
613 2727 803 2764 sceleribus
827 2727 1038 2774 conspicuus
1063 2737 1170 2772 super
1183 2729 1334 2768 terram3
1357 2724 1415 2759 hic
1439 2727 1515 2758 erat
1539 2722 1607 2755 ⁶21-

102 2787 170 2821 gas
186 2780 333 2811 venator
352 2787 469 2811 coram
487 2775 656 2819 domium·
670 2780 708 2810 et
725 2779 766 2811 nt
789 2774 920 2810 dicitur
935 2774 1001 2809 deo
1019 2785 1064 2809 ex
1081 2773 1232 2809 adverso
1251 2771 1441 2819 oppositus.
1487 2769 1608 2816 Baby-

99 2821 184 2857 lone
211 2834 297 2858 vero
323 2834 367 2858 ex
394 2823 505 2858 sacris
533 2822 591 2858 dei
626 2822 776 2869 eloquiis
794 2826 878 2857 ante
896 2819 1062 2861 diluvium
1079 2832 1250 2866 nusquam
1270 2819 1462 2860 existente,
1485 2818 1610 2863 utique

101 2869 359 2906 Chaldaeorum
379 2882 527 2916 regnum
550 2873 633 2905 ante
649 2869 831 2905 Nembrod
849 2867 1069 2915 tyrannidem
1087 2871 1125 2903 et
1142 2867 1252 2902 turris
1276 2866 1435 2903 molimen
1455 2873 1608 2910 praeex-

99 2916 221 2952 titisse
238 2928 306 2952 non
331 2923 523 2953 asseretur.
574 2917 654 2952 Nec
683 2917 796 2952 minus
820 2916 898 2951 istis
914 2914 1142 2951 Manethonis
1169 2911 1413 2949 commentan‘a
1438 2911 1484 2946 de
1501 2910 1607 2945 rebus

98 2967 185 3000 ante
202 2962 371 3000 diluvium
387 2963 498 3015 gestis
522 2968 561 3001 et
578 2964 624 3001 de
641 2963 896 3012 Aegyptiorum
923 2962 1183 3011 principatibus
1200 2960 1370 2998 falsitatis
1394 2963 1606 3005 arguuntur3
