1800 3236
534 181 1059 229 CHRONOGRAPHIA.
1438 180 1541 231 635

45 287 122 339 οὖν
161 291 533 353 ἀπολογησάμενον
569 288 700 346 αὖθις
732 294 798 337 ἐπὶ
825 293 902 351 τὴν
935 297 1014 338 τοῦ
1039 290 1304 353 κηρύγματος
1331 298 1543 344 διακονίαν

43 361 169 421 λόγος
198 363 280 420 ἔχει
308 367 560 410 στείλασθαι
593 364 668 408 τὸν
687 362 926 409 ἀπόστολον
933 398 948 419 ,
987 363 1182 424 δεύτερον
1202 366 1248 409 δὲ
1266 366 1469 422 ἐπιβάντα
1486 374 1541 429 τῇ

42 434 155 492 αὐτῇ
191 433 308 479 πόλει
336 439 399 496 τῷ
427 434 529 479 κατ’
552 434 681 479 αὐτὸν
701 439 973 493 τελειωθῆναι
991 437 1224 495 μαρτυρίῳ.
1262 436 1305 480 ἐν
1323 431 1357 496 ᾧ
1378 439 1546 494 δεσμοῖς

45 502 240 560 ἐχόμενος
290 505 368 563 τὴν
403 505 511 564 πρὸς
553 502 773 562 Τιμόθεον
810 506 1009 564 δευτέραν
1049 506 1272 564 ἐπιστολὴν
1310 506 1542 563 συντάττει,

13 572 154 630 ὄὸμοῦ
179 576 395 632 σημαίνων
416 576 495 632 τὴν
511 575 721 634 προτέραν
751 575 868 636 αὖτῷ
896 576 1117 634 γενομένην
1137 576 1365 634 ἀπολογίαν
1385 580 1453 622 καὶ
1468 579 1547 637 τὴν

42 644 161 702 παρὰ
194 643 330 698 πόδας
347 647 567 691 τελείωσιν.
607 647 730 703 δέχου
751 646 806 704 δὴ
826 648 920 705 περὶ
941 645 1103 691 τούτων
1123 647 1200 699 τὰς
1226 647 1359 692 αὐτοῦ
1376 666 1542 708 μαρτυ-
1561 660 1605 698 Ρ.
1625 662 1698 701 836

43 716 150 773 ρίας.
184 715 229 759 ἔν
255 721 309 774 τῇ
342 714 489 775 πρώτῃ
515 734 624 773 μου,
662 718 817 776 φησὶν,
857 717 1059 779 ἀπολογίᾳ
1077 716 1212 769 οὐδείς
1231 735 1304 773 μοι
1328 735 1545 779 συμπαρε-

39 785 176 843 γένετο
189 818 204 840 ,
243 785 352 830 ἀλλὰ
373 784 523 838 πάντες
540 804 592 843 με
615 787 902 844 ἐγκατέλιπον·
938 787 998 845 μὴ
1019 788 1163 839 αὐτοῖς
1189 790 1417 846 λογισθείη.
1455 788 1478 834 ὅ
1497 791 1546 835 δὲ

41 852 185 913 κύριός
218 874 292 912 μοι
324 857 513 916 παρέστη
542 858 612 901 καὶ
641 855 932 913 ἕνεδυνάμωσὲ
956 875 1036 913 με,
1070 859 1144 902 ἵνα
1164 857 1224 901 δι’
1261 859 1364 915 ἐμοῦ
1389 858 1437 904 τὸ
1465 858 1542 918 κή-

0 933 32 967 [0
44 942 184 983 ρυγμα
225 930 540 986 πληροφορηθῇ
575 929 647 971 καὶ
682 925 895 972 ἀκούσωσι
922 925 1061 971 πάντα
1088 927 1143 971 τὰ
1162 926 1291 985 ἔθνη,
1330 930 1400 972 καὶ
1417 928 1542 989 ἓρρῦ-

39 1000 156 1053 σθην
179 997 224 1040 ἔκ
253 995 465 1053 στόματος
496 997 676 1048 λέοντος.
712 1001 864 1056 σαφῶς
888 998 935 1041 δὲ
961 999 1187 1055 παρίστησι
1205 998 1276 1042 διὰ
1294 997 1456 1044 τούτων
1475 998 1542 1045 ὅτι

40 1065 95 1122 δὴ
118 1065 167 1110 τὸ
190 1064 420 1126 πρότερον,
460 1064 517 1118 ὥς
538 1066 590 1111 ἂν
610 1066 659 1111 τὸ
684 1065 878 1125 κήρυγμα
900 1067 963 1112 δι’
985 1067 1118 1113 αὐτοῦ
1139 1073 1453 1129 πληροφορηθῇ
1471 1073 1543 1115 καὶ

39 1134 252 1180 ἀκούσωσι
287 1135 426 1182 πάντα
452 1137 508 1181 τὰ
539 1136 668 1195 ἔθνη,
707 1135 898 1197 ἕρρῦσθη
927 1138 972 1182 ἐκ
997 1143 1073 1183 τοῦ
1112 1136 1324 1195 στόματος
1349 1140 1538 1192 λέοντος·

37 1206 114 1250 τὸν
148 1207 328 1264 Νέρωνα
366 1206 523 1266 ταύτῃ,
563 1205 620 1259 ὥς
661 1206 788 1262 ἴοικε,
828 1208 898 1252 διὰ
932 1208 982 1252 τὸ
1015 1206 1250 1265 ὠμόθυμον
1289 1209 1539 1268 προσειπών.

0 1284 29 1322 ,5
41 1276 194 1321 οὐκοῦν
216 1275 312 1334 ἑξῆς
331 1278 602 1336 προστέθεικε
618 1275 913 1336 παραπλήσιόν
933 1296 974 1323 τι
997 1278 1046 1323 τὸ
1059 1313 1074 1334 ,
1112 1277 1288 1338 ῥύσεταί
1303 1298 1356 1337 με
1375 1281 1419 1324 ἐκ
1436 1279 1538 1326 στό-

40 1364 178 1402 ματος
210 1347 391 1399 λέοντος.
430 1346 540 1406 ἑώρα
568 1348 649 1407 γὰρ
669 1348 745 1404 τὴν
771 1347 889 1393 οὔπω
907 1349 1145 1405 μέλλουσαν
1164 1349 1295 1394 αὐτοῦ
1316 1349 1573 1407 τελευτήνἭ

38 1414 106 1461 διό
118 1453 121 1455 Α
152 1433 258 1475 φησι
301 1420 371 1461 καὶ
407 1416 582 1477 ῥύσεταί
609 1436 661 1474 με
687 1418 732 1461 ἐκ
771 1417 983 1475 στόματος
1018 1420 1184 1471 λέοντος
1222 1418 1244 1463 ὅ
1277 1417 1419 1478 κύριος
1452 1421 1536 1466 ἀπὸ

36 1487 196 1538 παντὸς
223 1486 344 1546 ἔργον
374 1492 587 1545 πονηροῦ,
626 1489 697 1531 καὶ
736 1487 861 1533 σώσει
892 1492 951 1540 εἷς
973 1489 1051 1546 τὴν
1071 1484 1287 1545 βασιλείαν
1305 1490 1437 1534 αὐτοῦ
1459 1491 1537 1548 τὴν

37 1556 284 1616 ἐπουράνιον
294 1591 308 1613 ,
347 1560 562 1615 σημαίνων
593 1560 832 1618 παραυτίκα
848 1558 1104 1618 μαρτύριον,
1143 1558 1257 1604 ὃκαὶ
1275 1560 1534 1618 σαφέστερον

0 1627 81 1674 Ὀέν
103 1632 157 1687 τῇ
178 1628 286 1687 αὐτῇ
308 1628 494 1688 προλέγει
510 1633 653 1688 γραφῇ
674 1627 871 1688 φάσκων,
909 1631 978 1674 καὶ
998 1627 1020 1674 ὅ
1037 1629 1182 1690 καιρὸς
1197 1634 1274 1687 τῆς
1295 1628 1536 1683 ἀναλύσεώς
1573 1627 1575 1629 ’

35 1715 120 1755 μου
136 1698 373 1758 ἐφέστηκεν.

131 1811 166 1848 1.
201 1810 317 1857 Vulgo
344 1807 685 1857 ἀπολογησάμενος.
733 1809 883 1846 correxi
909 1822 953 1847 ex
973 1810 1142 1847 Eusebio.
1264 1812 1300 1849 2.
1325 1810 1434 1858 λόγος
1458 1811 1532 1858 ἔχει

128 1857 251 1894 addidi
262 1859 350 1894 exB
370 1863 407 1894 et
422 1858 591 1894 Eusebio.
686 1859 720 1894 6.
745 1855 809 1903 δή]
835 1856 876 1894 δὲ
893 1858 942 1895 Gr.
1035 1858 1174 1905 αὐτοῦ]
1198 1858 1532 1905 Timoth.11.4,16.

208 1907 243 1942 7.
268 1907 316 1955 τῇ
330 1918 396 1942 om.
415 1906 458 1942 B.
561 1908 594 1944 8.
620 1903 878 1953 ἐγκατέλειπον
890 1906 932 1942 Β.
1036 1906 1093 1944 14.
1115 1905 1235 1954 ταύτῃ
1251 1907 1295 1942 Ρ.
1317 1905 1461 1953 ταύτην
1481 1909 1530 1944 G.

219 1953 277 1990 15.
307 1952 574 1999 προστέθεικεν
592 1954 635 1988 Β.
659 1953 913 2001 προστέθηκεν
936 1953 985 1990 G.
1111 1955 1172 1992 16.
1193 1953 1294 2002 ἑώρα
1316 1953 1388 2002 γὰρ
1409 1954 1530 1991 addidi

129 2011 175 2035 ex
191 1999 234 2036 B.
338 2003 397 2038 17.
422 2000 478 2048 ἐκ]
502 2000 543 2038 ἐκ
557 2001 628 2038 τοῦ
647 2002 696 2037 G.

36 2093 259 2140 praedicasse
276 2097 428 2131 testatus
443 2097 509 2131 est.
555 2095 611 2131 Eo
630 2098 785 2141 tempore
798 2106 906 2130 causa
915 2106 979 2141 pro
996 2106 1035 2130 se
1050 2105 1187 2130 rursum
1208 2094 1304 2131 dicta
1321 2093 1367 2130 ad
1385 2094 1528 2142 praedi·

36 2140 184 2176 cationis
203 2142 439 2186 ministerium,
463 2143 572 2186 aiunt,
590 2143 769 2188 apostolus
781 2143 904 2177 missus
924 2148 999 2183 est3
1022 2146 1058 2177 et
1074 2142 1218 2178 eandem
1236 2143 1355 2178 urbem
1373 2142 1526 2179 secundo

35 2193 201 2233 repetens
229 2189 266 2224 in
305 2201 349 2225 ea
377 2189 545 2236 martyrio
578 2190 647 2224 fuit
674 2194 940 2228 consummatus.
986 2189 1022 2224 Is
1048 2189 1196 2224 vinculis
1227 2189 1338 2225 adbuc
1364 2186 1526 2226 detentus

36 2235 219 2280 epistolam
235 2236 280 2271 ad
297 2237 517 2272 Timotheum
532 2236 656 2271 scribit
675 2237 880 2278 secundam,
902 2236 938 2271 in
955 2247 1057 2283 quam
1075 2236 1227 2283 priorem
1243 2248 1337 2274 suam
1353 2237 1527 2273 defensio-

35 2293 113 2317 nem
139 2287 178 2318 et
202 2283 432 2320 imminentem
457 2297 478 2319 e
498 2283 574 2319 vita
597 2295 775 2319 excessum
808 2284 970 2320 insinuat.
1022 2283 1154 2330 Accipe
1183 2296 1268 2320 vero
1294 2285 1447 2320 eiusdem
1481 2285 1526 2321 de

33 2328 116 2363 istis
131 2330 342 2366 testimonia.
391 2356 416 2374 ‚‚
425 2331 466 2366 In
486 2331 687 2367 defensione
709 2342 786 2366 mea
806 2329 978 2376 priore‚'’
1004 2331 1147 2372 scribit,
1179 2332 1326 2375 „nullus
1351 2332 1435 2367 mihi
1462 2333 1525 2367 ad-

14 2417 18 2421 ,
34 2375 117 2417 fuit,
143 2376 205 2410 sed
222 2389 339 2412 omnes
357 2389 411 2413 me
429 2378 703 2425 dereliquerunt.
736 2378 796 2414 Ne
810 2378 880 2412 illis
898 2378 1096 2424 imputetur.
1131 2377 1297 2414 Dominus
1314 2379 1399 2414 mibi
1417 2379 1527 2415 adsti-

34 2422 82 2456 tit
102 2427 139 2457 et
155 2424 366 2459 confortavit
389 2437 465 2468 me,
489 2430 530 2460 ut
560 2438 624 2472 per
655 2438 708 2460 me
733 2425 949 2471 praedicatio
965 2425 1151 2472 impleatur
1179 2431 1217 2461 et
1242 2426 1386 2461 a'udiant
1411 2437 1526 2463 omnes

34 2474 170 2514 gentem
195 2482 237 2505 ex
257 2482 317 2506 ore
336 2471 446 2506 leonis
464 2472 633 2507 liberatus
649 2484 734 2506 sum.
742 2471 765 2488 ’'
813 2471 948 2514 Quibus
967 2483 1050 2507 sane
1069 2473 1256 2519 praemissa
1272 2473 1435 2520 liquidius
1452 2485 1526 2509 ma-

34 2516 201 2560 nifestat3
225 2517 497 2565 praedicationis
513 2520 669 2555 nimirum
689 2519 823 2554 muneri
845 2518 1062 2567 adimplendo
1082 2526 1118 2556 et
1132 2521 1295 2567 gentibus
1313 2521 1449 2556 cunctis
1467 2518 1524 2555 dei

34 2564 177 2598 verbum
201 2565 386 2599 edocendis
404 2577 482 2600 sese
500 2567 544 2601 de
565 2578 626 2600 ore
648 2566 757 2600 leonis
775 2571 941 2613 ereptum.
990 2566 1045 2602 Eo
1066 2579 1170 2614 porro
1185 2567 1353 2602 vocabulo
1367 2593 1378 2609 ‚
1400 2568 1435 2602 ni
1456 2566 1523 2601 fal—

33 2608 108 2652 lor,
134 2611 306 2646 Neronem
328 2616 474 2658 propter
495 2624 703 2648 communem
723 2613 863 2659 utrique
886 2613 990 2648 animi
1018 2614 1232 2650 ferocitatem
1259 2614 1432 2660 appellat,
1455 2623 1523 2660 qua

32 2655 80 2691 de
99 2668 207 2693 causa
229 2658 338 2693 simile
359 2659 445 2704 quid
467 2660 663 2702 subinfert,
688 2659 852 2696 liberabit
870 2672 924 2696 me
942 2661 986 2696 de
1011 2672 1072 2697 ore
1099 2662 1229 2702 leonis;
1253 2661 1347 2695 vitae
1376 2671 1523 2706 namque

31 2705 214 2740 terminum
249 2705 479 2752 praevidebat
505 2707 753 2742 imminentem=
787 2719 829 2742 ac
855 2707 1008 2750 idcirco,
1042 2707 1236 2752 „liberabit
1259 2706 1364 2749 me,”
1394 2706 1523 2752 inquit,

32 2749 217 2792 „dominus
233 2752 278 2788 de
294 2765 355 2789 ore
372 2752 493 2796 leonis,
504 2754 548 2788 ab
563 2753 652 2789 omni
671 2765 778 2801 opere
787 2755 876 2790 malo
894 2761 931 2790 et
941 2754 1073 2790 salvum
1093 2756 1199 2791 faciet
1214 2754 1250 2788 in
1265 2765 1405 2799 regnum
1421 2764 1520 2788 suum

34 2797 240 2841 caeleste;’'
290 2811 332 2835 uo
349 2811 417 2835 non
437 2801 559 2846 procul
576 2800 712 2836 distans
729 2801 932 2848 martyrium
956 2802 1169 2844 declaravit,
1193 2801 1285 2847 quod
1308 2799 1521 2835 manifestiu-

29 2844 277 2907 eademgpisto
291 2858 312 2883 a
327 2847 514 2897 praedicit,
532 2848 688 2886 scribens
701 2847 739 2888 in
754 2848 843 2888 haec
861 2850 988 2887 verba:
1004 2854 1167 2897 „tempus
1185 2846 1408 2885 resolutioni·
1423 2858 1521 2884 meac

30 2895 150 2927 mutat.
