1800 3236
202 170 306 220 266
683 175 937 223 GEORGII
963 174 1250 224 SYNCELLI

204 289 274 334 καὶ
292 293 380 340 τοῖς
402 285 603 344 ι’ίρχουσιν
617 285 803 346 Ἰσραὴλ,
827 289 896 333 καὶ
919 284 1043 341 εἶπεν,
1066 286 1139 332 ἐὰν
1152 288 1356 343 διαβῶσιν
1369 287 1411 333 οἱ
1428 286 1512 331 υἱοὶ
1529 284 1707 344 Ῥουβὴν

205 361 275 405 καὶ
302 359 388 403 υἱοὶ
410 358 499 403 Γὰδ
514 358 622 416 μεθ’
645 356 765 415 ὑμῶν
785 357 859 403 τὸν
877 355 1095 416 Ἰορδάνην
1123 361 1208 409 πᾶς
1228 357 1531 413 ε’νωπλισμένος
1552 358 1609 408 εἷς
1627 356 1708 402 πό-

205 436 332 488 λεμον
341 427 478 474 ἔναντι
487 430 649 488 κυρίου,
666 430 735 473 καὶ
752 425 1101 485 κατακυριεύσητε
1112 432 1188 486 τῆς
1203 433 1279 486 γῆς
1290 433 1367 486 τῆς
1382 428 1579 473 ἀπέναντι
1587 425 1707 484 ὑμῶν

205 502 274 546 καὶ
302 497 455 545 δώσετε
485 499 630 551 αὐτοῖς
659 498 736 555 τὴν
759 503 837 556 γῆν
866 498 1042 542 Γαλαὰδ
1070 499 1114 543 ἓν
1131 499 1393 556 κατασχέσει.
1432 499 1503 543 καὶ
1529 488 1644 543 εἶπον
1668 498 1709 543 οἱ

203 570 287 616 υἱοὶ
301 568 479 628 Ῥουβὴν
499 571 567 614 καὶ
589 569 628 614 οἱ
644 569 728 613 υἱοὶ
744 571 785 613 Γ
782 569 852 623 ὰδ,
890 567 1026 620 οὕτως
1053 567 1294 626 ποιήσομεν.
1332 571 1400 614 καὶ
1417 568 1543 614 ἔδωκε
1562 571 1737 615 Musti-5

194 646 286 699 ’σῆς
318 648 406 693 τοῖς
426 641 534 692 υἶοῖς
562 638 742 697 Ῥουβὴν
770 641 840 684 καὶ
874 646 962 691 τοῖς
992 640 1100 691 υἶοΐς
1117 640 1211 685 Γὰδ
1232 642 1302 684 καὶ
1326 645 1386 701 τῷ
1410 638 1550 697 ἡμίσει
1573 643 1710 698 φυλῆς

204 715 428 769 Μανασσῆ
457 711 561 755 υἱῶν
573 710 732 769 Ἰωσὴφ
753 710 830 768 τὴν
849 711 1068 765 βασιλείαν
1085 710 1211 767 Σηῶν
1230 711 1436 767 βασιλέως
1455 715 1541 755 τῶν
1553 709 1710 767 Ἀμορ-

204 784 336 843 ραίων
371 782 441 826 καὶ
470 781 547 839 τὴν
582 782 799 838 βασιλείαν
821 780 902 839 ’Ὼγ
926 781 1133 836 βασιλέως
1151 785 1228 838 τῆς
1250 781 1401 826 Βασὰν
1436 782 1507 826 καὶ
1528 780 1606 838 τὴν
1632 784 1709 838 γῆν

206 856 276 899 καὶ
293 853 370 905 τὰς
391 849 532 904 πόλεις
557 852 689 909 αὐτῆς
707 852 838 910 πέραν
858 856 934 896 τοῦ
952 850 1169 911 Ἰορδάνου
1195 849 1335 904 πόλεις
1355 849 1427 909 ιβ’.

309 917 455 969 Αὗται
483 923 560 980 μὲν
591 917 666 968 οὖν
699 923 743 967 αἶ
769 920 1065 981 ἔπισημότεραι
1090 922 1289 982 φέρονται
1312 921 1481 982 πράξεις
1506 922 1550 966 ἓν
1571 920 1709 981 βίβλῳ
1722 928 1769 966 10

206 991 246 1039 δ’
277 994 528 1050 Μωῢσέως,
567 992 617 1046 ἃς
644 993 749 1052 πρὸς
779 1001 872 1045 ταῖς
901 993 1050 1044 ἄλλαις
1078 1000 1172 1045 ταῖς
1189 993 1591 1052 προεπιτμηθείσαις
1610 989 1710 1048 ἡμῖν

170 1065 489 1127 Βπαρεθέμεθξα
519 1065 596 1109 σὺν
620 1072 714 1116 ταῖς
742 1062 959 1121 ἐπισήμοις
988 1062 1193 1123 ἆπάρσεσι
1225 1068 1310 1109 τῶν
1338 1067 1619 1123 παρεμβολῶν
1642 1063 1712 1106 καὶ

209 1143 299 1188 τοῖς
330 1133 477 1187 τόποις
505 1136 547 1180 ἓν
579 1133 642 1187 οἷς
664 1135 972 1194 παρενέβαλον,
1009 1135 1052 1179 ἓν
1078 1140 1181 1179 πᾶσι
1206 1139 1258 1193 τῇ
1289 1136 1390 1197 θεία
1412 1138 1556 1193 γραφῇ
1579 1150 1713 1177 κατα-

209 1210 518 1258 κολουθοῦντες
551 1208 619 1250 καὶ
647 1203 785 1251 πάντα
815 1208 857 1258 ἐξ
894 1205 1026 1263 αὐτῆς
1059 1203 1356 1262 ἀναλεξάμενοι
1365 1239 1380 1261 ,
1419 1202 1526 1264 πρός
1545 1222 1589 1247 τε
1609 1201 1713 1260 ἡμε-

209 1278 336 1336 τέραν
376 1276 578 1335 ὠφέλειαν
608 1278 676 1321 καὶ
704 1274 973 1336 κεφαλαιώδη
1006 1274 1476 1334 τῶνέντυγχανόντων.
1525 1274 1603 1326 τὰς
1630 1273 1710 1332 γὰρ
1725 1283 1770 1320 15

210 1348 319 1393 κατὰ
351 1348 479 1406 μέρος
508 1345 709 1406 ἀπάρσεις
743 1346 838 1405 ἤτοι
868 1347 968 1399 τοὺς
996 1345 1242 1403 σταθμοὺς,
1283 1345 1342 1398 ὥς
1370 1348 1553 1404 ἐξῆλθον
1572 1347 1615 1388 ἐκ
1637 1348 1715 1401 γῆς

208 1416 432 1476 Αἰγύπτου
442 1452 456 1473 ,
496 1416 518 1462 ὃ
554 1418 683 1470 αὐτὸς
710 1420 987 1470 θεοδίδακτος
1011 1417 1249 1474 νομοθέτης
1282 1417 1388 1475 πρὸς
1418 1421 1478 1478 τῷ
1511 1415 1616 1460 τέλει
1637 1419 1716 1471 τῆς

211 1490 324 1548 ἱερᾶς
354 1490 508 1546 βίβλου
540 1493 627 1534 τῶν
649 1488 867 1547 Ἀριθμῶν
886 1488 1043 1547 ἔγραψε
1054 1523 1068 1543 ,
1106 1490 1176 1532 καὶ
1201 1487 1264 1532 ὅτι
1287 1487 1452 1547 Ἀαρών
1474 1490 1534 1547 τῷ
1559 1502 1715 1530 τεσσα-

211 1563 407 1620 ρακοστῷ
439 1558 519 1604 ἔτει
534 1564 612 1617 τῆς
638 1557 784 1612 ἐξόδου
803 1563 887 1604 τῶν
908 1560 1011 1604 υἱῶν
1025 1558 1195 1616 Ἰσραὴλ
1217 1556 1480 1616 ἐτελεύτησεν
1499 1556 1636 1615 ἕν’Ὼρ
1655 1560 1715 1615 τῷ

211 1629 313 1688 ὄρει,
352 1630 525 1691 πέμπτῳ
540 1632 641 1687 μηνὶ
665 1630 897 1691 ἀρχομένῳ,
936 1631 1041 1675 ἐτῶν
1060 1627 1262 1689 ὑπάρχων
1289 1627 1390 1689 ρκγ’.
1427 1630 1496 1674 καὶ
1517 1627 1569 1673 τὰ
1588 1626 1715 1672 λοιπὰ
1725 1636 1773 1672 20

210 1700 265 1745 τὰ
297 1700 420 1761 μέχρι
448 1705 524 1746 τοῦ
556 1701 683 1761 ὄρους
706 1701 888 1761 Ἀβαρὶμ
915 1701 1047 1761 πέραν
1075 1706 1152 1745 τοῦ
1177 1699 1392 1760 Ἰορδάνου
1417 1698 1526 1744 κατὰ
1542 1697 1713 1758 Ἱεριχῶ,

303 1802 339 1837 1.
362 1799 428 1838 καὶ
444 1802 538 1848 τοῖς]
567 1801 631 1838 καὶ
649 1801 744 1837 delet
759 1813 806 1837 m.
920 1798 1028 1839 εἶπον
1045 1801 1093 1837 G.
1210 1801 1230 1838 1
1249 1803 1286 1837 et
1305 1801 1340 1838 5.
1366 1798 1512 1849 ῥουβήυ
1536 1799 1578 1834 Β.
1611 1801 1717 1835 Ρου-

306 1848 373 1897 βὶμ
394 1850 443 1883 G.
535 1852 572 1887 2.
595 1846 704 1896 ’ὑμῶν
722 1850 764 1884 Β.
789 1845 895 1896 ἡμῶν
911 1850 960 1885 G.
1065 1846 1340 1895 ἐνοπλησμένος
1354 1849 1397 1884 Β.
1500 1848 1535 1884 3.
1562 1859 1716 1883 κατεκυ-

307 1894 481 1943 ριεύσητε
502 1897 546 1931 Β.
639 1895 675 1934 4.
698 1895 859 1933 &duston
876 1897 918 1932 Β.
1016 1898 1052 1933 5.
1078 1894 1248 1937 οὕτως-
1267 1896 1369 1939 υἱοῖς
1386 1893 1471 1933 Γὰδ
1494 1906 1560 1930 om.
1587 1894 1635 1929 G.

306 1942 530 1990 ποιήσομεν]
553 1942 770 1990 ποιήσωμεν
794 1945 867 1979 ΑΒ.
962 1946 998 1981 6.
1017 1940 1192 1992 Ῥουβὴν]
1217 1942 1357 1993 ῥουβὶμ
1375 1944 1419 1979 Α.
1512 1943 1565 1989 τῷ
1590 1938 1717 1987 ἡμίσει

308 1990 391 2025 dedi
416 2003 461 2028 ex
489 1992 632 2028 Numer.
652 1991 813 2034 XXXII,
834 1993 892 2028 33.
926 1991 1043 2037 Vulgo
1068 1990 1111 2030 τὸ
1139 1988 1269 2037 ἥμισυ.
1388 1992 1423 2028 8.
1451 1988 1596 2033 Βασάν]
1623 1991 1716 2037 βασ-

309 2039 382 2074 σᾶν
399 2039 442 2074 Α.
537 2041 571 2076 9.
595 2036 727 2085 αὐτῆς]
755 2036 877 2075 αὐτοῦ
896 2038 943 2073 G.
978 2073 981 2076 .
1040 2041 1097 2077 10.
1122 2036 1208 2085 οὖν]
1228 2038 1269 2075 αἱ
1285 2039 1335 2073 G.
1435 2039 1493 2074 15.
1516 2037 1581 2074 καὶ
1597 2037 1716 2072 om.B.

382 2087 438 2123 17.
474 2083 496 2123 ὁ
515 2083 643 2133 αὐτὸς]
671 2084 787 2129 αὐτὸς
810 2083 831 2124 ὁ
855 2088 904 2121 G.
1028 2087 1087 2123 21.
1114 2083 1275 2136 ἀβαρεὶμ.
1291 2087 1333 2122 Β.
1359 2084 1542 2135 σαβαρεὶμ
1568 2087 1611 2121 A.
1636 2086 1726 2121 Σα-·

311 2133 427 2182 βαρὶμ
448 2134 497 2171 G.
517 2132 668 2184 Ἀβαρὶμ
688 2135 837 2171 Numer.
858 2133 1039 2179 XXXIH,
1061 2132 1122 2172 48.

216 2215 329 2252 Israel
351 2218 390 2251 et
417 2215 597 2252 dixerunt:
622 2216 654 2252 si
670 2216 736 2252 filii
754 2216 886 2252 Rubern
904 2218 941 2251 et
957 2215 1022 2250 filii
1040 2214 1122 2251 Gad
1146 2215 1251 2252 armis
1270 2214 1435 2252 instructi
1456 2213 1637 2250 nobiscum
1657 2225 1719 2249 co-

216 2275 292 2298 ram
309 2262 447 2298 domino
469 2264 702 2311 processerint
713 2289 724 2307 ,
749 2269 788 2298 ut
804 2269 934 2299 terram
951 2264 1014 2298 sub
1031 2264 1199 2311 adspectu
1217 2269 1336 2299 vestro
1381 2263 1503 2298 ositam
1523 2262 1614 2298 bello
1633 2263 1720 2299 sub-

218 2315 334 2345 actam
358 2311 515 2354 adeatis,
539 2311 622 2346 date
640 2311 711 2346 illis
739 2314 868 2346 terram
894 2310 1033 2347 Galaad
1060 2311 1312 2358 possidendam.
1393 2310 1445 2346 ilii
1471 2321 1557 2344 vero
1584 2310 1719 2346 Rubem

219 2360 258 2392 et
276 2356 341 2394 filii
362 2357 444 2393 Gad
464 2362 500 2393 et
523 2358 668 2394 dimidia
685 2358 798 2394 tribus
818 2358 984 2393 Manasse
1011 2358 1160 2394 filiorum
1184 2359 1310 2405 Ioseph
1331 2357 1601 2405 responderunt.
1647 2356 1722 2391 Re-

219 2416 324 2450 gnum
339 2405 446 2447 Seon,
462 2405 558 2451 regis
577 2406 877 2448 Amori-hacetum,
896 2410 934 2440 et
959 2406 1031 2451 Og,
1050 2405 1146 2452 regis
1164 2406 1296 2450 Basan,
1316 2416 1462 2453 regnum
1481 2408 1519 2440 et
1534 2408 1663 2441 terram
1682 2407 1722 2439 et

221 2450 385 2491 ciyitates
404 2451 478 2487 eius
495 2456 593 2488 trans
611 2452 794 2489 Iordanem
813 2464 953 2489 numero
973 2452 1166 2490 duodecim.

313 2499 416 2535 Haec
432 2500 622 2547 praecipua
639 2499 883 2536 observatione
898 2500 1007 2546 digna
1029 2506 1153 2547 quarto
1168 2499 1280 2536 Mosis
1298 2499 1387 2536 libro
1410 2501 1598 2536 narrantur
1607 2502 1722 2545 gesta,

221 2557 313 2593 quae
336 2545 415 2583 aliis
437 2546 476 2582 in
503 2547 742 2594 compendium
764 2547 833 2583 iam
859 2547 945 2582 alias
974 2548 1125 2592 coactis,
1149 2560 1226 2584 cum
1249 2546 1499 2594 insignioribus
1528 2551 1722 2582 castrorum

221 2592 466 2630 metationibus
508 2595 567 2631 vel
595 2594 681 2630 locis
716 2593 841 2641 quibus
880 2595 1119 2639 metabantur,
1153 2595 1405 2642 scripturarum
1444 2594 1574 2641 ubique
1606 2594 1722 2628 vesti-

222 2640 285 2687 gia
304 2640 462 2687 legentes
478 2644 515 2677 et
531 2653 578 2678 ex
600 2641 651 2677 eis
672 2645 799 2677 cuncta
819 2640 1048 2687 decerpentes
1061 2667 1072 2685 ‚
1097 2643 1142 2678 ad
1161 2648 1314 2678 nostram
1330 2641 1516 2677 utilitatem
1534 2641 1723 2679 lectorum-

223 2695 294 2734 que
317 2687 526 2724 commodum
545 2688 582 2724 in
602 2689 751 2724 medium
773 2688 988 2735 protulimus.
1036 2689 1205 2734 Singulas
1229 2690 1319 2725 enim
1349 2700 1505 2736 quasque
1529 2692 1722 2723 castrorum

223 2735 454 2778 metationes,
478 2736 647 2772 stationes
669 2736 748 2772 dico
776 2746 821 2771 ex
846 2737 1009 2781 Aegypto
1036 2737 1341 2783 proficiscentibus
1366 2736 1477 2779 fixas,
1501 2735 1620 2771 Moses
1642 2734 1722 2782 ipse

223 2794 248 2819 a
272 2781 338 2818 deo
367 2783 551 2829 legislator
576 2784 722 2819 edoctus
747 2783 794 2819 ad
815 2782 907 2818 sacri
929 2783 1158 2819 Numerorum
1178 2784 1259 2819 libri
1278 2783 1410 2819 calcem
1432 2782 1616 2829 apposuit3
1638 2793 1722 2818 nar-

223 2834 364 2876 ratque,
384 2835 425 2865 ut
439 2831 558 2867 Aaron
581 2834 663 2878 post
683 2830 982 2878 quadragesimum
997 2830 1146 2866 filiorum
1164 2831 1274 2867 Israel
1299 2830 1414 2867 exitus
1437 2841 1582 2873 annum,
1605 2841 1723 2865 mense

225 2877 348 2922 quinto
364 2877 436 2912 iam
451 2877 614 2925 incepto,
637 2878 737 2914 annis
755 2878 823 2916 123
838 2882 962 2920 natus,
985 2876 1023 2912 in
1041 2878 1095 2914 01·
1112 2885 1228 2914 monte
1252 2877 1381 2914 obierit
1398 2879 1436 2912 et
1452 2877 1590 2924 reliqua
1608 2888 1722 2923 usque

223 2923 269 2962 ad
293 2928 442 2962 montem
466 2925 609 2964 Abarim
626 2929 724 2965 tram
742 2925 924 2962 Iordanem
947 2928 1070 2963 contra
1094 2924 1253 2970 Iericho,
1277 2925 1338 2962 ubi
1360 2923 1444 2962 finis
1465 2924 1576 2961 Israel
1599 2923 1721 2966 edixit,
