1800 3236
234 119 349 167 '594
708 124 962 171 GEoRGn
991 124 1280 194 SYNCELLI

352 236 602 296 Αὔγουστος
624 237 805 297 παρέσχε
827 238 1067 294 ναυμαχίαν
1086 238 1155 282 καὶ
1173 238 1454 295 μονομαχίαν.

355 309 601 367 Γερμανοὺς
622 308 939 366 κατεστρέψατο
965 306 1159 359 Λόλλιος
1180 307 1364 368 Μάρκος
1383 308 1723 368 νεωτερίσαντας.

207 382 237 417 Β
346 380 579 438 Ἀγρίππας
601 378 832 438 Βόσφορον
854 377 1121 436 ἐχειρώσατο.

349 450 604 509 Αὔγουστος
622 450 752 507 μέγας
773 449 989 507 ἀρχιερεὺς
1006 449 1248 508 ἐψηφίσθη.

661 569 727 617 To?
756 570 987 618 ὑπόλοιπα
1016 576 1100 618 τοῦ
1122 571 1342 632 “Ηρω’δου.
1768 588 1792 622 5

342 662 551 731 ιΥρκανόν
580 671 624 714 ἐκ
654 674 890 728 Παρθικῆς
921 670 1213 717 ἐπανελθόντα
1245 672 1420 732 γηραιὸν
1451 669 1574 733 φόβῳ
1596 678 1673 731 τῆς
1695 674 1763 718 εὗ-

241 744 400 802 γενείας
427 739 628 801 Ἡρώδης·
656 742 839 796 ἀνεῖλεν,
878 740 1034 799 ὁμοίως
1067 743 1114 787 δὲ
1138 745 1208 787 καὶ
1221 742 1548 803 Ἀριστόβουλον
1571 745 1664 789 υἱὸν
1685 745 1763 789 αὗη

242 819 320 859 τοῦ
342 813 548 872 ἀρχιερέα.

345 883 396 929 ‘0
428 883 556 935 αὐτὸς
577 884 647 927 καὶ
666 880 933 942 Μαριᾶμνην
956 884 1067 927 ῗδίαν
1086 884 1272 942 γαμετὴν
1295 885 1514 944 θυγατέρα
1534 883 1760 945 εΥρκανοῢ,

242 956 320 1002 σὺν
351 953 428 1000 δύο
455 956 599 998 παισὶν
627 953 760 998 αὐτοῦ
789 955 832 1006 ἐξ
856 954 989 1010 αὐτῆς
1013 954 1295 1013 ἀνδρωθεῖσιν
1318 955 1426 1013 ἤδη,
1466 955 1653 1015 φονεύει,
1693 960 1761 1001 καὶ
1781 968 1800 1002 κ

240 1027 320 1084 τὴν
342 1023 608 1083 Μαριάμνης
626 1024 814 1082 μητέρα,
856 1026 1010 1068 οἰκείαν
1033 1027 1078 1068 δὲ
1101 1026 1313 1084 πενθερὰν
1338 1024 1359 1070 ὅ
1381 1025 1619 1086 μιαιφόνος.

349 1096 479 1141 Κατὰ
498 1094 576 1151 τὴν
590 1095 800 1139 Ἰουδαίαν
820 1095 951 1152 μέγας
971 1096 1127 1153 ἐγένετο
1150 1095 1333 1152 σεισμός.
1494 1148 1499 1158 s

205 1179 237 1214 C
348 1164 546 1225 Ἡρώδης
567 1166 704 1209 πολλὰ
728 1167 797 1209 καὶ
816 1164 978 1223 μεγάλα
997 1166 1153 1211 ἔκτισεν
1179 1169 1221 1211 ἐν
1235 1165 1527 1226 Ἰερουσαλήμ.

248 1225 251 1229 ἢ
343 1235 542 1296 Ἡρώδης
577 1235 655 1293 τὴν
687 1234 820 1280 πάλαι
854 1234 1099 1295 Σαμάρειαν
1131 1237 1286 1295 ἔρημον
1322 1234 1453 1283 οὖσαν
1483 1241 1528 1283 ἐκ
1555 1242 1763 1297 θεμελίων

242 1308 379 1367 ’ἤγειρε
390 1342 403 1362 ,
444 1306 668 1363 Σεβαστὴν
685 1309 742 1358 εἷς
760 1306 885 1364 τιμὴν
904 1312 982 1351 τοῦ
1002 1308 1225 1366 Καίσαρος
1246 1307 1475 1365 ὀνομάσας.
1767 1322 1800 1356 15

327 1377 395 1436 ,⁶0
424 1377 554 1429 αὐτὸς
581 1377 630 1421 τὸ
652 1375 820 1422 Πάνιον
841 1379 1050 1423 εἶδωλεῖον
1072 1376 1375 1424 κατεσκεύασεν
1398 1381 1441 1424 ἐν
1462 1379 1681 1426 Παναϊάδι
1704 1387 1763 1443 τῷ

244 1451 373 1496 Πανί.
393 1496 395 1498 .
445 1467 448 1471 ’

349 1518 498 1576 Λιμὸς
516 1517 646 1576 μέγας
663 1517 773 1562 κατὰ
793 1516 870 1575 τὴν
888 1517 1101 1563 Ἰουδαίαν
1124 1521 1194 1563 καὶ
1217 1517 1318 1576 ὅλην
1339 1522 1501 1580 Συρίαν
1519 1522 1690 1580 ἐγένετο.

346 1587 544 1650 Ἡρώδης
563 1589 637 1633 τὸν
651 1586 957 1648 Ἱεροσολύμων
976 1590 1079 1635 ναὸν
1097 1591 1275 1636 διπλοῦν
1293 1590 1630 1654 ἀνῳκοδόμησεν.

335 1715 370 1751 2.
394 1713 437 1749 In
457 1712 617 1759 margine
635 1712 666 1747 B
690 1708 822 1760 ,ev'ffiss
858 1713 900 1749 In
919 1714 956 1749 G
975 1711 1078 1763 ,ευΒῖ
1179 1716 1214 1752 3.
1240 1713 1442 1764 Βόσπορον
1459 1715 1622 1763 Scaliger
1648 1729 1684 1764 p.
1703 1720 1760 1756 76.

338 1762 561 1809 Bosphorum
586 1759 763 1796 Eusebius
789 1773 826 1808 p.
852 1763 935 1799 366.
1048 1763 1082 1799 5.
1115 1760 1236 1811 ,ευῑιοί
1264 1775 1384 1809 margo
1414 1764 1473 1806 G,
1500 1764 1594 1810 quod
1623 1777 1688 1800 om.
1718 1766 1761 1802 Β.

409 1809 443 1843 6.
469 1804 638 1855 ’ὖρκανὸν
656 1809 699 1843 Β.
728 1810 910 1854 Τρκοινῶν
929 1810 978 1846 G.
1083 1811 1119 1847 7.
1145 1808 1187 1847 δὲ
1207 1810 1289 1846 add.
1302 1811 1345 1846 B.
1443 1815 1500 1848 10.
1518 1811 1606 1858 δύο]
1622 1812 1707 1849 δυσὶ
1718 1825 1762 1848 ιιι.

406 1858 467 1892 11.
490 1854 715 1902 μαριοὲμμης
739 1857 781 1891 Β.
892 1859 948 1894 16.
971 1854 1114 1893 πάνιον
1138 1858 1211 1894 ΑΒ.
1250 1856 1420 1896 Πάνειον
1444 1859 1493 1894 G.
1597 1859 1763 1898 παναϊοὶ-

335 1903 377 1941 δι
394 1903 437 1939 Β.
474 1903 648 1941 Παναΐδι
667 1905 718 1940 G.
742 1905 914 1940 Paneade
930 1904 1107 1941 Eusebius
1130 1918 1166 1953 p.
1186 1907 1270 1945 366.

336 2009 515 2054 Augustus
534 2009 658 2045 navale
677 2012 854 2045 certamen
875 2014 913 2045 et
932 2010 1180 2057 gladiatorium
1199 2023 1321 2047 munus
1342 2012 1453 2048 dedit.

336 2056 471 2091 Lollius
491 2056 635 2092 Marcus
655 2057 852 2093 Germanos
871 2064 930 2093 res
952 2070 1064 2094 novas
1081 2059 1219 2096 molitos
1237 2059 1443 2096 debellavit.

338 2103 498 2150 Agrippa
518 2104 739 2151 Bosphorum
758 2104 901 2140 invasit.

339 2151 523 2197 Augustus
542 2152 705 2199 pontifex
724 2152 895 2188 maximus
915 2153 1142 2190 renunciatus
1160 2157 1227 2191 est.

671 2236 849 2277 Herodis
877 2238 1060 2291 reliquae
1087 2252 1153 2279 res
1183 2245 1329 2291 gestae.

340 2300 550 2348 Hyrcanum
563 2302 662 2339 senio
684 2303 888 2340 inclinatum
910 2318 930 2340 e
954 2305 1124 2342 Parthica
1149 2306 1295 2352 regione
1319 2306 1531 2353 postliminio
1558 2306 1760 2344 redeuntem

245 2348 424 2395 sanguinis
443 2349 517 2384 eius
536 2351 754 2386 nobilitatem
787 2353 925 2388 veritus
946 2353 1112 2389 Herodes
1137 2353 1269 2389 occidit
1297 2365 1339 2389 ac
1371 2355 1509 2403 pariter
1525 2355 1760 2391 Aristobulum

243 2395 320 2431 eius
338 2396 447 2431 filium
465 2397 677 2443 pontificem.

339 2443 567 2479 Mariamnem
582 2444 743 2491 Hyrcani
759 2445 864 2480 filiam
882 2446 1065 2494 coniugem
1080 2448 1258 2495 propriam
1279 2459 1358 2484 cum
1376 2449 1499 2492 liberis
1513 2449 1650 2486 duobus
1668 2449 1759 2484 ado-

243 2490 446 2526 lescentiam
466 2491 743 2538 praetergressis
762 2497 799 2527 et
809 2493 1021 2531 Mariamnes
1039 2507 1237 2541 germanam
1252 2500 1397 2532 matrem
1414 2496 1482 2533 sibi
1503 2509 1641 2533 socrum
1665 2497 1758 2532 idem

244 2538 423 2585 parricida
437 2538 616 2574 sustulite
633 2538 735 2575 vivis.

339 2585 472 2621 Iudaea
489 2597 614 2632 magno
633 2591 752 2622 terrae
770 2590 863 2622 motu
886 2600 1067 2625 concussa.

338 2633 512 2668 Plurimas
528 2638 566 2669 et
585 2634 784 2680 praeclaras
803 2636 1058 2684 Hierosolymis
1075 2637 1182 2673 aedes
1200 2638 1363 2674 Herodes
1382 2637 1569 2674 exstruxit.

339 2680 526 2728 Antiquam
549 2681 742 2717 Samariam
771 2681 896 2717 incolis
928 2685 1104 2720 desertam
1119 2711 1129 2728 ,
1153 2685 1189 2720 in
1213 2685 1364 2732 Augusti
1393 2685 1560 2721 honorem
1585 2685 1757 2722 Sebastos

245 2727 382 2764 nomine
402 2728 585 2774 imposito,
610 2728 791 2775 Augustus
815 2741 837 2765 a
855 2731 1090 2767 fundamentis
1108 2737 1260 2768 erectam
1277 2732 1472 2779 reparavit.

340 2775 435 2810 Idem
453 2776 544 2810 Pani
563 2775 708 2811 Panium
733 2777 848 2811 fanum
867 2779 961 2824 apud
983 2779 1180 2815 Paneadem
1204 2779 1436 2819 consecravit.

340 2822 464 2858 Fames
481 2823 646 2858 immensa
665 2835 730 2870 per
752 2824 920 2860 Iudaeam
941 2831 977 2861 et
995 2826 1135 2872 Syriam
1156 2832 1319 2873 grassata
1338 2831 1406 2872 est.

340 2870 501 2911 Herodes
520 2869 860 2918 Hierosolymiticum
879 2873 1047 2921 templum
1065 2874 1278 2912 instauravit
1300 2878 1337 2910 et
1355 2873 1528 2922 geminum
1545 2871 1675 2910 effecit.
