1800 3236
577 211 581 216 Α
605 174 1137 224 CHRONOGRAPHIA.
1480 170 1588 224 275

186 285 297 334 Τότε
326 286 543 348 παρέδωκε
567 284 711 348 κύριος
739 291 801 351 τῷ
830 286 970 346 Ἰησοῦ
1000 286 1079 346 τὴν
1106 290 1149 332 Γ
1144 288 1189 332 αὶ
1218 287 1381 334 καὶτὸν
1404 290 1585 346 βασιλέα

77 358 223 417 αὗτῆς.
262 361 332 404 καὶ
363 356 599 417 ἐνεπύρισεν
631 358 766 417 αὐτὴν
792 363 922 416 χῶμα
954 357 1152 416 ἀοίκητον
1175 360 1234 411 εἷς
1258 358 1332 404 τὸν
1358 361 1490 405 αι’ῶνα
1513 364 1584 406 καὶ

76 431 277 489 ἐκρέμασε
295 429 370 475 τὸν
384 429 564 487 βασιλέα
573 430 641 474 ἐπὶ
659 427 787 482 ξύλου
806 427 986 486 διδύμου
1001 428 1079 481 ἕως
1089 427 1279 489 ἑσπέρας.
1299 434 1438 476 ταῦτα
1454 429 1586 477 ἀκού-

75 517 228 552 σαντες
250 501 291 545 οἳ
311 505 599 552 κατοικοῦντες
618 503 661 544 Γ
657 499 805 557 αβαών
824 497 947 545 πόλιν
964 500 1168 557 ἐπίσημον
1187 502 1256 544 καὶ
1275 500 1317 545 οἷ
1338 506 1585 553 κατοικοῦν-

45 575 144 623 5τες
156 570 234 622 τὰς
252 568 392 623 πόλεις
403 575 479 619 τοῦ
500 569 661 615 Εὐαίου
681 568 886 628 δεινότητι
905 570 1093 625 σπονδὰς
1109 569 1360 628 ἐποιήσαντο
1377 571 1485 630 πρὸς
1497 571 1584 630 Ἰη-

73 645 202 695 σοῦν,
240 639 466 700 πόρρωθεν
483 641 807 700 παραγεγονέναι
836 638 1246 703 προσποιησάμενοι·
1284 640 1359 694 οὓς
1392 643 1582 701 ἐπιγνοὺς
1602 650 1647 690 V.
1673 655 1744 694 116

67 710 245 770 ὕστερον
279 714 484 756 διακονεῖν
520 713 590 756 καὶ
621 715 868 771 ξυλοφορεΐν
894 715 956 773 τῷ
993 715 1085 773 θεῷ
1123 711 1366 771 προσέταξε.
1411 711 1620 767 τούτοιςΙ)

68 781 313 840 Ἀμορραΐοι
344 779 680 842 ἐπεστράτευσαν
709 780 767 834 ὥς
801 779 1119 839 αὐτομολήσασι
1140 782 1260 827 πέντε
1282 787 1471 837 βασιλεῖς
1496 789 1582 829 τῶν

69 852 358 908 Ἰεβουσαίων,
397 847 455 897 ὧν
493 848 546 910 ἦν
584 857 753 912 πρῶτος
775 852 1043 908 Ἀδωνιβεζὲκ
1074 852 1275 908 βασιλευς
1304 851 1581 913 Ἰερουσαλὴμ

17 932 65 968 10
76 922 154 968 σὺν
187 930 277 974 τοῖς
309 920 607 982 στρατεύμασι.
644 922 750 979 πρὸς
770 921 845 974 οὓς
874 922 1042 979 ἀναβὰς
1055 921 1220 980 Ἰησοῦς
1236 923 1316 968 σὺν
1334 928 1394 985 τῷ
1407 924 1580 983 Ἰσραὴλ

70 995 351 1048 Γαβαωνίτας
384 994 462 1050 μὲν
503 990 797 1052 ἐλυτρῶσατο,
835 991 938 1044 τοὺς
972 993 1020 1037 δὲ
1050 991 1333 1052 Ἀμορραίους
1370 995 1580 1053 κατέκοψε

71 1062 304 1128 φεύγοντας
333 1063 412 1108 σὺν
440 1070 530 1115 τοῖς
556 1067 801 1120 βασιλεῦσιν
832 1062 987 1107 αὐτῶν.
1026 1062 1073 1107 οἳ
1095 1065 1166 1108 καὶ
1191 1065 1236 1108 ἕν
1256 1066 1452 1127 σπηλαίῳ
1473 1083 1578 1126 κρυ-

68 1132 241 1190 βόμενοι
274 1134 620 1193 καταληφθέντες
648 1134 734 1178 ἐκεῖ
763 1134 1121 1191 κατεκλείσθησαν
1154 1133 1233 1186 ἕως
1259 1134 1521 1182 κατέπαυσεν
1553 1134 1576 1181 ὅ

67 1202 263 1261 πόλεμος.
304 1204 412 1249 ἔνθα
431 1206 579 1249 πολλοὶ
595 1205 672 1262 μὲν
693 1202 777 1249 ὑπὸ
798 1208 874 1249 τοῦ
890 1203 1061 1263 Ἰσραὴλ
1079 1202 1395 1262 κατεκόπησαν,
1434 1208 1578 1253 πλείο-

13 1281 59 1319 15
70 1292 138 1327 νες
158 1276 204 1320 δὲ
229 1276 369 1327 λίθοις
385 1273 574 1333 χαλάζης
593 1273 829 1334 οὐρανόθεν
858 1275 1215 1334 ἕπιρριπτομένοις
1239 1275 1385 1328 αὐτοῖς
1404 1276 1574 1322 ἀπέθα-
1590 1280 1634 1317 P·
1659 1277 1730 1319 146

67 1364 155 1391 νον.
193 1344 288 1390 τότε
315 1347 417 1408 θείᾳ
446 1343 621 1403 δυνάμει
653 1343 988 1404 προσευξάμενος
1002 1345 1168 1403 Ἰησοῦς
1187 1345 1335 1404 ξ’στησε
1357 1346 1433 1392 τὸν
1454 1346 1575 1405 ἥλιον

2 1434 3 1437 ’
67 1416 178 1461 κατὰ
209 1419 252 1461 Γ
249 1416 398 1473 αβαιὺν
423 1419 494 1461 καὶ
525 1417 604 1475 τὴν
634 1414 944 1475 σελήνηνκατὰ
966 1413 1165 1475 φάραγγα
1182 1416 1347 1471 Αἲλὼν,
1386 1416 1464 1470 ἕως
1486 1419 1575 1472 ἐξε-

65 1487 277 1544 πολέμησε
304 1487 406 1539 τοὺς
434 1485 629 1547 ἐχθρούς.
688 1488 757 1531 καὶ
794 1486 1004 1545 ἐξαγαγὼν
1033 1486 1135 1539 τούς
1162 1486 1282 1531 πέντε
1308 1492 1498 1544 βασιλεῖς
1527 1490 1574 1533 ἐκ

65 1562 144 1602 τοῦ
173 1558 381 1615 σπηλαίου
413 1558 643 1616 προσέταξε
667 1557 768 1609 τούς
801 1556 1010 1616 ἄρχηγοῦς
1039 1560 1118 1601 τοῦ
1151 1556 1337 1613 πολέμου
1361 1562 1448 1602 τῶν
1467 1559 1571 1604 υἱῶν

8 1627 234 1687 ΞΟἸσραὴλ
273 1632 570 1686 καταπατῆσαι
609 1627 711 1679 τοὺς
750 1626 990 1686 τραχήλους
1025 1625 1191 1681 αὐτῶν,
1229 1628 1301 1671 καὶ
1335 1627 1569 1675 ἀπέκτεινεν

67 1698 225 1751 αὖτοὺς
259 1700 330 1743 καὶ
349 1699 563 1759 παρέλαβε
587 1698 665 1750 τὰς
692 1694 833 1749 πόλεις
864 1696 1028 1752 αὐτῶν,
1066 1696 1118 1741 αἳ
1136 1692 1247 1755 ἦσαν
1264 1696 1409 1750 αὐτοῖς
1428 1699 1564 1755 πέντε,

159 1823 198 1870 1]
222 1822 349 1859 Iosuae
373 1834 452 1870 cap.
470 1822 569 1859 VIII.
661 1818 799 1870 Ἰησοῦ]
821 1821 927 1858 Immo
941 1817 1061 1868 ’Ῑησοῒ
1075 1822 1114 1857 et
1135 1833 1172 1869 p.
1191 1818 1274 1860 146.
1365 1821 1402 1858 2.
1425 1818 1549 1868 αὐτὴν

158 1870 224 1908 καὶ
247 1869 385 1918 ἔθηκεν
402 1870 483 1906 add.
500 1882 545 1907 m.
659 1871 713 1913 εἰς
729 1868 797 1908 τὸν
819 1870 944 1906 αἰῶνα
962 1867 1084 1904 addidi
1103 1880 1148 1905 ex
1166 1869 1210 1904 B.
1322 1868 1357 1905 9.
1382 1865 1566 1918 ἅδωνιβε-

159 1917 221 1963 giu
246 1918 289 1954 B.
323 1917 442 1964 Αδώμ
464 1915 576 1964 Βεζὲκ
596 1918 645 1954 G.
689 1917 783 1954 Vide
804 1917 930 1953 Iosuae
957 1915 1012 1959 X,
1038 1918 1070 1952 1.
1197 1917 1255 1955 11.
1286 1913 1497 1962 κατέκοψεν
1517 1917 1562 1952 Β.

158 1963 367 2012 συνέκοψεν
390 1967 440 2004 G.
569 1966 627 2003 13.
649 1963 967 2009 καταλειφθέντες
989 1962 1064 1998 ΑΒ.
1189 1963 1246 2000 15.
1268 1964 1406 2005 λίθους
1424 1965 1467 1999 Α.

159 2011 490 2061 ἑπιριπτουμένοις
520 2013 565 2055 Β.
707 2014 766 2052 17.
800 2011 917 2059 Vulgo
947 2008 1071 2048 Ελῶν.
1125 2009 1334 2047 eorrectum
1365 2022 1412 2048 ex
1435 2010 1563 2048 Iosuae

156 2061 214 2106 X,
237 2063 295 2100 12.

157 2166 292 2204 Eodem
314 2169 473 2215 tempore
493 2164 644 2203 tradidit
668 2164 828 2201 dominus
852 2161 934 2201 Iesu
954 2163 1075 2200 urbem
1092 2161 1164 2200 Gai
1186 2164 1223 2198 et
1239 2174 1360 2210 regem
1377 2162 1463 2201 eius.
1509 2163 1560 2199 Et

61 2213 221 2251 incendit
236 2227 312 2251 eam
335 2219 373 2251 et
391 2215 561 2251 tumulum
578 2213 843 2250 inhabitabilem
872 2223 948 2248 eam
972 2211 1060 2248 fecit
1083 2214 1121 2247 et
1141 2222 1260 2257 regem
1279 2211 1354 2247 eius
1378 2210 1561 2257 suspendit

62 2274 172 2309 super
187 2262 318 2308 lignum
345 2262 518 2309 geminum
543 2273 655 2308 usque
675 2260 720 2296 ad
739 2270 935 2306 vesperam.
981 2259 1050 2294 His
1078 2257 1210 2294 auditis
1235 2258 1298 2307 qui
1320 2259 1472 2294 Gabaon
1498 2268 1559 2292 ur-

61 2310 143 2345 bem
164 2309 337 2356 insignem
355 2309 574 2351 habstabant,
600 2308 732 2355 quique
750 2307 900 2342 munitas
915 2305 1114 2342 Evaeorum
1129 2306 1235 2341 urbes
1249 2306 1488 2352 occupabant5
1512 2315 1558 2340 ex

61 2356 206 2392 remotis
222 2356 308 2391 locis
324 2369 363 2393 se
380 2356 520 2392 venisse
539 2355 766 2397 simulantes,
791 2365 867 2389 cum
886 2353 966 2389 Iesu
982 2352 1106 2388 foedus
1125 2352 1303 2395 inierunt3
1326 2354 1469 2388 detecta
1492 2363 1556 2386 ve·-

61 2415 103 2444 ro
127 2415 246 2439 eorum
266 2408 343 2439 arte
370 2404 475 2439 iussit
502 2415 562 2438 eos
589 2402 787 2438 ministrare
808 2403 845 2436 et
871 2401 969 2447 ligna
988 2400 1120 2437 inferre
1144 2399 1182 2435 in
1207 2399 1265 2435 dei
1282 2398 1557 2435 tabernaculum.

61 2450 104 2486 In
125 2451 189 2486 hos
209 2451 307 2486 velut
324 2450 361 2486 in
381 2449 569 2486 communis
587 2449 768 2484 societatis
785 2447 984 2484 desertores
999 2447 1125 2483 bellum
1144 2450 1329 2482 moverunt
1348 2444 1554 2482 Amorrhaei

62 2502 101 2532 et
119 2497 275 2544 quinque
301 2509 405 2544 reges
430 2498 681 2533 Iebuzaeorum
693 2523 704 2542 ,
727 2506 874 2543 quorum
901 2494 999 2542 prior
1016 2498 1094 2530 erat
1114 2493 1357 2536 Adonibezec,
1381 2505 1445 2528 rex
1465 2492 1555 2528 Hie-

60 2545 236 2588 rusalem,
261 2544 426 2580 adiuncto
450 2545 518 2580 sibi
543 2543 660 2580 valido
686 2542 866 2586 exercitu3
889 2542 926 2578 in
944 2554 1003 2578 eos
1023 2553 1107 2578 vero
1125 2552 1201 2577 cum
1220 2541 1330 2576 Israel
1348 2540 1449 2576 Iesus
1467 2550 1552 2585 pro-

60 2591 200 2635 fectus,
224 2592 443 2628 Gabaonitas
460 2591 598 2638 quidem
620 2590 804 2634 liberavit,
827 2589 1059 2635 Amorrhaeos
1079 2600 1165 2625 vero
1185 2587 1334 2624 confecit
1358 2599 1433 2622 cum
1454 2585 1551 2631 regi-

61 2639 128 2674 bus
146 2650 282 2682 eorum,
306 2640 367 2686 qui
387 2639 526 2686 quidem
552 2639 589 2674 in
614 2638 778 2684 spelunca
802 2637 952 2673 latentes
971 2635 1204 2683 deprehensi,
1221 2635 1259 2670 in
1277 2647 1319 2671 ea
1340 2634 1452 2669 donec
1471 2643 1550 2666 ces-

62 2689 160 2721 saret
178 2686 362 2723 conflictus
381 2686 508 2722 inclusi
526 2686 688 2730 fuerunt,
710 2685 908 2731 ibidemque
924 2684 1053 2731 gladiis
1075 2684 1186 2719 Israel
1201 2694 1270 2717 non
1287 2681 1391 2728 pauci
1412 2680 1448 2714 in
1473 2679 1551 2713 fru-

60 2736 119 2768 sta
138 2734 291 2777 concisi,
315 2734 432 2781 plures
451 2736 564 2769 autem
583 2744 627 2769 ex
645 2733 698 2768 eis
719 2732 899 2780 grandinis
925 2731 1101 2778 lapidibus
1126 2730 1271 2766 caelitus
1297 2725 1457 2763 immissis
1485 2736 1550 2761 ne-

61 2779 135 2815 cati
151 2784 244 2817 sunt.
292 2781 395 2817 Tunc
409 2781 509 2817 Iesus
526 2791 630 2816 orans
647 2779 767 2816 divina
784 2779 919 2815 virtute
940 2779 1048 2815 solem
1075 2789 1182 2824 supra
1207 2777 1355 2811 Gabaon
1375 2777 1411 2808 et
1437 2773 1551 2807 lunam

60 2838 171 2874 supra
194 2827 320 2865 vallem
346 2829 476 2872 Aelon,
510 2828 621 2864 donec
644 2827 763 2864 hostes
788 2826 1001 2869 debellaret,
1035 2829 1190 2862 moratus
1209 2826 1275 2858 est.
1329 2820 1551 2864 Eductisque

59 2874 197 2911 demum
216 2876 421 2922 espelunca
441 2875 593 2923 quinque
605 2875 750 2922 regibus
767 2886 790 2910 a
806 2874 953 2910 filiorum
970 2872 1082 2909 Israel
1100 2871 1182 2907 belli
1199 2868 1347 2905 ducibus
1370 2866 1473 2902 iussit
1489 2877 1551 2900 eo-

61 2933 139 2959 rum
159 2921 248 2961 colla
264 2923 411 2972 pedibus
431 2922 583 2968 calcu-h
611 2926 650 2960 et
676 2921 806 2960 occidit
829 2933 892 2958 eos
920 2925 958 2967 et
985 2920 1092 2957 urbes
1112 2928 1230 2955 eorum
1252 2914 1386 2953 invasit
1407 2923 1550 2950 numero
