1800 3236
234 179 339 231 384
652 218 654 220 -
710 187 967 235 GEORGII
993 190 1282 238 SYNCELLI

232 299 310 344 τὸν
333 297 461 356 Ὠσηὲ
481 294 814 358 πρεσβευόμενον
838 301 896 352 εἷς
915 297 1125 358 βοήθειαν
1144 302 1285 348 ἐλθεῖν
1306 308 1368 366 τῷ
1386 306 1572 351 Αἰθίοπι
1588 306 1742 368 Ἀδρα-

233 370 384 428 μὲλεχ,
422 373 484 429 τῷ
513 369 623 413 κατὰ
658 369 735 427 τὴν
763 369 1009 428 Αἴγυπτον,
1048 374 1118 415 καὶ
1140 374 1293 433 Σηγώρ
1313 380 1486 432 βασιλεῖ’
1498 376 1738 436 Αἰγύπτου,

232 439 307 486 τόν
340 458 384 484 τε
407 439 536 496 Ὠσηὲ
567 442 787 498 καθεῖρξεν
810 441 854 484 ἐν
879 445 1048 500 φυλακῇ
1067 445 1138 486 καὶ
1159 443 1238 496 τὰς
1258 443 1286 488 ι’
1313 446 1452 505 φυλὰς
1473 453 1549 492 τοῦ
1568 449 1740 508 Ἰσραὴλ

231 508 566 569 ἦχμαλῶτευσεν.
603 507 631 567 ἥ
659 514 745 554 τῶν
777 511 820 555 ἓν
849 514 1069 575 Σαμαρείᾳ
1100 514 1199 559 δέκα
1228 519 1375 574 φυλῶν
1403 519 1633 576 λεγομένων
1662 524 1739 564 τοῦ

227 581 400 642 Ἰσραὴλ
421 580 757 638 βασιλευομένων
774 579 982 642 Ἑβραίων
1000 582 1124 642 ἀρχή.
1200 614 1202 616 ν
1745 596 1770 632 5

342 660 495 723 Τούτῳ
529 666 589 723 τῷ
623 660 655 717 ζ’
675 662 754 708 ξ’τει
768 663 897 722 Ὠσηὲ
920 670 995 710 τοῦ
1016 668 1255 711 τελευταίου
1272 668 1481 724 βασιλέως
1506 671 1645 717 αὗτῶν
1661 671 1742 732 ἤρ-

233 738 336 789 ξατο
369 737 710 793 πολιορκεῖσθαι,
750 731 940 794 ὅπερῆν
990 736 1098 794 ἀρχὴ
1130 742 1207 781 τοῦ
1241 737 1280 782 δ’
1304 738 1424 792 ἔτους
1439 741 1644 797 Ἐζεκίου,
1684 743 1743 796 ὥς

234 821 363 865 φησιν
385 802 413 862 ἦ
440 802 479 848 δ’
506 796 591 849 τῶν
617 809 867 860 βασιλειῶν,
907 804 971 850 ὅτι
1001 807 1156 864 ἐγένετο
1186 809 1229 852 ἐν
1249 813 1307 869 τῷ
1325 809 1402 854 ἔτει
1425 816 1486 872 τῷ
1520 810 1557 856 δ’
1579 817 1749 868 βασιλεῖ’

196 877 405 938 ΟἘζεκίᾳ,
427 873 591 927 -αὖτὸςὸ
613 876 800 928 ἐνιαυτὸς
815 874 846 930 ζ
863 874 989 934 Ὠσηὲ
1007 878 1208 937 υἱῷἿ-Ιλά
1224 884 1396 935 βασιλεῖ
1406 881 1591 941 Ἰσραὴλ,
1613 884 1743 942 ἀνέβη

233 946 526 1004 ,Σαλμανασὰρ
553 947 751 1002 βασιλεὺς
777 947 1013 1006 Ἀσσυρίων
1038 950 1102 992 ε’πὶ
1122 948 1368 1009 Σαμάρειαν
1396 955 1466 995 καὶ
1496 952 1742 1013 ἓπολιόρκη-
1757 958 1800 995 10

235 1034 306 1063 σεν
327 1014 461 1074 αὐτὴν
479 1018 548 1061 καὶ
573 1016 827 1074 κατεβάλετο
851 1018 984 1075 αυτὴν
994 1053 1008 1073 ,
1049 1019 1131 1064 ἀπὸ
1153 1021 1299 1073 τέλους
1324 1027 1451 1076 τριῶν
1473 1025 1578 1068 ἐτῶν
1598 1026 1640 1068 ἕν
1666 1025 1744 1069 ἴτει

236 1086 272 1141 ς’
293 1089 464 1142 Ἐζεκία.
501 1081 625 1139 οὗτος
650 1089 840 1140 ἐνιαυτὸς
857 1087 904 1132 θ’
925 1095 986 1150 τῷ
1002 1090 1129 1147 Ὠσηὲ
1144 1092 1511 1151 βασιλεΐἿσραήλ.
1551 1097 1619 1138 καὶ
1642 1113 1744 1140 συν·-

235 1157 407 1218 ελήφθη
441 1156 661 1216 Σαμάρεια
692 1161 762 1203 καὶ
792 1157 975 1219 ἀπῴκισε
1011 1161 1209 1215 βασιλεὺς
1234 1162 1468 1222 Ἀσσυρίων
1493 1165 1570 1222 τὴν
1591 1165 1744 1222 Σαμά-

235 1247 350 1289 ρειαν
383 1231 441 1281 εἷς
457 1229 705 1288 Ἀσσυρίους
737 1231 806 1273 καὶ
838 1229 990 1286 ἔθηκεν
1009 1230 1164 1283 αὐτοὺς
1183 1234 1226 1276 ἐν
1247 1234 1431 1289 Χαλχᾶλ
1454 1237 1523 1278 καὶ
1546 1238 1589 1280 ἓν
1604 1237 1743 1295 Ἀβιὺρ

233 1305 413 1361 ποταμῷ
436 1303 478 1344 Γ
475 1300 583 1354 ωζάν
613 1302 681 1344 καὶ
711 1300 789 1359 ὅρη
812 1299 1008 1358 Μήδιον,
1049 1300 1114 1346 ὅτι
1137 1302 1212 1346 οὐκ
1232 1302 1480 1362 εἰσήκουσαν
1502 1311 1578 1363 τῆς
1601 1312 1744 1365 φωνῆς
1757 1318 1800 1355 15

235 1373 380 1430 κυρίου
402 1375 508 1415 θεοῦ
528 1370 682 1416 αὐτῶν.
723 1370 831 1428 αὕτη
859 1369 1006 1430 πρώτη
1029 1377 1106 1416 τοῦ
1121 1372 1292 1432 Ἰσραὴλ
1316 1377 1581 1431 αι’χμαλωσία
1607 1377 1745 1436 πέφυ-

234 1460 304 1486 κεν
333 1443 391 1493 εἷς
416 1441 692 1501 Ἀσσυρίους,
730 1441 824 1500 ἣτις
851 1443 1011 1500 γέγονεν
1037 1442 1255 1505 ἀρχομένῳ
1281 1443 1316 1497 ς’
1335 1445 1413 1490 ἴτει
1429 1445 1629 1502 Ἐζεκίου,
1670 1467 1743 1492 κο-

232 1516 368 1573 σμικῷ
398 1513 444 1556 δὲ
476 1510 555 1556 ἔτει
587 1510 701 1574 ‘dum‘
729 1513 1020 1574 πληρουμένῳ.
1061 1513 1250 1573 διήρκεσε
1278 1516 1325 1560 δὲ
1355 1514 1382 1574 ἦ
1406 1516 1513 1574 αὐτὴ
1536 1522 1620 1562 τῶν
1644 1519 1744 1562 δέκα

233 1587 381 1642 φυλῶν
412 1586 607 1639 βασιλεία
641 1585 684 1628 ἐν
717 1584 940 1645 Σαμαρείᾳ
973 1583 1156 1629 ἀπὸτοῦ
1182 1583 1352 1644 πρώτου
1370 1588 1579 1643 βασιλέως
1603 1589 1745 1634 αὐτῶν

194 1652 468 1715 ΒἹεροβωὰμ
510 1652 666 1699 δούλου
701 1658 959 1712 Σολομῶνος
1011 1655 1055 1700 ἐν
1081 1661 1301 1712 βασιλεῦσι
1331 1656 1411 1715 ιη’,
1451 1657 1558 1703 ἴτεσι
1588 1660 1635 1703 δὲ
1664 1658 1800 1712 03120

329 1779 364 1816 1.
390 1776 604 1825 συνήθειαν
624 1779 672 1813 G.
788 1780 824 1816 2.
850 1776 963 1827 σιγοὶρ
983 1780 1026 1816 Β.
1144 1778 1180 1817 4.
1205 1778 1487 1827 ἦχμαλῶτευσεν
1507 1781 1549 1816 Β.
1575 1779 1748 1828 ἠχμαλῶ-

326 1837 430 1863 τισεν
453 1827 503 1861 G.
597 1827 634 1863 5.
661 1823 788 1873 ἔληξεν
812 1825 908 1876 ἆρχὴ
934 1840 979 1863 m.
1087 1830 1121 1866 6.
1148 1826 1218 1871 τοὶς
1245 1830 1462 1871 τελευταίας
1482 1830 1675 1877 βασιλείας
1696 1831 1744 1867 G.

328 1873 534 1910 correctum
556 1887 600 1911 ex
621 1874 696 1909 Bm.
826 1877 861 1912 7.
887 1874 936 1922 δ’]
964 1876 1054 1923 Cap.
1072 1876 1215 1918 XVIII,
1240 1878 1274 1912 9.
1399 1879 1432 1914 8.
1455 1877 1635 1925 βασιλέως
1653 1881 1746 1922 Ege-

330 1922 396 1958 κίοι
422 1922 470 1956 G.
565 1924 601 1959 9.
627 1921 719 1958 υἱοῦ
740 1924 826 1959 Han?
836 1922 1015 1973 βασιλέως
1036 1924 1083 1958 G.
1182 1927 1238 1960 10.
1259 1922 1446 1971 σαμάρεια
1461 1925 1505 1963 Β.
1602 1929 1658 1963 11.
1682 1925 1747 1962 καὶ

329 1968 554 2018 κατεβάλετο
575 1969 838 2018 (κατεβάλλετο
858 1972 920 2017 Α.)
947 1970 1067 2018 αὐτὴν
1093 1970 1212 2007 addidi
1239 1984 1283 2007 ex
1308 1973 1382 2007 AB.
1501 1972 1617 2019 τριῶν
1637 1972 1746 2020 ἐτῶν]

331 2014 363 2063 γ’
385 2016 493 2059 ἔτους
518 2019 565 2054 G.
685 2021 740 2055 12.
766 2021 997 2066 συνελείφθη
1019 2020 1092 2055 ΑΒ.
1218 2021 1272 2056 13.
1298 2019 1416 2065 Vulgo
1445 2016 1654 2068 ἀπῴκησεν.

331 2064 388 2102 14.
423 2065 539 2112 Vulgo
571 2063 730 2113 ἔθηκαν.
864 2067 1040 2114 Χαλχὰλ]
1068 2064 1171 2103 ’Alae
1194 2067 1285 2112 Reg-
1425 2070 1482 2105 15.
1516 2066 1610 2116 ὅρη]
1648 2063 1749 2113 ὄρεσι

330 2124 367 2159 p.
387 2113 459 2150 205
479 2126 510 2148 c.
610 2132 615 2139 ·
637 2117 693 2152 16.
728 2115 844 2160 θεοῦ]
870 2117 941 2153 τοῦ
961 2116 1062 2152 θεοῦ
1085 2115 1133 2149 G.
1251 2117 1312 2152 20.
1345 2113 1540 2163 ἰεροβωὰμ
1559 2117 1601 2152 Β.
1636 2120 1748 2163 Ispa>-

333 2159 436 2207 βοᾶμ
459 2162 508 2199 G.
611 2163 852 2208 σαλομῶντος
874 2164 917 2202 Β.
941 2164 1193 2210 Σολομῶντος
1215 2162 1334 2208 vulgo.

242 2263 397 2310 thiopem
415 2265 581 2312 Aegypto
604 2267 815 2313 proximum,
840 2273 878 2304 et
900 2270 1016 2316 Segor
1036 2267 1248 2314 (Taracem)
1276 2266 1432 2313 Aegypti
1459 2279 1578 2315 regem
1605 2268 1641 2303 in
1663 2268 1749 2304 belli

243 2312 450 2346 societatem
469 2320 680 2358 vocaverat,
706 2316 836 2351 certior
865 2317 1000 2359 factus,
1025 2317 1137 2363 ipsum
1160 2315 1255 2348 Osee
1276 2321 1415 2360 captum
1440 2315 1590 2351 coniecit
1613 2316 1649 2351 in
1669 2317 1748 2351 vin-

243 2358 323 2394 cula
357 2363 392 2393 et
417 2359 632 2397 Israeliticas
655 2363 790 2397 -decem
818 2363 931 2398 tribus
964 2364 1000 2398 in
1029 2362 1233 2397 servitutem
1262 2361 1367 2398 misit.
1424 2362 1595 2398 Tribuum
1626 2362 1747 2399 decem

242 2405 354 2442 Israel
372 2411 594 2451 vocatarum,
619 2412 655 2443 et
676 2408 913 2446 Hebraeorum
931 2411 1111 2446 Samariae
1129 2409 1344 2444 subditorum
1360 2421 1507 2456 regnum
1524 2409 1582 2446 hic
1605 2410 1724 2449 desiit.

307 2500 309 2503 .
335 2466 409 2500 Isto
427 2466 522 2512 regis
545 2467 656 2502 Israel
670 2468 787 2503 *ultimi
806 2480 894 2504 anno
914 2471 936 2506 7
949 2495 959 2512 ‚
986 2469 1045 2515 qui
1069 2468 1137 2503 fuit
1158 2468 1315 2503 Ezeciae
1333 2465 1357 2503 4
1370 2494 1379 2511 ‚
1412 2469 1496 2505 iniit
1517 2469 1654 2505 obsidio
1679 2470 1748 2505 Sa-

243 2512 386 2556 mariae,
405 2513 583 2560 scriptura
600 2515 800 2560 Regnorum
816 2515 839 2551 4
853 2517 1052 2552 referente=
1077 2520 1114 2551 et
1126 2516 1254 2550 factum
1267 2519 1321 2551 est
1341 2515 1376 2550 in
1395 2527 1485 2551 anno
1501 2514 1526 2553 4
1542 2517 1638 2562 regis
1650 2517 1748 2552 Eze-

243 2561 339 2604 ciae,
367 2560 463 2608 (ipse
482 2573 590 2596 annus
610 2564 633 2599 7
652 2564 747 2597 Osee
766 2563 831 2598 filii
851 2565 919 2600 Ela
936 2565 1032 2611 regis
1058 2563 1194 2609 Israel)
1206 2589 1215 2606 ,
1244 2562 1425 2599 adscendit
1444 2563 1666 2600 Salmanasar
1686 2576 1749 2600 rex

243 2608 466 2654 Assyriorum
485 2608 522 2643 in
546 2609 738 2645 Samariam
763 2616 800 2646 et
819 2613 959 2647 obsedit
977 2624 1052 2647 eam
1066 2638 1077 2655 .,
1103 2623 1124 2646 a
1143 2611 1213 2646 fine
1235 2611 1335 2645 tertii
1356 2610 1456 2654 anni,
1479 2610 1515 2646 in
1537 2623 1626 2647 aimo
1646 2616 1747 2647 sexto

243 2655 414 2698 Ezeciaffi
438 2655 518 2702 ipse
539 2669 650 2692 annus
682 2669 793 2692 nonus
816 2660 911 2695 Osee
938 2661 1036 2705 regis
1063 2660 1186 2694 lsrael.
1245 2659 1297 2693 Et
1321 2662 1425 2704 capta
1450 2663 1504 2693 est
1528 2659 1689 2694 Samaria
1712 2662 1749 2694 et

242 2702 426 2738 transtulit
445 2715 507 2738 rex
522 2705 749 2751 Assyriorum
766 2707 958 2742 Samariam
976 2707 1012 2742 in
1031 2706 1221 2753 Assyrios3
1246 2711 1283 2740 et
1302 2710 1492 2751 posuerunt
1520 2719 1579 2741 eos
1598 2706 1634 2741 in
1661 2707 1748 2741 Alae

245 2755 284 2786 et
301 2751 397 2785 Abor
415 2749 524 2787 fluvio
545 2752 671 2787 Gozan
689 2758 725 2787 et
743 2764 803 2788 ore
821 2754 1026 2798 Medorum3
1050 2767 1092 2790 eo
1115 2753 1210 2800 quod
1235 2764 1304 2788 non
1328 2752 1549 2788 obediverint
1569 2753 1651 2788 voci
1678 2754 1751 2789 do«

242 2796 326 2832 1ῃίήί
351 2797 408 2833 dei
435 2798 500 2834 sui.
548 2800 647 2835 Haec
675 2801 865 2846 captivitas
893 2803 1003 2837 Israel
1021 2803 1133 2849 prima
1163 2806 1200 2835 et
1220 2800 1266 2836 ad
1292 2800 1456 2846 Assyrios
1476 2800 1638 2846 migratio
1656 2812 1746 2836 anno

242 2844 399 2880 Ezeciae
430 2848 452 2882 6
476 2846 640 2889 ineunte,
666 2850 833 2883 communi
861 2861 944 2884 vero
975 2850 1092 2885 mundi
1112 2849 1207 2884 4770
1232 2848 1403 2894 completo
1429 2848 1525 2883 sacta
1551 2852 1615 2882 est.
1663 2849 1747 2883 Ste-

245 2891 293 2926 tit
319 2897 433 2927 autem
452 2893 605 2929 tribuum
625 2894 744 2929 decem
769 2906 911 2941 regnum
931 2908 994 2942 per
1014 2909 1118 2942 reges
1139 2898 1183 2932 18
1210 2895 1279 2929 sibi
1301 2894 1530 2930 succedentes
1550 2896 1594 2930 ab
1619 2895 1750 2930 Hiero-

245 2938 347 2975 boam
377 2939 571 2977 Salomonis
594 2953 697 2979 servo
724 2953 844 2978 earum
868 2955 954 2990 rege
980 2944 1093 2992 primo
1116 2943 1216 2981 annis
1244 2944 1329 2980 260.
1385 2943 1418 2978 A
1435 2943 1555 2979 mundi
1578 2943 1749 2990 siquidem
