1800 3236
208 188 312 238 362
672 194 926 242 GEORGII
951 195 1239 243 SYNCELLI

208 308 484 364 συμφωνοῦσι
516 304 563 349 δὲ
593 310 652 366 τῷ
681 308 927 366 Κεφαλίωνι
952 307 1215 369 Δημαγόρας
1231 327 1276 354 τε
1305 311 1374 354 καὶ
1385 306 1629 368 Ἀγάθυμος
1647 315 1717 358 καὶ

209 376 329 420 ἄλλοι
365 377 512 420 πολλοὶ
540 378 634 435 περὶ
664 382 741 421 τοῦ
765 375 923 434 χρόνου
957 378 1112 423 τούτου
1148 382 1216 424 καὶ
1245 378 1408 437 Ῥώμου
1437 386 1513 425 τοῦ
1545 389 1715 427 κτιστοῦ

204 445 369 504 Ῥώμης
396 448 464 490 καὶ
496 448 681 496 οἰκιστοῦ
711 447 866 503 αὐτῆς,
904 449 1012 493 κατὰ
1040 450 1114 494 τὸν
1143 453 1424 508 Κεφαλίωνα,
1464 450 1555 503 ἑνὸς
1583 453 1714 497 αὐτοῦ

206 515 441 576 πεφυκότος
462 521 546 561 τῶν
565 519 609 568 ἐξ
624 517 750 561 Ἰλίου
778 518 1074 563 διασωθέντων
1109 523 1177 564 καὶ
1210 519 1411 579 ἡγεμόνος
1429 526 1505 578 τῆς
1525 522 1714 574 ἀποικίας

201 586 379 644 Ῥώμου.
429 586 451 631 ὅ
487 588 533 630 δὲ
564 587 642 638 τὰς
673 589 715 631 ἓν
737 586 873 646 Ἄργει
922 590 1168 648 συναγαγών
1205 591 1355 650 ἱερείας
1385 592 1571 649 οἰκιστὴν
1601 594 1744 651 γενέ-5

206 663 315 703 σθαι
338 662 414 713 τῆς
430 655 594 714 Ῥώμης
613 660 718 716 φησὶ
749 658 822 703 τὸν
843 660 1020 704 Αἷνείαν
1040 662 1085 703 ἐκ
1101 663 1343 707 Μολοττῶν
1361 664 1419 714 εἷς
1442 662 1626 708 Ἰταλίαν
1646 666 1715 707 ἐλ-

204 727 344 774 θόντα
367 727 445 772 σῦν
460 727 680 783 Ὀδυσσεῖ,
720 731 790 773 καὶ
807 727 966 787 ταύτην
988 733 1046 782 εἷς
1067 730 1201 786 ὄνομα
1219 730 1382 789 Ῥώμης
1403 738 1504 789 μιᾶς
1522 738 1606 778 τῶν
1635 734 1714 778 σῦν

204 799 322 860 αὐτῷ
338 796 526 843 Ἰλιάδων
544 797 765 855 ὀνομάσαι,
787 804 863 856 τῆς
874 799 1148 859 ἓμπρησάσης
1159 800 1248 859 ἅμα
1267 810 1360 854 ταῖς
1373 803 1519 855 ἄλλαις
1540 803 1715 864 Τρῳάσι

204 870 261 914 τὰ
281 867 438 928 σκάφη,
476 871 744 928 βαρουμένης
767 875 819 930 τῇ
843 869 996 931 πλάνῃ.
1034 870 1232 931 ὁμολογεῖ
1252 874 1298 917 δὲ
1317 873 1394 918 σὺν
1414 873 1557 926 ἄλλοις
1576 879 1715 919 ταῦτα

203 942 274 985 καὶ
294 941 536 998 Δαμαστὴς
552 939 574 985 ὃ
593 939 784 999 Σιγειεύς.
1174 974 1178 979 -
1311 965 1314 967 “
1725 952 1772 989 10

303 1011 593 1070 Ἀριστοτέλης
623 1008 669 1056 δὲ
685 1010 706 1056 ὅ
729 1014 959 1071 φιλοΐστωρ
979 1011 1096 1064 τινὰς
1115 1018 1199 1058 τῶν
1218 1013 1301 1059 ἀπὸ
1323 1015 1482 1074 Τροίας
1502 1014 1713 1072 ἆναχθέν-

168 1082 495 1139 ΒτωνηἈχαιῶν
517 1084 611 1141 περὶ
639 1083 712 1127 τὸν
741 1081 919 1127 ΖΠάλεον
948 1083 1151 1136 πλέοντας
1176 1090 1349 1141 χειμῶνι
1375 1083 1543 1146 μεγάλῳ
1577 1105 1713 1130 κατα-

206 1157 428 1211 ληφθῆναι
457 1152 539 1198 ὑπὸ
562 1157 647 1198 τῶν
671 1150 919 1208 πνευμάτων
945 1171 990 1197 τε
1009 1155 1308 1211 πλανωμένους
1330 1160 1519 1213 πολλαχῆ
1542 1162 1616 1200 τοῦ
1637 1175 1711 1200 πε·-

205 1221 362 1282 λάγους
393 1226 450 1274 εἷς
486 1222 617 1268 τόπον
645 1229 721 1280 τῆς
744 1224 918 1281 Ὀπικῆς
937 1222 1194 1281 καλούμενον
1211 1224 1383 1270 Λάτιον
1402 1227 1542 1270 ἐλθεῖν
1565 1228 1628 1270 ἐπὶ
1651 1232 1711 1313 τιέξ

209 1298 459 1354 Τυρρηνικῶ
491 1293 657 1352 πελάγει
680 1296 889 1351 κείμενον,
928 1294 1037 1339 ἔνθα
1072 1296 1148 1347 τὰς
1166 1301 1270 1348 ναῦς
1286 1295 1582 1349 ἀνελκύσαντες
1602 1298 1710 1341 κατὰ
1725 1306 1767 1342 15

199 1365 435 1422 χειμερινὴν
467 1364 581 1423 ὡραν
613 1363 970 1423 παρεσκευάζοντο
998 1365 1104 1423 πρὸς
1134 1366 1211 1424 τὴν
1236 1366 1419 1453 ἄπαρσιν
1441 1367 1566 1425 εἀρος
1585 1368 1708 1426 ἀρχῇ.

203 1443 391 1494 γυναῖκες
411 1435 460 1479 δέ
475 1453 581 1487 τινες
601 1438 757 1492 αἲχμαλ
761 1436 941 1486 ωτίδες
923 1438 966 1487 εξ
974 1435 1097 1480 ΗΙλιου
1121 1442 1324 1481 συνοῦσαι
1345 1438 1423 1489 τὰς
1443 1443 1547 1489 ναῦς
1567 1439 1711 1489 αὐτοῖς

205 1507 458 1566 ενέπρησαν,
496 1507 568 1550 ι’να
591 1525 651 1564 μη
685 1508 834 1550 δοῦλαι
862 1505 959 1551 κατ’
980 1506 1120 1558 οἰκους
1139 1507 1279 1574 αὐτῶν
1297 1509 1540 1553 ἔπανιοῦσαι
1557 1510 1708 1567 γένων-

297 1621 331 1655 1.
348 1614 582 1665 Ἀγάθυμος]
615 1618 670 1653 Ita
696 1617 800 1654 etiam
824 1617 1014 1657 Eusebius.
1062 1619 1213 1666 Corrige
1228 1614 1449 1666 Ἀγάθυλλος
1468 1595 1516 1655 et
1536 1620 1707 1666 Dionysio

297 1667 335 1708 I,
360 1667 419 1702 72.
521 1666 556 1702 4.
581 1665 635 1710 ἐξ]
664 1663 733 1702 ἀπ’
758 1666 807 1700 G.
901 1667 936 1703 5.
962 1665 1044 1712 ἐνερ
1047 1668 1181 1713 γεῖςΒ.
1208 1668 1462 1714 συνεργεῖςθτ.
1494 1667 1708 1714 Reposuigv

287 1711 406 1759 ’Ἀργει
424 1725 466 1748 ex
482 1714 665 1760 Dionysio.
770 1715 804 1750 6.
819 1711 869 1750 ἐκ
886 1716 1095 1750 Μολοττωυ
1114 1715 1168 1756 εἰς
1190 1715 1273 1751 dedi
1296 1728 1341 1750 ex
1362 1715 1545 1761 Dionysio.
1589 1717 1707 1761 Lege-

296 1763 401 1797 batur
430 1760 642 1804 ἐκμολωτὸν
668 1758 908 1808 (ἐκμωλωτον
928 1762 990 1807 Α.)
1014 1762 1084 1798 τόν
1104 1764 1170 1804 εἰς.
1291 1765 1327 1799 9.
1352 1763 1477 1799 ταῦτα
1491 1763 1554 1798 καὶ
1574 1775 1638 1799 om.
1643 1746 1705 1798 G.

374 1811 430 1844 10.
457 1809 487 1843 Ι
490 1810 660 1855 egebatur
681 1810 887 1855 Δαμαστίς.
923 1809 1130 1845 correctum
1156 1821 1199 1844 ex
1218 1809 1399 1857 Dionysio.
1521 1808 1705 1857 Σιγειεύς]

295 1854 434 1913 σιγιεύς
466 1857 509 1892 Β.
546 1857 709 1903 αἰγειευς
734 1860 778 1893 Α.
809 1858 859 1893 Αἰ
858 1855 960 1914 γιεὺς
991 1858 1038 1892 G.
1098 1858 1237 1892 Sidetes
1269 1858 1365 1905 apud
1398 1858 1599 1893 Eusebium.

296 1906 353 1940 11.
379 1900 695 1961 ἀπαχθέντωνΰτ.
801 1907 855 1941 12.
879 1900 1034 1962 Ἀχαιων
1051 1905 1133 1940 add.
1151 1905 1192 1938 A.
1211 1917 1282 1940 om.
1301 1906 1350 1940 G
1394 1906 1435 1940 In
1455 1906 1484 1939 B
1504 1910 1559 1940 est
1574 1903 1707 1951 ἀχεῶτ.

372 1948 537 1997 μάλαιον
560 1953 603 1987 Α.
644 1953 755 1988 Recte
780 1950 939 1988 Μαλέαν
957 1951 1160 1998 Dionysius.
1193 1954 1344 1987 maleum
1361 1953 1538 1988 Eusebius
1567 1965 1602 1999 p.
1622 1955 1705 1989 205.

373 2000 430 2036 13.
454 1999 724 2045 πλανωμένους
746 2012 811 2035 om.
828 2001 876 2036 G.
987 1998 1044 2035 14.
1070 1999 1275 2045 Legebatur
1293 2001 1456 2037 Λατίων.
1480 2002 1636 2037 λατείων
1659 2002 1702 2035 Β.

293 2103 355 2130 σιν
372 2059 429 2131 ἓν.
457 2058 522 2084 om.
551 2048 598 2084 G.
744 2049 801 2088 15.
832 2047 1011 2096 τυρινικῷ
1034 2047 1078 2083 Β.
1110 2048 1251 2096 τνρικῷ
1277 2048 1358 2084 AG.
1503 2050 1558 2085 16.
1591 2047 1707 2095 ἔπαρ-

201 2199 288 2224 mam
321 2187 540 2225 aedificatam
573 2191 737 2226 testatur.
796 2189 1003 2226 Huiusmodi
1030 2189 1076 2225 de
1101 2190 1232 2225 Romae
1264 2187 1428 2225 conditae
1448 2191 1629 2236 tempore,
1659 2190 1704 2227 de

200 2236 278 2270 eius
295 2236 495 2279 conditore,
518 2249 583 2272 nec
603 2249 672 2273 uon
700 2223 818 2273 incola
835 2238 967 2279 Remo,
992 2237 1184 2282 eodemque
1203 2247 1279 2270 cum
1300 2236 1443 2282 reliquis
1465 2238 1543 2272 aliis
1574 2239 1617 2272 ab
1647 2239 1703 2273 llii

199 2288 320 2328 strage
341 2289 480 2318 servato
498 2288 535 2319 et
551 2282 707 2319 coloniae
731 2286 907 2320 Romanae
923 2284 1012 2320 duce
1030 2283 1255 2330 Cephalionis
1274 2283 1503 2327 sententiam,
1527 2285 1704 2331 Demago-

198 2342 269 2371 ras,
290 2331 507 2379 Agathymus
527 2336 563 2366 et
580 2332 643 2366 alii
665 2332 781 2378 plures
800 2332 1067 2378 amplectuntur.
1114 2330 1178 2365 Ille
1196 2342 1280 2366 vero
1301 2342 1472 2366 consonas
1492 2331 1564 2366 ad
1555 2333 1702 2368 mvicem

199 2374 369 2422 colligens
399 2377 565 2413 historias
592 2379 745 2415 Aeneam
765 2390 834 2413 una
865 2390 942 2413 cum
970 2378 1101 2424 Ulysse
1129 2378 1305 2423 captivum
1331 2378 1368 2412 iu
1392 2378 1529 2414 Italiam
1550 2380 1701 2422 venisse,

200 2424 333 2460 Romae
350 2424 533 2459 habitasse
549 2428 585 2460 et
604 2425 763 2468 Iliadum,
788 2425 899 2471 (quae
914 2425 1108 2471 longissimi
1129 2425 1264 2460 itineris
1276 2430 1472 2471 pertaesae,
1497 2426 1702 2462 aliisTroa-

199 2471 303 2507 dibus
320 2471 520 2507 mulieribus
543 2472 730 2507 adiunctae
751 2484 859 2508 naves
880 2473 1176 2517 succenderant),
1200 2472 1305 2507 unius
1325 2473 1461 2508 nomine
1486 2474 1604 2509 urbem
1627 2474 1702 2509 Ro-

199 2531 287 2554 mam
303 2530 521 2566 nuncupasse
535 2519 682 2563 scribit;
707 2519 852 2556 aliorum
869 2524 986 2555 autem
1013 2519 1223 2556 sententiam
1252 2520 1436 2556 Damastes
1462 2520 1591 2566 Sigeas
1618 2533 1701 2568 pro-

197 2567 330 2603 fitetur.

291 2613 501 2650 Aristoteles
518 2616 633 2649 autem
652 2613 794 2648 sedulus
812 2612 872 2649 ille
890 2613 1051 2649 veritatis
1069 2616 1244 2649 scrutator
1262 2614 1441 2649 nonnullos
1462 2614 1586 2660 patriis
1605 2615 1701 2649 Tro-

198 2660 254 2696 iae
274 2660 417 2696 sedibus
445 2660 616 2699 abductos
636 2661 730 2695 circa
750 2661 902 2696 Maleum
922 2664 1195 2707 promontorium
1214 2665 1337 2696 exorta
1358 2666 1567 2716 tempestate
1593 2674 1701 2697 vexa-

197 2711 275 2750 tos,
297 2705 418 2743 variis
428 2713 611 2743 ventorum
631 2708 773 2743 flatibus
797 2712 834 2742 et
859 2708 1026 2744 fluctibus
1046 2709 1137 2743 latos
1161 2710 1296 2751 refert,
1322 2709 1368 2744 ad
1395 2708 1534 2754 Opicae
1562 2709 1700 2755 plagam

199 2755 387 2801 'lyrrheno
415 2755 503 2790 mari
529 2756 721 2797 obiectam,
746 2755 856 2800 (quae
884 2756 1023 2790 Latium
1046 2756 1118 2801 est)
1149 2756 1352 2802 appulisse,
1378 2756 1631 2802 subductisque
1654 2756 1699 2791 ad

199 2807 327 2836 terram
358 2802 506 2837 navibus
535 2806 572 2837 et
591 2806 734 2848 captata
759 2802 930 2838 hiemandi
953 2803 1161 2846 occasione,
1184 2815 1263 2838 mox
1293 2808 1456 2848 reparato
1483 2815 1566 2839 vere
1591 2815 1700 2838 naves

198 2849 324 2885 iterum
343 2848 548 2884 resumendo
568 2849 686 2885 itineri
704 2849 791 2885 mari
817 2850 1050 2892 commisisse,
1076 2862 1144 2896 quo
1178 2849 1318 2895 cognito
1344 2850 1505 2885 mulieres
1528 2850 1698 2896 quaedam

198 2896 363 2941 captivae
392 2896 546 2932 virorum
570 2898 743 2932 fortunam
768 2897 812 2931 ab
840 2897 904 2931 llio
929 2897 1009 2932 illue
1041 2909 1151 2943 usque
1174 2896 1340 2943 temporis
1367 2904 1561 2943 sequutae,
1586 2909 1630 2932 ne
1653 2897 1699 2934 ad

202 2954 320 2979 eorum
336 2943 456 2980 domos
480 2956 647 2987 reversae
665 2944 817 2992 pristina
837 2944 1008 2984 servitute
1033 2944 1333 2993 opprimerentur,
1357 2943 1439 2990 igue
1457 2944 1711 2988 subiectonar
