1800 3236
233 196 337 246 218
692 202 948 250 GEORGI'I
982 203 1269 250 SYNCELLI

338 314 468 374 Θαρᾶ
495 310 711 373 γενόμενος
740 316 844 359 ἐτῶν
875 312 910 359 ο’
941 315 1130 373 ’ἐγέννησε
1159 316 1235 360 τὸν
1248 312 1466 374 Ἀβραάμ·
1502 315 1670 373 ἐπέζησε
1693 319 1739 361 δὲ

230 383 304 444 ἔτη
335 383 418 444 ρλε’
451 385 528 437 ἕως
551 389 629 430 τοῦ
646 384 702 429 λε’
724 385 844 437 ἴτους
862 388 939 429 τοῦ
957 384 1101 430 Ἰσαάκ
1118 400 1128 410 ·
1165 383 1318 430 τούτου
1340 384 1429 444 ρμε’
1453 386 1530 430 ἴτει
1544 387 1740 445 Ἀβραὰμ

232 455 473 502 καταλιπὼν
507 455 636 500 αὐτὸν
662 457 706 499 ἐν
737 455 922 514 Χαρρὰν
960 454 1209 515 παρῴκησεν
1241 458 1300 507 εἷς
1322 461 1405 514 ’γῆν
1426 457 1607 500 Χαναὰν
1629 458 1739 501 κατὰ

78 526 119 562 Ρ·
145 516 355 571 116θεῖον
374 526 566 584 χρησμὸν
594 527 807 583 γεννηθεὶς
839 526 916 581 μὲν
949 529 1011 585 τῷ
1035 524 1149 586 ῥγτιγ’
1171 525 1250 569 ἔτει
1269 531 1346 570 τοῢ
1367 525 1553 582 κόσμου,
1591 528 1740 581 ἐπιβὰς

232 598 279 641 δὲ
306 601 384 654 τῆς
410 596 708 654 ἐπηγγελμένης
731 600 807 653 γῆς
828 600 888 656 τῷ
921 594 1049 657 Ιγτπζ
1078 598 1122 648 ἐξ
1146 596 1280 653 Ἀδὰμ
1291 630 1306 652 ,
1347 595 1402 641 οε’
1427 596 1516 642 ὄντι
1535 602 1611 655 τῆς
1631 599 1766 655 ζωῇςό

233 667 364 712 αὐτοῦ
386 666 478 711 ἔτει.

239 735 244 742 ’
316 736 526 795 [Ἀβραὰμ
545 733 762 794 γενόμενος
773 736 877 780 ἐτῶν
896 733 934 793 ρ’
953 737 996 788 ἐξ
1018 738 1261 795 ἐπαγγελίας
1283 736 1470 795 ἐγέννησε
1488 737 1561 781 τὸν
1578 736 1737 783 Ἰσαάκ.

331 807 475 851 Ἰσαὰκ
499 804 716 864 γενόμενος
733 807 840 849 ἐτῶν
864 804 900 858 ξ’
930 807 1118 864 ἐγέννησε
1141 807 1214 851 τὸν
1237 807 1390 863 Ἰακὼβ
1423 811 1484 867 τῷ
1513 807 1636 869 ‘yvoy‘
1659 807 1738 852 ἔτει

232 880 309 922 τοῦ
331 875 503 933 κόσμου.
551 876 599 920 τὸ
623 876 666 919 ‹5’
692 875 799 919 αὐτὸ
819 871 872 932 ἦν
892 879 960 920 καὶ
979 882 1056 920 τοῦ
1073 877 1269 935 Ἀβραὰμ
1291 877 1384 930 ἔτος
1405 876 1513 936 ρξα’.
1550 876 1608 929 ὥς
1635 877 1738 923 εἶναι

233 946 449 1004 δῆλονὸτι
475 945 666 1003 ὅἸακώβ
685 946 794 990 κατὰ
811 946 861 990 τὸ
885 945 968 1005 ροε’
997 947 1089 1000 ἔτος
1100 948 1311 1007 Ἀβραὰμ,
1349 949 1394 993 ἐν
1414 942 1448 1009 ᾧ
1467 946 1735 1006 μετήλλαξεν,
1750 955 1796 991 10

234 1015 288 1062 ιό’
312 1019 417 1062 ἐτῶν
438 1013 489 1074 ἦν
509 1016 796 1074 τούλάχιστον.
848 1023 854 1029 “
1640 1076 1643 1079 ,

333 1087 486 1143 Ἰακώβ
513 1086 591 1131 ἔτει
623 1085 697 1141 πβ’
724 1091 802 1143 τῆς
822 1088 928 1144 ζωῆς
950 1086 1083 1131 αὐτοῦ
1106 1087 1293 1147 ἐγέννησε
1322 1087 1397 1132 τόν
1416 1089 1553 1142 Λευὶ,
1590 1088 1739 1140 καθώς

234 1158 278 1201 ἐν
320 1163 373 1216 τῇ
406 1155 680 1216 προλαβοῦσῃ
712 1155 907 1208 συντάξει
932 1159 1092 1215 ’σαφῶς
1126 1159 1428 1203 ἀποδέδεικται.
1475 1156 1631 1216 ἀνάγκη
1656 1157 1737 1217 γὰρ

196 1227 381 1272 Βᾶπασα
410 1228 565 1283 μεταξὺ
585 1232 661 1284 τῆς
678 1228 874 1284 γενέσεως
889 1226 1044 1286 Ἰωσὴφ
1066 1230 1135 1271 καὶ
1156 1230 1269 1272 Λευὶ
1289 1226 1337 1272 θ’
1355 1233 1628 1284 μεσεμβολεῖν
1648 1229 1734 1286 ἔτη,

235 1299 321 1341 ἐπεὶ
348 1299 416 1342 καὶ
452 1297 597 1348 ἔνατος
632 1298 784 1354 ἐτέχθη
813 1297 911 1353 μετ’
945 1296 1087 1342 αὐτόν.
1127 1298 1418 1343 ἀποδείκνυται
1445 1300 1490 1343 δὲ
1514 1299 1672 1357 Ἰωσὴφ
1693 1301 1737 1342 ἐκ
1751 1298 1796 1335 15

233 1373 310 1425 τῆς
342 1372 509 1427 γραφῆς
542 1373 601 1428 τῷ
625 1366 689 1415 ‘aa'
715 1367 869 1422 Ἰακώβ
888 1359 1074 1424 τεχθεὶζ,
1114 1368 1156 1412 εἶ’
1167 1387 1211 1426 γε
1236 1367 1298 1426 ρκ’
1321 1368 1398 1413 ἔτει
1421 1374 1496 1413 τοῦ
1520 1370 1680 1428 πατρὸς
1700 1367 1737 1413 λ’

235 1434 341 1489 z'wg'
368 1437 481 1495 ἄγων
522 1439 587 1481 ἐπὶ
617 1442 693 1495 τῆς
724 1438 858 1495 ἀρχῆς
886 1436 1109 1495 Αἰγύπτου
1147 1437 1455 1494 ἀναβιβάζεται.
1504 1440 1739 1484 συναποδέ-

233 1511 391 1552 δεικται
421 1509 467 1552 δὲ
499 1510 567 1552 καὶ
598 1510 713 1553 Λευὶ
749 1508 818 1551 διὰ
855 1512 981 1552 τοῦτο
1011 1509 1093 1567 πρὸ
1126 1508 1173 1552 θ’
1207 1511 1310 1553 ἐτῶν
1344 1509 1475 1553 αὐτοῦ
1502 1514 1565 1570 τῷ
1594 1509 1667 1566 πβ’
1694 1512 1739 1561 ἐξ

232 1572 416 1636 ἆνάγκης
449 1581 663 1637 γεννηθεὶς
692 1582 769 1622 τοῦ
796 1577 950 1633 Ἰακὼβ
979 1577 1071 1623 ἔτει.
1131 1580 1201 1623 καὶ
1231 1579 1290 1623 ἔτι
1317 1577 1616 1638 πρὸς-τούτοις
1647 1582 1737 1624 ἐπι-

233 1647 452 1707 συνάγεται
483 1649 564 1708 πρὸ
596 1650 696 1693 δέκα
721 1653 799 1706 τῆς
825 1648 1019 1706 γενέσεως
1054 1650 1159 1693 ἐτῶν
1195 1654 1272 1694 τοῦ
1288 1652 1403 1695 Λευὶ
1426 1650 1795 1709 παραγενέσθαι20

328 1782 361 1817 1.
385 1780 493 1824 θᾶοοι
511 1782 555 1817 Β.
581 1780 718 1829 Θάῤῥα
739 1784 788 1820 G.
881 1784 917 1819 2.
942 1784 1015 1819 τοῦ
1037 1795 1103 1818 om.
1130 1784 1179 1818 G.
1274 1781 1324 1820 λε’
1348 1784 1424 1819 Bm.
1456 1780 1487 1819 λ’
1511 1785 1560 1819 G.
1665 1786 1738 1822 τοῦ

326 1829 409 1863 add.
434 1830 478 1865 B.
598 1831 632 1866 3.
660 1832 714 1872 εἰς
732 1831 802 1877 γῆν
825 1830 867 1865 Β.
902 1829 942 1867 ἐν
960 1832 1008 1877 γῇ
1028 1831 1075 1865 G.
1193 1829 1228 1867 4.
1263 1829 1365 1889 ,γι-ιβ’
1381 1844 1435 1873 ιιι.
1554 1834 1589 1870 7.
1613 1831 1669 1867 Ita
1689 1834 1733 1868 B.

324 1873 520 1922 ἐγέννησεν
536 1875 603 1914 τὸν
622 1876 741 1913 Ισαοὶκ
774 1876 814 1922 ἐξ
839 1876 1058 1925 ἐπαγγελίας
1080 1878 1130 1912 G.
1239 1879 1274 1914 9.
1297 1891 1341 1915 το
1366 1875 1411 1913 δ’
1430 1876 1526 1916 αὐτὸ
1547 1891 1592 1916 m.
1617 1881 1671 1928 τῷ
1693 1878 1734 1915 δ’

327 1919 432 1971 αὐτῷ
465 1925 513 1958 G.
639 1927 710 1963 τοῦ
734 1925 777 1960 Β.
803 1926 856 1973 τῷ
877 1926 923 1961 G.
1059 1927 1116 1961 10.
1142 1925 1260 1970 δῆλον
1282 1921 1367 1968 ὅτι]
1404 1927 1517 1972 Vulgo
1544 1925 1734 1972 δηλονότι.

398 1972 438 2008 ἐν
460 1965 488 2020 ᾧ
513 1971 592 2006 add.
616 1973 659 2008 B.
720 1984 723 1985 ⁷
790 1974 846 2010 15.
881 1971 961 2009 ἐπεὶ
982 1972 1058 2007 Bm.
1084 1970 1179 2008 ἑπτὰ
1197 1973 1245 2007 G.
1375 1970 1532 2013 ἔννατος
1551 1974 1594 2008 Β.
1618 1972 1659 2010 θ’
1685 1975 1735 2010 G.

399 2016 518 2055 αὐτὸν
538 2019 613 2054 Bm.
638 2018 767 2056 αὐτῶν
787 2021 833 2054 G.
930 2018 971 2055 δὲ
996 2030 1061 2054 om.
1081 2019 1127 2053 G.
1225 2021 1282 2055 18.
1305 2017 1379 2064 πρὸ
1398 2018 1440 2057 θ’
1462 2020 1556 2058 ἐτῶν
1575 2022 1618 2056 Β.
1642 2020 1738 2066 πρὸς

327 2061 369 2101 θ’
393 2064 488 2102 ἐτῶν
516 2068 558 2103 Α.
593 2066 690 2112 πρὸς
716 2065 758 2104 θ’
789 2066 896 2109 ἔτους
929 2068 977 2103 G.
1111 2067 1170 2102 19.
1202 2067 1288 2112 τοῦ]
1313 2068 1366 2115 τῷ
1389 2068 1435 2102 G.
1562 2067 1636 2105 ἔτει
1659 2069 1736 2107 Βιιι.

329 2110 393 2159 ἔτη
419 2114 468 2149 G.
570 2111 639 2161 ἔτι]
666 2113 739 2152 ἔτει
763 2115 840 2150 Bm.
940 2116 999 2151 20.
1024 2110 1116 2150 δέκα
1132 2114 1198 2160 τῆς
1214 2126 1260 2149 m.
1287 2112 1445 2163 δεκάτης
1464 2115 1512 2151 G.

330 2229 453 2265 Thura
493 2232 619 2266 aetatis
660 2231 915 2279 septuagesimo
952 2230 1075 2277 genuit
1098 2231 1294 2274 Abraham,
1319 2235 1500 2278 superstes
1529 2235 1644 2267 autem
1667 2233 1736 2269 fnit

237 2275 339 2311 annis
370 2278 437 2314 135
466 2290 579 2324 usque
605 2279 649 2313 ad
673 2279 890 2325 trigesimum
918 2279 1074 2325 quintum
1096 2280 1200 2313 Isaac
1221 2290 1358 2314 annum.
1415 2279 1471 2314 Εο
1499 2280 1626 2314 aetatis
1651 2292 1736 2316 suae

213 2331 216 2333 ’
237 2323 306 2359 145
333 2323 454 2359 relicto
488 2326 662 2361 Abraham
691 2326 819 2361 divinis
848 2326 955 2361 iussis
979 2327 1196 2372 obsequutus
1216 2326 1460 2372 peregrinatus
1477 2330 1532 2361 est
1554 2327 1591 2362 in
1606 2330 1736 2363 terram

237 2369 426 2414 chanaam
448 2384 489 2407 ac
506 2373 650 2418 primam
670 2373 806 2419 quidem
825 2373 935 2408 lucem
952 2373 1115 2419 adspexit
1133 2383 1222 2407 anno
1241 2373 1470 2416 mundis-3312,
1489 2378 1526 2408 et
1543 2374 1587 2408 ab
1603 2375 1735 2410 Adamo

234 2421 353 2452 creato
374 2429 463 2453 anno
483 2420 577 2456 3387
597 2420 799 2465 promissam
818 2424 948 2455 terram
962 2421 1062 2455 vitae
1081 2431 1166 2454 suae
1184 2431 1274 2454 anno
1293 2421 1340 2456 75
1359 2425 1415 2455 est
1433 2420 1624 2467 ingressus.

326 2465 499 2500 Abraham
518 2467 645 2501 aetatis
664 2467 850 2502 centesimo
865 2468 964 2502 iuxta
979 2468 1035 2503 dei
1056 2467 1214 2513 pollicita
1231 2466 1354 2512 genuit
1371 2467 1484 2502 Isaac.

328 2511 429 2547 Isaac
447 2513 576 2547 aetatis
593 2513 808 2559 sexagesimo
826 2515 950 2560 genuit
960 2515 1065 2549 Iacob
1080 2525 1170 2549 anno
1189 2513 1307 2548 mundi
1322 2512 1429 2557 3473,
1448 2514 1506 2560 qui
1525 2517 1604 2550 erat
1620 2514 1734 2549 Abra-

233 2557 314 2592 ham
340 2559 428 2602 161,
451 2559 558 2595 Iacob
589 2561 751 2596 Abrahae
779 2572 868 2595 anno
887 2563 975 2605 175,
1000 2573 1071 2608 quo
1093 2560 1245 2597 decessit
1264 2560 1368 2596 etiam
1385 2573 1406 2596 e
1428 2561 1540 2604 vivis,
1565 2565 1734 2608 quatuor-

234 2604 347 2640 decim
363 2605 407 2640 ad
425 2605 535 2641 minus
553 2612 630 2642 erat
649 2618 824 2642 annorum.

326 2652 434 2688 Iacob
461 2653 589 2688 aetatis
615 2654 826 2699 octogesimo
849 2654 998 2690 secundo
1018 2655 1141 2701 genuit
1161 2654 1270 2699 Levi,
1295 2657 1399 2701 prout
1415 2653 1482 2690 iam
1499 2652 1734 2700 praecedente

233 2701 454 2746 syntagmate
487 2700 760 2735 demonstratum
796 2704 861 2737 est.
920 2702 1055 2737 Novem
1090 2702 1262 2747 siquidem
1291 2713 1397 2736 annos
1425 2701 1518 2736 inter
1542 2700 1671 2746 Ioseph
1696 2703 1734 2735 et

232 2746 322 2782 Levi
349 2746 481 2783 natalia
505 2747 727 2795 interponere
746 2747 888 2794 penitus
897 2746 960 2782 'est
977 2748 1233 2791 necessarium,
1255 2760 1334 2783 eum
1350 2750 1431 2794 post
1447 2748 1538 2782 hunc
1557 2759 1666 2782 nonus
1683 2746 1732 2781 sit

233 2792 294 2828 ille
319 2793 470 2839 genitus.
517 2794 644 2841 Ioseph
676 2798 791 2829 autem
817 2795 1040 2840 nonagesimo
1069 2796 1180 2842 primo
1209 2796 1315 2830 Iacob
1343 2794 1469 2830 aetatis
1501 2799 1620 2829 natum
1638 2793 1733 2829 scri—

235 2845 341 2885 ptura
357 2840 533 2885 declarat,
557 2840 835 2888 quandoquidem
851 2841 928 2887 ipse
950 2842 1062 2888 patris
1080 2844 1170 2884 120,
1194 2853 1318 2878 annum
1335 2853 1443 2888 agens
1460 2842 1528 2886 30,
1552 2841 1597 2876 ad
1612 2840 1732 2876 mode—

234 2887 377 2923 randam
407 2890 605 2935 Aegyptum
633 2888 812 2931 evehitur;
837 2888 935 2923 simul
961 2900 1047 2924 vero
1080 2889 1181 2924 annis
1214 2900 1335 2924 novem
1361 2887 1479 2934 prior,
1503 2888 1615 2934 patris
1630 2886 1734 2923 nimi·

234 2944 310 2969 rum
339 2936 410 2978 82,
435 2935 524 2972 Levi
550 2939 652 2973 natus
674 2935 819 2971 indubie
843 2935 1040 2982 colligitur3
1063 2947 1106 2972 ac
1125 2936 1267 2984 insuper
1288 2935 1387 2972 annis
1409 2934 1528 2972 decem
1550 2938 1632 2970 ante
1645 2933 1732 2970 Levi
