1800 3236
261 167 365 218 428
690 201 693 202 ν
728 173 980 223 GEORGII
1007 174 1293 222 SYNCELLI

261 291 405 332 πᾶσαν
424 282 768 344 καταλαβόμενος
795 287 962 347 πολέμῳ
991 286 1068 345 τὴν
1099 287 1247 345 λοιπὴν
1269 286 1428 347 ἀρχὴν,
1467 284 1598 333 αὗτόν
1624 305 1669 333 τε
1691 288 1766 334 τὸν

256 355 489 415 Ἀστυάγην
509 357 616 413 μετὰ
633 357 839 415 κρατερὰν
865 355 1006 414 μάχην
1028 356 1410 422 προσφυγόντα,τῇ
1427 356 1504 402 ὕπ’
1532 358 1663 403 αὐτοῦ
1683 378 1767 403 τει-

225 428 460 487 Οχισθείσῃ
498 428 687 479 πλείονος
717 428 761 478 ἐξ
791 427 923 484 ὀπτῆς
958 429 1140 472 πλίνθου
1170 430 1239 472 καὶ
1270 427 1490 488 ἀσφάλτου
1522 432 1763 485 Βαβυλῶνι,

90 655 91 658 ’
107 655 152 691 V.
178 656 246 693 181

260 496 544 556 πολιορκήσας
579 495 828 555 ἐχειρώσατο
865 499 935 541 καὶ
975 497 1031 541 τοὶ
1070 499 1182 555 τείχη
1218 500 1478 555 κατέσκαψε,
1517 498 1767 559 φιλανθρώ-

261 587 352 622 πως
374 568 489 627 αὗτῷ
511 565 772 626 χρησάμενος
790 568 859 610 καὶ
873 565 1022 626 χώραν
1041 570 1296 626 Καρμανίαν
1320 569 1419 621 δοὺς
1439 569 1692 628 οἶκητήριον.
1771 574 1796 612 5

374 643 540 691 Ταῦτα,
581 639 708 696 φησὶν
721 635 968 695 ’Ῑώσηππος,
1005 640 1073 682 καὶ
1095 637 1324 697 σύμφωνον
1342 639 1424 696 {figet
1439 647 1532 692 ταῖς
1551 639 1771 698 ἡμετέραις

260 711 426 768 βίβλοις
449 708 527 765 τὴν
549 706 755 765 ἀλήθειαν
770 722 779 732 ·
816 708 1044 766 γέγραπται
1067 709 1146 767 γὰρ
1168 711 1210 754 ἓν
1235 709 1383 761 αὐταῖς
1405 709 1468 754 ὅτι
1488 713 1770 767 Ναβουχοδο-

261 778 400 837 νόσωρ
423 776 477 839 ιη’
495 783 572 836 τῆς
593 778 726 822 αὐτοῦ
744 781 961 834 βασιλείας
980 777 1058 823 ἔτει
1081 778 1155 823 τὸν
1179 779 1286 837 παρ’
1310 778 1410 836 ἡμῖν
1430 780 1533 825 ναὸν
1551 780 1766 839 ἠρήμωσε,

261 852 331 896 καὶ
350 845 401 907 ἦν
422 849 588 908 ἀφανὴς
603 850 667 892 ἐπὶ
687 848 756 906 ἔτη
780 847 829 894 ν’.
854 849 1032 910 δευτέρῳ
1049 851 1094 893 δὲ
1111 854 1186 906 τῆς
1199 848 1346 908 Κύρου
1360 851 1576 906 βασιλείας
1589 851 1665 895 ἔτει
1679 856 1765 911 τῶν

261 921 469 977 θεμελίων
486 918 832 976 ὖποβληθέντων,
856 918 890 971 ς’
901 918 1024 963 πάλιν
1042 925 1119 977 τῆς
1129 922 1314 978 Δαρείου
1326 923 1541 976 βασιλείας
1553 923 1764 979 ἐτελέσθη.
1780 929 1799 965 1

264 993 366 1036 εῗσὶν
397 986 472 1035 οὖν
506 990 560 1035 τὰ
594 990 674 1034 ἀπὸ
704 994 780 1033 τοῦ
812 988 872 1033 ιθ’
896 989 1016 1041 ἔτους
1031 989 1428 1050 Ναβουχοδονόσωρ
1449 991 1519 1048 ἴτη
1541 989 1610 1036 κε’.
1647 993 1770 1036 Εὖει-

226 1062 351 1107 mezo
384 1060 600 1119 Μαροδὰχ
631 1060 724 1104 υἷοῦ
749 1060 879 1104 αὐτοῦ
902 1060 972 1117 ἔτη
992 1058 1048 1116 β’.
1085 1060 1401 1120 Νιριγλησάρου
1421 1066 1614 1120 γαμβροῦ
1637 1062 1769 1106 αὐτοῦ

264 1132 336 1189 ἔτη
358 1129 388 1175 ε’
402 1165 416 1186 ,
454 1131 531 1175 σὺν
559 1137 648 1182 τοῖς
669 1128 716 1174 θ’
737 1133 840 1188 μησὶ
864 1135 941 1175 τοῦ
970 1128 1133 1182 παιδός.
1184 1130 1467 1188 Ναβοννήδου
1489 1137 1564 1176 τοῦ
1585 1135 1653 1176 καὶ
1671 1133 1770 1177 Ἀσ-

264 1199 452 1261 σουήρου
483 1202 669 1261 Δαρείου
701 1205 777 1244 τοῦ
816 1203 885 1245 καὶ
913 1199 1167 1257 Ἀστυάγους
1188 1202 1444 1258 καλουμένου
1481 1201 1552 1260 ἔτη
1574 1201 1636 1256 ιζ’.
1674 1201 1769 1247 Κύ-

266 1291 344 1333 ρου
366 1270 406 1316 α’
426 1272 539 1326 ἔτος,
579 1273 621 1315 ἐν
641 1265 674 1331 ᾧ
694 1273 762 1314 καὶ
783 1269 809 1328 ἡ
835 1269 981 1329 πρώτη
1003 1270 1150 1330 ἄφεσις
1169 1272 1342 1330 γέγονεν.
1382 1271 1489 1328 ὃμοῦ
1509 1272 1579 1330 ἔτη
1600 1271 1651 1319 ν’.
1781 1280 1799 1316 1

365 1341 416 1387 Ὅ
438 1343 581 1398 μέντοι
610 1341 816 1395 Εὐσέβιος
844 1341 917 1385 τὸν
944 1341 1174 1399 Ἀστυάγην
1206 1342 1290 1387 ἀπὸ
1314 1345 1438 1387 τοῦδε
1470 1348 1545 1387 τοῦ
1568 1344 1763 1388 Σεδεκίου

263 1411 520 1470 ἐστοιχείωσε
537 1410 846 1467 βασιλεύσαντα
868 1410 1035 1468 Μήδων
1055 1411 1125 1469 ἔτη
1146 1410 1226 1469 λη’,
1257 1412 1350 1470 ἤτοι
1372 1413 1456 1458 ἀπὸ
1476 1418 1551 1457 τοῦ
1573 1412 1628 1469 ιβ’
1649 1413 1769 1465 ἔτους

261 1480 661 1541 Ναβουχοδονόσωρ
689 1482 765 1533 ἕως
793 1487 869 1526 τοῦ
905 1481 934 1526 ε’
970 1482 1089 1534 ἔτους
1107 1482 1444 1542 Νιριγλησάρου·
1479 1482 1632 1528 τούτου
1663 1484 1711 1528 τὸ
1736 1481 1767 1528 ε’

261 1554 356 1606 ἔτος
388 1551 660 1612 λογισάμενος
682 1556 849 1611 πρῶτον
883 1551 975 1604 ἔτος
1000 1558 1077 1610 τῆς
1096 1551 1245 1611 Κύρου
1264 1555 1481 1610 βασιλείας
1497 1555 1541 1598 ἐν
1560 1559 1620 1614 τῷ
1641 1573 1770 1598 κανο-

261 1627 337 1687 νίῳ
357 1625 488 1669 αὐτοῦ
498 1657 511 1678 ,
545 1628 621 1681 τῆς
643 1624 688 1667 δὲ
710 1624 776 1667 ἐπὶ
799 1624 993 1668 Σεδεκίου
1018 1626 1304 1680 αῗχμαλωσίας
1325 1623 1425 1685 ἴτοςο
1435 1622 1501 1669 λα’
1512 1658 1528 1681 ,
1566 1626 1636 1670 καὶ
1657 1625 1764 1682 μηδ’
1779 1631 1800 1667 2

356 1739 392 1774 6.
414 1734 635 1782 Ἰώσηππος]
664 1736 799 1772 Contra
822 1735 948 1783 Apion.
974 1735 1017 1780 I,
1042 1737 1100 1774 21.
1125 1748 1162 1783 p.
1186 1735 1267 1772 452.
1295 1735 1398 1771 conf.
1422 1737 1555 1772 Euseb.
1579 1748 1615 1783 p.
1639 1735 1699 1773 34.

358 1785 422 1820 καὶ
448 1785 490 1819 B.
517 1785 598 1827 πῶς
615 1784 677 1820 καὶ
702 1785 751 1820 G.
846 1786 882 1820 7.
908 1779 966 1820 ὅτι
987 1781 1007 1820 ὁ
1034 1785 1082 1821 G.
1179 1786 1213 1820 8.
1238 1784 1304 1830 τῆς
1321 1783 1441 1821 αὐτοῦ
1452 1785 1492 1819 Β.
1510 1781 1768 1832 αὐτοῦτῆςῦ.

356 1833 427 1876 τῆς
457 1843 524 1867 om.
552 1833 595 1867 A.
734 1833 768 1868 9.
805 1830 965 1879 δευτέρῳ
985 1851 1028 1858 -
1057 1831 1130 1867 ἔτει
1157 1831 1199 1866 Β.
1235 1831 1416 1877 δευτέρου
1445 1851 1494 1858 -
1520 1830 1584 1878 ἔτη
1615 1832 1662 1866 G.

358 1882 416 1917 11.
443 1876 593 1915 εὕειλάδ
611 1879 654 1914 Β.
681 1875 829 1916 Εὕιλὰδ
848 1880 897 1914 G.
1019 1880 1076 1916 12.
1113 1877 1386 1927 νιρηγλησᾰρου
1409 1880 1453 1916 Α.
1570 1881 1625 1918 13.
1653 1879 1768 1923 Vulgo

357 1927 617 1975 Ναβοννίδου.
657 1925 876 1974 ναβονήδου
904 1927 946 1963 Β.
1066 1927 1124 1964 17.
1146 1925 1297 1971 Μήδων
1320 1938 1385 1962 om.
1409 1927 1458 1963 G.
1577 1925 1653 1963 ἀπὸ
1677 1926 1764 1971 τοῦ]

358 1976 430 2012 τοῦ
449 1986 512 2009 om.
533 1974 581 2010 G.
701 1976 757 2011 18.
793 1975 865 2012 τοῦ
887 1974 979 2023 Ναβ
993 1991 1035 2001 -
1061 1975 1112 2010 G.
1144 1974 1216 2012 τοῦ
1240 1986 1308 2011 om.
1329 1974 1372 2012 B.
1488 1970 1516 2011 ε’
1535 1985 1602 2010 om.
1624 1974 1674 2011 G.

359 2024 417 2061 19.
439 2022 591 2068 πρῶτον
612 2020 655 2057 Β.
679 2019 717 2057 α’
739 2022 787 2057 G.

266 2128 359 2153 anno
382 2118 425 2154 17
442 2117 558 2162 cyrus
576 2129 596 2152 e
612 2115 762 2152 Perside
780 2128 855 2152 cum
877 2116 1018 2164 copioso
1038 2116 1196 2152 exercitu
1217 2127 1400 2163 egressus,
1424 2118 1500 2151 toto
1525 2125 1664 2161 quaqua
1684 2125 1768 2149 ver-

267 2175 328 2199 sus
347 2164 532 2210 subiugata
549 2164 625 2199 eius
640 2164 787 2209 imperio
804 2165 938 2207 victor,
961 2165 1074 2210 ipsum
1092 2164 1231 2199 tandem
1249 2166 1450 2209 Astyagen,
1477 2162 1602 2197 amisso
1621 2161 1767 2207 praelio,

266 2211 449 2256 Babylone
467 2211 574 2246 muris
591 2223 611 2246 e
629 2211 738 2246 coctis
759 2211 929 2246 lateribus
956 2216 994 2246 et
1012 2210 1180 2245 bitumine
1196 2223 1217 2245 a
1239 2223 1278 2245 se
1302 2209 1563 2245 circumvallata
1590 2214 1777 2254 receptum,

269 2263 306 2293 et
326 2259 501 2292 obsessum
520 2258 637 2303 cepit3
664 2262 700 2293 et
714 2258 892 2293 moenibus
911 2257 1060 2300 dirutis,
1086 2268 1127 2292 eo
1145 2263 1248 2304 capto
1263 2257 1461 2292 humaniter
1480 2267 1565 2291 usus
1584 2261 1660 2299 est,
1685 2256 1769 2291 data

268 2305 315 2341 ad
334 2305 560 2339 habitandum
578 2305 785 2339 Caramania
807 2304 1000 2350 provincia.

362 2353 462 2387 Haec
478 2352 646 2397 Iosephus
662 2352 793 2386 refert:
818 2355 855 2394 et
876 2350 1082 2386 concordem
1106 2350 1211 2396 (ait)
1233 2350 1368 2386 obtinet
1383 2362 1402 2386 e
1423 2350 1553 2385 nostris
1580 2349 1679 2385 libris
1703 2361 1768 2384 ve-

266 2399 429 2442 ritatem,
453 2398 578 2445 quibus
593 2398 763 2444 legimus3
790 2398 1112 2434 Nabuchodonosor
1138 2410 1225 2433 anno
1244 2398 1348 2445 regni
1368 2399 1412 2435 18
1430 2397 1593 2444 templum
1613 2400 1767 2432 nostrum

266 2445 304 2481 in
324 2450 454 2481 terram
471 2445 642 2480 deiecisse
655 2470 667 2487 ‚
690 2444 786 2491 quod
803 2458 844 2481 eo
870 2450 973 2491 pacto
995 2457 1058 2491 per
1077 2457 1184 2481 annos
1201 2447 1248 2482 50
1269 2446 1381 2480 iacuit
1401 2456 1568 2480 eversum.
1616 2445 1769 2480 Restau-

265 2492 354 2529 ratis
375 2498 489 2528 autem
500 2492 587 2539 Cyri
603 2491 784 2538 regnantis
801 2504 892 2527 anno
909 2493 1061 2527 secundo
1076 2493 1322 2535 fundamentis,
1346 2493 1499 2528 secundo
1516 2503 1649 2527 rursum
1667 2490 1767 2525 Darii

267 2545 538 2575 consummatum
557 2539 635 2574 fuit.
684 2541 714 2574 A
730 2539 1054 2575 Nabuchodonosor
1070 2539 1180 2586 igitur
1201 2551 1291 2575 nono
1323 2544 1359 2575 et
1382 2539 1515 2575 decimo
1538 2539 1619 2573 anni
1637 2539 1684 2574 25
1702 2549 1768 2572 nu-

263 2591 460 2629 merantur;
480 2586 605 2622 Evilad
618 2586 812 2622 Merodach
829 2587 893 2621 filii
909 2587 985 2621 eius
1004 2588 1094 2630 duo;
1117 2586 1328 2633 Niriglesari
1347 2586 1422 2621 eius
1438 2586 1540 2621 leviri
1558 2585 1672 2621 anni5
1691 2596 1766 2619 cum

266 2646 403 2678 novem,
426 2633 554 2681 quibus
571 2634 663 2669 filius
679 2645 788 2680 regno
808 2634 939 2680 potitus
957 2637 1023 2677 est,
1042 2634 1234 2677 mensibus3
1259 2633 1476 2675 Nabonnidi‚
1501 2632 1561 2679 qui
1583 2637 1619 2667 et
1637 2634 1767 2667 Assve-

265 2694 327 2718 rus
347 2681 475 2718 Darius
489 2686 526 2716 et
547 2684 720 2727 Astyages
733 2686 973 2728 nuncupatur,
998 2683 1076 2716 anni
1099 2683 1152 2718 17.
1185 2684 1302 2717 Annus
1317 2681 1467 2727 denique
1477 2679 1565 2725 Cyri
1581 2691 1681 2722 unua,
1697 2690 1766 2726 quo

268 2730 380 2776 prima
399 2728 521 2776 populi
539 2729 635 2764 facta
652 2732 708 2763 est
728 2728 905 2771 dimissi03
930 2740 1072 2774 quorum
1094 2729 1242 2763 omnium
1262 2739 1390 2763 summa
1409 2731 1465 2762 est
1483 2729 1542 2764 50.

361 2777 538 2812 Eusebius
563 2787 669 2822 porro
695 2776 884 2822 Astyagem
906 2775 974 2810 iam
1002 2787 1023 2810 a
1044 2775 1214 2810 sedeciae
1237 2776 1452 2821 temporibus
1484 2785 1595 2820 regno
1616 2771 1767 2819 potitum

266 2822 461 2867 describit,
485 2824 538 2859 abv
560 2833 648 2858 anno
674 2822 831 2858 nimirum
850 2822 1176 2858 Nabuchodonosor
1194 2824 1240 2858 12
1268 2823 1315 2858 ad
1344 2821 1501 2869 quintum
1529 2832 1642 2865 usque
1660 2819 1767 2855 Niri-

269 2871 422 2916 giesari3
447 2875 527 2917 post
553 2870 630 2905 eius
658 2881 743 2905 vero
773 2874 981 2917 postremum
1009 2881 1156 2912 annum,
1180 2870 1319 2915 digesto
1341 2881 1364 2904 a
1387 2880 1426 2903 se
1451 2867 1644 2909 laterculo,
1667 2865 1767 2911 regni

270 2919 358 2966 Cyri
378 2918 524 2966 primum
543 2917 691 2955 ordinat.
739 2918 914 2954 Annorum
938 2921 1053 2954 autem
1070 2916 1205 2954 illorum
1224 2916 1392 2964 Astyagis
1407 2914 1642 2963 septendecim
1662 2925 1685 2949 a
1710 2925 1768 2949 re-
