1800 3236
216 145 320 195 744
467 186 471 190 .
813 151 1138 199 NICEPHORI

323 267 490 310 Τοῦτον
524 261 681 310 ἀνελών
711 262 734 309 ὅ
760 262 1034 322 Ἀλέξανδρος
1060 262 1082 308 ὅ
1112 261 1612 322 Μακεδόνων-βασιλεὺς
1651 268 1721 311 καὶ

216 335 412 380 καθελὼν
442 334 521 392 τὴν
549 340 635 380 τῶν
667 338 848 394 Περσῶν
881 333 1014 392 ἀρχὴν
1045 334 1310 388 ἐβασίλευσεν
1337 335 1408 393 ἔτη
1440 335 1491 391 ς’,
1529 337 1611 394 πρὸ
1642 342 1720 382 τοῦ

58 410 99 447 Ρ.
123 411 196 450 399
219 410 413 451 καθελεῖν
438 405 513 450 τὸν
533 407 716 464 Δαρεῖον
737 402 992 461 βασιλεύσας
1012 407 1142 463 φασὶν
1162 405 1232 462 ἔτη
1256 404 1329 461 ιβ’,
1367 408 1435 450 καὶ
1457 405 1719 464 ἐτελεύτησεν

213 478 258 522 ἐν
281 480 533 532 Βαβυλῶνι,
574 476 631 527 ὥς
652 493 806 535 φασιν,
847 476 950 520 ἐτῶν
968 472 1041 531 λε’,
1065 473 1122 528 ὥς
1138 477 1187 521 δὲ
1207 476 1351 533 ἄλλοι,
1376 478 1481 522 ἐτῶν
1500 475 1578 529 λς’.
1615 479 1719 534 ἐβα-

214 549 401 592 σίλευσεν
422 544 528 602 ὃμοῦ
551 545 621 604 ἔτη
643 544 711 603 ιη’.
1723 554 1747 591 5

315 615 514 669 Ὑπέταξε
534 618 579 661 δὲ
597 613 832 675 βαρβάρων
852 613 959 674 ἔθνη
982 611 1050 673 κβ’
1068 617 1138 662 καὶ
1162 617 1302 678 φυλὰς
1317 614 1525 677 Ἑλλήνων
1546 615 1612 680 ιγ’,
1649 620 1721 664 καὶ

214 685 452 744 ἐτελεύτησε
470 686 705 744 βασιλεύων
728 689 770 732 ἓν
788 689 981 745 Περσίδι.

311 755 445 814 Ὁμοῦ
477 757 532 802 τὰ
560 756 701 803 πάντα
729 757 812 803 ἀπὸ
830 757 967 815 Ἀδὰμ
1000 756 1078 810 ἕως
1105 763 1301 818 τελευτῆς
1326 755 1603 819 Ἀλεξάνδρου
1641 763 1718 804 τοῦ

208 826 477 875 Μακεδόνων
495 827 566 886 ἔτη
589 826 720 890 ,ερξζῖ

316 898 447 945 Μετὰ
479 900 524 943 δὲ
547 899 625 957 τὴν
643 896 921 958 Ἀλεξάνδρου
951 899 1148 957 τελευτὴν
1176 897 1400 958 Αῗγύπτου
1431 902 1501 945 καὶ
1521 899 1717 953 Ἀλεξαν-
1729 908 1775 944 10

212 970 353 1031 δρειάς
375 970 616 1026 ἐβασίλευσε
639 975 807 1028 πρῶτος
823 974 1091 1027 Πτολεμαῖος
1114 969 1136 1016 ὅ
1158 969 1314 1030 Λάγου
1339 971 1410 1029 ἔτη
1430 969 1490 1029 μ’.

316 1044 585 1097 Πτολεμαῖος
604 1039 626 1086 ὁ
653 1038 920 1099 Φιλάδελφος
937 1041 1007 1098 ἴτη
1029 1039 1109 1098 λη’.

310 1110 405 1155 Ἐπὶ
435 1109 589 1155 τούτου
623 1111 667 1155 αἳ
697 1110 804 1169 παρ’
823 1109 1034 1170 Ἑβραίοις
1067 1112 1173 1170 ἱεραὶ
1194 1113 1337 1168 βίβλοι
1358 1113 1415 1163 εἷς
1438 1111 1515 1168 τὴν
1535 1107 1719 1154 Ἑλλάδα

175 1180 361 1242 Βφωνὴν
379 1180 706 1239 μετεβλήθησαν
726 1183 796 1226 καὶ
816 1183 859 1226 ἓν
879 1188 972 1233 ταῖς
994 1182 1091 1226 κατ’
1108 1181 1421 1242 Ἀλεξάνδρειαν
1448 1182 1717 1240 ἁπετέθησαν

206 1250 507 1310 βιβλιοθήκαις
527 1253 592 1295 ἐπὶ
607 1250 804 1311 Ἐλεάζαρ
827 1251 1063 1311 ἀρχιερέως.
1729 1261 1776 1298 15

312 1326 582 1378 Πτολεμαῖος
604 1321 626 1368 ὅ
647 1322 880 1380 Εὐεργέτης
902 1322 972 1380 ἔτη
996 1321 1067 1368 κε’.
1099 1363 1101 1365 ,

310 1391 621 1449 Πτολεμαΐοςὸ
652 1390 912 1451 Φιλοπάτωρ
938 1393 1007 1451 ἔτη
1033 1390 1096 1447 ιζ’.

311 1467 583 1520 Πτολεμαῖος
604 1461 625 1508 ὅ
645 1463 877 1522 Ἐπιφανὴς
889 1463 1103 1520 Ἀντίοχος
1121 1461 1193 1521 ἔτη
1213 1460 1290 1516 κς’.

312 1534 383 1579 To}
403 1534 511 1578 κατὰ
530 1534 631 1587 τοὺς
651 1535 969 1592 Μακκαβαίους
989 1535 1055 1578 ἐπὶ
1077 1531 1232 1579 τούτου
1254 1533 1477 1594 γεγένηται.

311 1608 581 1661 Πτολεμαῖος
601 1603 623 1650 ὅ
649 1602 905 1663 Φιλομήτωρ
926 1603 998 1662 ἔτη
1019 1601 1090 1650 λε’.
1727 1617 1776 1654 20

311 1679 580 1732 Πτολεμαῖος
601 1673 622 1720 ὃ
644 1672 845 1734 νεώτερος
865 1674 936 1732 ἴτη
956 1672 1043 1721 κθ’.

310 1749 579 1803 Πτολεμαῖος
600 1743 622 1790 ὅ
645 1744 852 1790 Φούσκων
873 1745 943 1804 ἔτη
965 1742 1031 1801 ιζ’,
1068 1748 1206 1803 μῆνας
1232 1740 1281 1796 ς’.

301 1832 338 1872 4.
366 1833 459 1872 ἐτοῖν
480 1832 547 1882 λς’]
574 1834 682 1872 εἵπου
698 1832 752 1876 λς’
770 1834 816 1871 R.
922 1834 959 1872 5.
983 1831 1102 1881 ὁμοῦ]
1130 1827 1202 1871 οὖν
1220 1833 1267 1869 R.
1365 1832 1424 1869 18.
1444 1827 1634 1879 Ἀντίοχος
1651 1831 1717 1868 de-

300 1882 353 1918 let
376 1894 419 1919 m.
539 1884 595 1921 19.
619 1882 712 1925 τούς
735 1894 801 1920 om.
827 1881 876 1918 G.

303 1952 361 1988 Eo
382 1957 563 2001 perempto
589 1958 626 1989 et
652 1955 838 1990 Persarum
857 1952 1005 2000 imperio
1024 1964 1148 1988 everso
1175 1950 1377 1987 Alexander
1396 1951 1628 1987 Macednum
1652 1962 1716 1986 rex

208 2000 311 2041 annis
335 2003 359 2037 6
385 2001 573 2048 regnavit3⁴
592 2014 668 2037 cum
692 2007 774 2037 ante
799 2001 902 2036 Darii
931 2013 1050 2035 necem
1075 2000 1176 2035 annis
1210 1999 1415 2041 duodecim,
1448 1999 1568 2041 aiunt,
1600 2010 1716 2034 rerum

211 2048 342 2094 potitus
362 2048 502 2084 fuisset.
550 2049 754 2095 Babylone,
779 2048 963 2096 inquiunt,
987 2059 1095 2082 annos
1113 2051 1216 2082 natus
1233 2047 1280 2083 35
1298 2051 1454 2081 mortuus
1473 2051 1550 2088 est3
1576 2046 1635 2081 alii
1654 2058 1717 2081 ae-

206 2095 294 2130 tatis
322 2097 370 2132 36
399 2095 579 2132 interiisse
603 2097 794 2134 affirmant.
848 2095 958 2134 Annis
987 2096 1108 2142 itaque
1138 2093 1335 2130 octodecim
1360 2094 1398 2129 in
1431 2093 1632 2129 universum
1657 2105 1717 2128 re·-

207 2140 342 2188 gnavit.

261 2233 264 2236 y
303 2189 536 2226 Barbarorum
565 2190 724 2226 nationes
747 2191 795 2228 22
819 2193 857 2226 et
884 2190 1103 2226 Graecorum
1135 2186 1252 2224 tribus
1275 2189 1321 2226 13
1348 2186 1502 2233 subegit.
1548 2186 1580 2222 F
1580 2187 1715 2223 lorente

210 2235 357 2283 imperio
378 2236 414 2271 in
432 2237 579 2274 Perside
597 2239 705 2273 vitam
724 2238 852 2275 finivit.

303 2284 481 2319 Annorum
507 2285 551 2320 ab
579 2285 689 2322 Adam
718 2284 869 2321 omnium
895 2283 942 2321 ad
971 2281 1163 2320 Alexandri
1189 2281 1421 2316 Macedonum
1443 2280 1541 2327 regis
1569 2283 1715 2318 mortem

211 2342 343 2365 summa
364 2335 420 2366 est
438 2331 544 2368 5167.

305 2377 416 2414 Porro
434 2381 516 2424 post
531 2378 723 2414 Alexandri
737 2381 881 2414 mortem
899 2377 1054 2424 Aegypti
1077 2378 1114 2412 et
1134 2373 1369 2411 Alexandriae
1386 2386 1533 2421 regnum
1551 2375 1713 2413 obtinuit.

304 2425 442 2460 Primus
459 2425 680 2461 Ptolemaeus
699 2426 790 2471 Lagi
808 2425 900 2460 filius
919 2424 1018 2460 anuis
1031 2423 1092 2460 40.

302 2472 525 2508 Ptolemaeus
543 2472 794 2518 Philadelphus
813 2472 912 2507 annis
931 2472 990 2508 38.

305 2519 361 2555 Eo
383 2524 555 2566 regnante
572 2519 665 2554 sacri
675 2519 914 2555 Hebraeorum
929 2517 1010 2553 libri
1028 2518 1066 2553 in
1082 2518 1255 2553 Graecam
1273 2515 1426 2564 linguam
1450 2516 1605 2555 traducti
1631 2519 1713 2554 sunt

213 2569 251 2603 et
272 2566 444 2602 Eleazaro
461 2565 624 2614 pontifice
644 2566 682 2600 in
700 2565 956 2602 Alexandrinas
972 2565 1203 2602 bibliothecas
1222 2565 1366 2601 fuerunt
1384 2565 1500 2602 relati·

305 2614 527 2650 Ptolemaeus
543 2613 743 2660 Euergetes
766 2612 864 2648 annis
882 2614 942 2649 25.

306 2661 529 2697 Ptolemaeus
547 2660 754 2706 Philopator
777 2659 877 2695 annis
898 2660 956 2696 17.

307 2707 531 2743 Ptolemaeus
550 2707 701 2742 Illustris
724 2706 826 2742 annis
845 2708 905 2743 26.

306 2754 423 2790 Huius
440 2759 599 2802 tempore
622 2765 712 2801 quae
733 2754 778 2789 de
805 2751 1029 2790 Maccabaeis
1045 2755 1233 2792 narrantur
1250 2756 1366 2801 gesta.

307 2802 528 2837 Ptolemaeus
545 2800 760 2837 Philometor
782 2800 881 2836 annis
899 2801 958 2838 35.

306 2849 527 2884 Ptolemaeus
546 2848 666 2884 Iunior
689 2847 790 2884 annis
809 2849 866 2885 17.

307 2895 531 2933 Ptolemaeus
548 2895 689 2933 Phusco
704 2894 804 2933 annis
827 2896 893 2939 17,
914 2894 1089 2933 mensibus
1107 2897 1143 2933 6.
