1800 3236
603 129 1131 179 CHRONOGRAPHIA.
1489 134 1588 182 691

86 237 177 285 οἷον
196 239 246 285 τὸ
273 240 518 300 προρρηθὲν
546 238 628 286 ὑπὸ
657 246 736 286 τοῦ
758 242 931 301 κυρίου,
963 241 991 300 ἢ
1012 243 1129 303 παρὰ
1153 244 1292 302 βραχῦ
1319 245 1368 290 τὸ
1394 247 1650 308 φοβεριῦ-θ.

82 328 239 366 τατον,
278 309 336 364 ὥς
354 314 391 355 εἷ
410 311 595 356 δυνατὸν
614 314 981 370 σκανδαλισθῆναι
1008 315 1078 357 καὶ
1103 314 1204 366 τοὺς
1223 315 1448 368 ἐκλεκτούς.
1483 321 1591 378 πλὴν

83 379 238 433 πάντες
271 399 318 440 γε
346 379 673 438 κατεπτήχεσαν.
719 384 790 427 καὶ
818 385 967 428 πολλοὶ
994 384 1073 438 μὲν
1092 384 1252 437 εῧθὲως
1271 385 1348 443 τὴν
1372 405 1593 447 περιφανε-

84 452 239 509 στέραν
274 451 318 496 οἷ
344 452 423 509 μὲν
453 450 651 509 ἀπήντων
679 451 886 509 δεδιότες,
926 454 968 498 οἶ
986 455 1032 498 δὲ
1052 454 1370 512 ὃημοσιεύοντες
1396 455 1479 502 ὖπό
1505 465 1591 505 τῶν

52 520 277 581 5πράξεων
293 521 471 580 ἤγοντο,
511 523 551 567 οἳ
577 525 624 567 δὲ
646 521 728 568 ὑπὸ
750 521 835 568 τῶν
865 524 984 583 ἀμφ’
1015 524 1161 577 αὗτοῖς
1189 525 1459 585 ἆφείλκοντο,
1497 528 1593 574 ὄνο-

81 594 219 649 μαστί
234 610 278 636 τε
300 591 550 649 καλούμενοι
578 601 671 645 ταῖς
697 592 893 651 ἀνάγνοις
921 596 990 639 καὶ
1017 594 1197 654 ἀνιέροις
1214 598 1389 649 θυσίαις
1411 597 1593 658 προσῄε-

82 679 180 718 σαν,
214 663 254 706 οἳ
273 664 351 719 μὲν
373 663 604 721 ὠχριῶντες
623 666 692 708 καὶ
716 665 960 722 τρέμοντες,
995 663 1134 726 ὥσπερ
1158 666 1208 710 οὗ
1226 666 1457 723 θύσοντες,
1489 669 1593 722 ἀλλ’,

82 732 204 777 αὐτοὶ
221 731 402 788 θύματα
425 736 493 778 καὶ
516 733 677 793 σφάγια
709 742 798 786 τοῖς
821 734 1007 786 εἰδώλοις
1030 734 1243 792 ἐσόμενοι,
1288 735 1347 789 ὥς
1372 736 1455 783 ὖπό
1485 744 1593 784 πολ-

81 807 166 847 λῶν
183 807 261 850 τοῦ
283 809 562 863 περιεστῶτος
592 803 730 863 δήμου
763 804 916 862 χλεύην
938 806 1082 858 αὗτοῒς
1109 807 1384 866 ἐπιφέρεσθαι
1413 811 1482 853 καὶ
1513 810 1592 854 ἅλ-

23 881 70 918 10
81 877 183 925 λους
201 875 279 930 μὲν
301 872 405 918 εἶναι
431 874 539 933 πρὸς
564 873 727 927 πάντας
749 876 933 930 δειλοὺς,
970 874 1288 935 ὖποτρέμοντας
1308 880 1379 922 καὶ
1413 879 1520 939 πρὸς
1541 881 1590 925 τὸ

78 942 284 988 τεθνάναι
312 947 383 988 καὶ
409 945 517 1003 πρὸς
544 945 592 989 τὸ
627 950 787 989 θῦσαι·
826 947 866 990 οἳ
887 946 938 990 δέ
955 964 1060 998 τινες
1094 946 1350 1007 ἕτοιμότεροι
1379 957 1467 1001 τοῖς
1493 954 1626 1005 βω-Ῐ)

78 1021 177 1070 μοῖς
197 1016 502 1073 προσέτρεχον,
538 1014 840 1075 ἰσχυριζόμενοι
858 1021 911 1076 τῇ
931 1014 1174 1076 θρασύτητι
1193 1017 1240 1062 τὸ
1261 1020 1369 1075 μηδὲ
1388 1018 1592 1079 πρότερον

28 1096 33 1099 ”
79 1085 288 1144 γεγονέναι
316 1083 605 1143 Χριστιανούς
621 1100 631 1110 ·
668 1088 762 1145 περὶ
785 1080 844 1130 ὧν
865 1085 891 1144 ἡ
916 1091 992 1131 τοῦ
1016 1089 1162 1146 κυρίου
1182 1086 1414 1147 πρόρρησις
1430 1090 1592 1148 ἀληθε-

79 1153 216 1213 στάτη
243 1154 307 1199 ὅτι
331 1154 549 1208 δυσκόλως
568 1154 857 1213 σωθήσονται.
903 1161 989 1201 τῶν
1012 1158 1058 1201 δὲ
1078 1162 1235 1203 λοιπῶν
1264 1159 1305 1203 οἶ
1324 1160 1402 1216 μὲν
1424 1162 1589 1205 εἵποντο
1623 1199 1632 1209 „

23 1233 68 1270 15
81 1224 248 1278 τούτοις
266 1224 499 1285 ἑκατέροις,
541 1227 580 1270 οἷ
611 1227 875 1286 δὲῖφευγον,
916 1228 956 1271 οἳ
981 1228 1027 1272 δὲ
1049 1226 1284 1284 ἡλίσκοντο.
1332 1232 1403 1274 καὶ
1425 1228 1589 1275 τούτων

79 1297 120 1341 οἳ
139 1298 217 1352 μὲν
241 1295 336 1354 ἄχρι
356 1299 523 1353 δεσμῶν
543 1298 611 1341 καὶ
633 1302 826 1357 φυλακῆς
842 1296 1134 1357 χωρήσαντες,
1172 1300 1247 1342 καί
1260 1317 1367 1351 τινες
1394 1302 1591 1353 πλείονας

77 1365 240 1425 ἡμέρας
271 1367 623 1426 καθειρχθέντες,
673 1366 762 1412 εἶτα
806 1370 876 1412 καὶ
914 1370 1012 1426 πρὶν
1046 1369 1113 1412 ἐπὶ
1142 1367 1409 1428 δικαστήριον
1446 1372 1588 1415 ε’λθεΐν

78 1435 373 1494 ἐξωμόσαντο·
420 1437 461 1481 οἱ
491 1438 537 1481 δὲ
565 1439 635 1481 καὶ
671 1435 876 1494 βασάνοις
915 1439 979 1481 ἐπὶ
1017 1436 1154 1490 πόσας
1190 1438 1577 1498 ἓγκαρτερήσαντες,
1601 1444 1644 1480 V-
1669 1446 1740 1482 293

78 1507 186 1566 πρὸς
210 1507 258 1552 τὸ
282 1506 379 1565 ἑξῆς
400 1507 625 1552 ἇπείποντο
641 1522 651 1532 ·
690 1509 730 1551 οἳ
758 1509 805 1552 δὲ
831 1510 998 1568 στερροὶ
1022 1511 1091 1552 καὶ
1119 1507 1318 1567 μακάριοι
1340 1509 1484 1555 στύλοι
1508 1515 1587 1555 τοῦ

20 1579 226 1636 2οκυρίου
268 1579 604 1636 κραταιωθὲντες
633 1576 716 1622 ὑπ’
747 1578 903 1633 αὐτοῦ,
941 1580 1010 1623 καὶ
1039 1583 1117 1636 τῆς
1157 1582 1331 1638 ἰσχυρᾶς
1363 1581 1406 1624 ε’ν
1437 1580 1581 1631 αὐτοῖς
1605 1585 1648 1621 Ρ.
1668 1587 1739 1623 368

79 1650 261 1699 πίστεως
298 1646 505 1706 ἀνάλογον
547 1651 617 1692 καὶ
658 1649 779 1701 ἀξίαν
821 1647 998 1705 δύναμιν
1028 1651 1097 1693 καὶ
1125 1652 1346 1709 καρτερίαν
1384 1649 1586 1706 λαβόντες

78 1721 327 1776 θαυμαστοὶ
347 1718 560 1777 γεγόνασιν
579 1718 711 1763 αὐτοῦ
730 1724 808 1777 τῆς
828 1720 1046 1776 βασιλείας
1065 1717 1289 1779 μάρτυρες.
1337 1714 1396 1765 ὧν
1416 1725 1586 1780 πρῶτος

173 1833 211 1869 3.
234 1824 514 1878 κατεπτήκεσαν
534 1832 582 1869 G.
689 1833 724 1868 6.
750 1843 790 1867 τε
808 1843 873 1867 om.
893 1832 941 1866 G-
1053 1828 1236 1879 ἀνάγκαις
1260 1830 1325 1869 καὶ
1347 1829 1516 1881 ἀνιέραις
1533 1834 1583 1871 G.

243 1881 450 1928 προσίεσαν
470 1882 514 1916 A.
616 1879 675 1916 20.
701 1874 840 1925 αὐτοῦ]
869 1876 973 1928 αὐτῷ
993 1879 1041 1915 G.

79 1975 141 2009 aut
160 1974 290 2009 terrori
321 1973 526 2010 incutiendo
561 1984 628 2008 non
659 1973 795 2009 omnino
828 1973 1006 2016 absimile,
1030 1984 1120 2020 quo,
1146 1972 1177 2009 si
1204 1971 1282 2008 fieri
1311 1975 1452 2019 potest,
1477 1972 1582 2009 etiam

79 2020 184 2063 electi
197 2021 407 2056 ¹scandalum
427 2025 644 2068 paterentur.
694 2021 825 2056 Omnes
842 2021 966 2068 itaque
983 2025 1127 2068 stupore
1137 2022 1278 2056 insolito
1297 2020 1466 2067 percussi.
1515 2023 1583 2056 At-

78 2079 150 2115 que
169 2080 213 2103 ex
230 2068 300 2103 illis
320 2068 459 2115 quidem
481 2068 540 2114 qui
559 2067 735 2113 dignitate
756 2068 907 2104 caeteris
923 2068 1129 2115 praeibant,
1155 2067 1293 2115 quidam
1310 2068 1383 2103 solo
1401 2071 1495 2103 metu
1517 2067 1583 2102 ‹lu-

78 2115 130 2150 cti
152 2128 191 2151 se
210 2116 408 2151 offerebant
426 2116 530 2158 ultro,
556 2115 634 2150 aliis
653 2116 800 2151 omnium
819 2116 928 2151 oculis
947 2116 1100 2163 expositi
1120 2116 1274 2162 propriis
1300 2115 1434 2150 actibus
1453 2126 1584 2161 argue-

77 2162 230 2206 bantur,
254 2163 409 2198 nonnulli
436 2163 540 2198 etiam
558 2174 580 2197 a
614 2162 682 2197 sibi
710 2163 1008 2198 coniunctioribus
1030 2163 1281 2206 trahebantur,
1305 2174 1346 2197 ac
1374 2162 1418 2197 de
1446 2161 1582 2197 nomine

78 2210 209 2256 singuli
231 2211 350 2246 vocati
381 2209 426 2245 ad
443 2210 579 2257 impura
604 2211 823 2257 profanaque
848 2210 1027 2246 sacrificia
1049 2215 1284 2245 accesserunt.
1341 2209 1473 2244 Horum
1496 2220 1584 2243 non-

78 2257 165 2294 nulli
186 2258 310 2305 pallidi
329 2263 604 2304 trementesque,
629 2258 729 2303 quasi
753 2270 823 2293 non
841 2257 911 2304 ipsi
932 2258 1044 2294 sacris
1065 2256 1257 2304 operaturi,
1281 2256 1343 2292 sed
1362 2256 1460 2291 velut
1477 2255 1581 2291 victi-

78 2316 156 2339 mae
183 2306 303 2340 forent
330 2305 435 2340 idolis
461 2304 660 2340 immolandi
686 2305 1012 2351 conspiciebantur;
1035 2304 1124 2340 adeo
1151 2309 1192 2339 ut
1209 2315 1231 2339 a
1253 2303 1498 2339 circumstante
1513 2313 1580 2347 po-

78 2352 162 2398 pulo
202 2352 373 2388 conviciis
405 2356 682 2399 appeterentur,
718 2358 754 2387 et
783 2352 938 2388 imbelles
965 2352 1124 2399 vilesque
1143 2351 1246 2397 argui
1281 2351 1355 2387 sive
1382 2350 1469 2385 mori
1503 2349 1579 2384 sive

77 2399 256 2434 immolare
293 2404 487 2445 oporteret.
547 2399 619 2435 Alii
648 2400 813 2435 libentius
849 2404 1101 2446 procurrerunt
1129 2398 1175 2434 ad
1207 2410 1306 2440 aras,
1343 2396 1576 2450 perfrictaque

77 2446 197 2494 fronte
226 2446 447 2482 Christianos
474 2459 517 2482 se
536 2446 633 2493 prius
661 2459 729 2482 non
757 2447 869 2482 fuisse
900 2447 1174 2488 asseverabant3
1207 2446 1243 2481 in
1271 2445 1396 2492 quibus
1419 2442 1577 2478 vaticinii

78 2493 246 2528 dominici
275 2493 409 2529 veritas
439 2495 703 2540 comprobatur3
731 2506 798 2529 non
822 2494 890 2529 nisi
910 2493 1055 2529 difficile
1084 2492 1282 2529 salvandos.
1343 2491 1401 2526 Ex
1431 2490 1576 2535 reliquis

77 2540 117 2575 hi
140 2540 279 2588 quidem
296 2541 533 2588 sequebantur
553 2546 760 2576 memoratos
781 2546 969 2588 utrosque,
994 2540 1105 2588 aliqui
1122 2541 1227 2586 fugae
1249 2551 1288 2574 se
1307 2537 1575 2578 committebant,

79 2587 141 2622 alii
173 2588 323 2634 denique
351 2588 447 2634 capti
476 2587 741 2630 detinebantur3
775 2600 920 2635 quorum
943 2593 1041 2624 certe
1067 2587 1223 2623 nonnulli
1239 2597 1349 2631 usque
1368 2584 1413 2619 ad
1437 2583 1575 2637 vincula

78 2645 313 2682 carceresque
347 2639 617 2681 processerunt,
648 2635 787 2681 quidam
814 2635 917 2672 etiam
957 2635 1172 2670 diuturniore
1210 2632 1368 2668 custodia
1405 2629 1572 2684 conclusi,

77 2682 280 2728 priusquam
301 2682 345 2717 ad
367 2681 523 2718 tribunal
541 2688 752 2728 raperentur
764 2708 776 2726 ‚
800 2683 904 2719 fidem
924 2682 1171 2724 eiuraverunt3
1195 2679 1255 2715 alii
1272 2677 1450 2713 tormentis
1468 2681 1573 2711 etiam

79 2728 284 2776 aliquandiu
308 2729 484 2777 superatis
497 2728 668 2771 ,demum
689 2730 800 2765 animo
822 2742 866 2766 ac
886 2730 956 2765 fide
982 2729 1263 2775 desponderunt;
1288 2724 1452 2771 postremi
1472 2722 1574 2757 deni-

79 2787 151 2822 que
182 2777 281 2812 velut
303 2777 425 2812 firmae
451 2776 646 2823 felicesque
673 2776 801 2817 domini
828 2777 1005 2813 columnae
1025 2777 1075 2811 ab·
1091 2788 1132 2810 eo
1150 2773 1323 2814 roborati,
1350 2770 1460 2806 animo
1484 2769 1571 2804 viri-

76 2823 216 2870 busque
235 2823 412 2860 constanti
433 2823 585 2870 fortique
600 2823 684 2859 fidei
699 2824 994 2871 respondentibus
1014 2827 1227 2867 assumptus,
1254 2819 1409 2864 insignes
1429 2829 1471 2852 ac
1488 2827 1572 2872 con-

77 2870 190 2916 spicui
206 2871 310 2918 regni
336 2871 413 2908 eius
435 2875 608 2918 martyres
633 2882 676 2907 ac
699 2877 810 2909 testes
831 2875 1029 2908 evaserunt.
1076 2869 1207 2905 Eorum
1228 2867 1358 2914 primus
1376 2865 1445 2901 fuit
1464 2863 1570 2899 luha-
