1800 3236
234 129 339 180 466
691 134 951 183 GEORGu
978 134 1264 196 SYNCELLI

235 244 312 301 δύο
343 245 495 307 ὀρέων·
531 244 602 291 καὶ
631 242 715 291 εἷπε
744 243 849 306 πρός
869 260 945 304 με·
982 239 1104 290 οὗτοί
1122 247 1222 290 εἶσιν
1254 244 1327 297 οὓς
1357 244 1630 298 ἔξαπὲσταλκε
1660 244 1735 290 κύ-

235 335 324 378 ριος
342 321 419 363 τοῦ
437 318 699 375 περιοδεῦσαι
715 316 792 374 τὴν
809 321 899 374 γῆν.
937 318 1006 360 καὶ
1025 316 1314 374 ἀπεκρίθησαν
1332 321 1392 377 τῷ
1412 316 1568 376 ἀγγέλῳ
1587 318 1733 375 κυρίου

234 393 296 450 τῷ
327 389 530 448 ἔφεστῶτι
568 386 650 431 ἀντὶ
679 386 808 443 μέσον
837 390 923 430 τῶν
954 385 1084 444 ὀρέων
1113 388 1180 430 καὶ
1213 386 1354 431 εἶπαν·
1400 384 1735 445 περιωὸεύσαμεν

232 463 374 503 πᾶσαν
392 458 469 515 τὴν
485 461 575 514 γῆν.
613 458 682 500 καὶ
703 455 796 500 ῗὸοὓ
817 460 935 500 πᾶσα
952 453 978 512 ἦ
999 460 1052 514 γῆ
1070 463 1318 501 κατοικεῖται
1337 458 1405 501 καὶ
1421 454 1628 514 ἡσυχάζει.
1665 459 1734 500 καὶ

232 528 442 588 ἀπεκρίθη
477 525 498 571 ὁ
538 525 707 584 ἄγγελος
737 527 881 584 κυρίου
909 527 979 570 καὶ
1005 524 1115 570 εἷπε·
1153 525 1265 585 κύριε
1298 525 1615 585 παντοκράτορ,
1655 527 1762 578 ξ’ωςό

231 600 345 650 τίνος
379 597 428 642 οὗ
457 596 518 654 μὴ
554 594 725 656 ἐλεήσῃς
753 597 831 653 τὴν
846 595 1121 656 Ἰερουσαλὴμ
1142 599 1210 641 καὶ
1238 598 1314 649 τὰς
1332 596 1645 651 πόλειςἸούδα,
1683 596 1736 648 ἃς

230 667 440 728 ὗπερεῖδες
452 687 468 725 ,·
505 671 631 711 τοῦτο
660 667 708 711 τὸ
729 664 764 711 ο’
785 667 889 718 ἔτος.
928 671 1063 711 ταῦτα
1078 669 1121 712 ἐν
1140 671 1200 727 τῷ
1218 666 1416 727 προφήτῃ
1439 669 1635 729 Ζαχαρία
1659 667 1736 726 φέ-

194 746 350 798 Ορεται
367 738 474 783 κατὰ
493 737 542 782 τὸ
566 735 757 796 δεύτερον
778 736 870 789 ἴτος
889 738 1099 795 Δαρείου,
1139 736 1197 801 ὥς
1218 739 1261 782 ἐκ
1283 742 1359 782 τοῦ
1381 742 1610 789 λαλοῦντος
1630 738 1736 794 πρὸς

230 809 359 854 αὐτὸν
393 808 564 867 ἀγγέλου
591 808 697 867 πρὸς
720 805 861 866 κύριον
882 805 1106 866 λεγόμενα,
1145 808 1224 852 εἴτε
1248 806 1392 869 τρόπῳ
1413 808 1534 865 εὐχῆς
1557 809 1634 852 εἴτε
1656 808 1735 851 ἄλ-

229 884 306 938 λης
337 879 448 931 τινὸς
474 880 818 938 προσωποποιίας
842 871 966 938 χάριν
992 877 1347 936 οἶκονομήσαντος
1372 883 1447 923 τοῦ
1469 876 1732 937 ἇνεξερευνή-
1747 888 1792 923 10

228 968 304 994 του
327 954 432 995 θεοῦ
452 956 539 1001 τοῖς
561 950 773 1008 κρίμασιν,
811 947 911 993 ὅσον
933 948 982 992 δέ
997 967 1040 1006 γε
1057 947 1170 1006 ἡμᾶς
1190 953 1463 1006 κατανοῆσαι,
1505 951 1734 1006 δηλοῦντος

75 1028 122 1066 V.
146 1028 215 1065 196
232 1025 309 1065 τοῦ
337 1018 461 1078 λόγου
491 1019 566 1064 τὸν
598 1018 962 1076 ἕβδομηκονταετῆ
986 1017 1140 1078 χρόνον
1158 1019 1240 1077 ἤδη
1260 1023 1587 1078 πεπληρῶσθαι,
1626 1018 1734 1063 κατὰ

229 1091 304 1136 τὸν
338 1089 462 1148 λόγον
493 1090 638 1148 κυρίου
673 1090 743 1133 διὰ
773 1088 969 1147 Ἱερεμίου
1010 1091 1052 1133 ἐν
1073 1095 1132 1150 τῷ
1153 1089 1192 1133 α’
1213 1090 1291 1135 ἔτει
1317 1088 1491 1147 Κύρου,
1532 1088 1590 1142 ὥς
1609 1091 1734 1133 ἐκεῖσε

229 1161 516 1206 ἀποδέδεικται
537 1159 645 1204 κατὰ
665 1160 742 1217 τὴν
760 1164 845 1204 τῶν
867 1160 1253 1219 Παραλειπομένων
1273 1162 1341 1204 καὶ
1361 1165 1436 1204 τοῦ
1447 1159 1607 1219 ’Έσὸρα
1628 1178 1734 1218 γρα-

230 1230 330 1291 φήν.
367 1231 442 1275 τὸν
464 1231 509 1274 δὲ
530 1230 676 1275 λοιπὸν
696 1230 773 1274 ἀπ’
797 1231 951 1274 ἐκείνου
971 1228 1125 1289 χρόνον
1150 1231 1228 1282 ἕως
1250 1230 1367 1282 ἔτους
1385 1232 1571 1288 Δαρείου
1592 1231 1732 1274 ὅευτέ-
1750 1239 1790 1274 15

231 1319 308 1360 ρου
328 1299 696 1359 ἆμφιβαλλόμενον
725 1299 829 1345 εἶναι
849 1303 918 1344 καὶ
938 1299 1043 1358 μήτε
1062 1306 1138 1358 τῆς
1158 1303 1314 1353 τελείας
1334 1300 1581 1360 ἐρημώσεως
1601 1319 1733 1345 κατα-

229 1373 468 1429 λογίζεσθαι
485 1369 590 1428 μήτε
613 1375 688 1428 τῆς
699 1372 855 1423 τελείας
873 1370 1149 1428 ἆνοικοὸομῆς
1162 1386 1173 1396 ·
1196 1372 1260 1415 διὸ
1281 1374 1354 1415 καί
1372 1389 1514 1430 φησιν,
1529 1372 1606 1423 ἕως
1623 1373 1736 1423 τίνος

228 1441 305 1486 οὐκ
322 1439 501 1499 ἐλεήσεις
518 1441 596 1498 τὴν
610 1439 907 1500 Ἱερουσαλήμ;
944 1446 1068 1486 τοῦτο
1090 1442 1138 1486 τὸ
1165 1442 1255 1493 ἔτος
1279 1441 1614 1500 ἑβδομηκοστόν·
1641 1442 1732 1485 ἀντὶ

191 1517 311 1558 Βτοῦ
331 1514 480 1566 εἲπεῖν,
520 1511 598 1564 ἕως
623 1510 725 1556 πότε
756 1512 804 1556 τὸ
835 1511 1148 1570 ἑβδομηκοστὸν
1172 1518 1296 1557 τοῦτο
1323 1513 1415 1564 ἔτος
1435 1511 1733 1571 παρεκτανθή-

227 1598 346 1627 σεται
375 1582 425 1627 τό
455 1581 538 1640 ἤδη
568 1580 810 1642 παρελθόν·
849 1585 917 1627 καὶ
953 1583 1053 1640 οῦχ,
1091 1582 1148 1635 ὣς
1173 1601 1280 1635 τινες
1309 1581 1561 1642 ὑπειλήφασι
1572 1616 1586 1638 ,
1623 1582 1789 1627 κατάΞΟ

226 1670 320 1697 τινα
340 1653 672 1712 προσδιορισμόν
694 1650 1033 1711 συμπληρώσεως
1049 1653 1236 1712 ἀριθμοῦ
1257 1658 1342 1699 τῶν
1364 1652 1399 1698 ο’
1421 1655 1524 1698 ἐτῶν
1547 1654 1629 1698 ἀπὸ
1657 1658 1733 1710 τῆς

228 1723 517 1783 καθαιρέσεως
544 1722 817 1783 Ἰερουσαλὴμ
853 1725 922 1767 καὶ
955 1728 1031 1768 τοῦ
1066 1729 1171 1769 ναοῦ
1194 1724 1271 1776 ἕως
1294 1729 1369 1769 τοῦ
1394 1724 1589 1783 δευτέρου
1613 1723 1733 1775 ἔτους

319 1835 356 1870 2.
381 1833 447 1871 καὶ
469 1831 731 1882 ἀπεκρίθησαν
750 1857 797 1863 -
813 1837 941 1872 πᾶσαν
955 1834 1026 1882 τὴν
1047 1837 1119 1883 γῆν
1142 1848 1211 1874 om.
1229 1838 1277 1872 G.
1378 1836 1525 1884 κυρίου]
1551 1836 1668 1882 κυρίῳ
1687 1836 1730 1871 Α.

320 1882 356 1918 5.
382 1882 654 1931 παντοκράτωρ
679 1884 721 1919 Α.
816 1886 851 1921 6.
876 1882 1036 1932 ἐλεήσεις
1060 1885 1109 1923 G.
1213 1886 1249 1923 7.
1272 1880 1447 1930 ὑπερίδες
1469 1884 1512 1919 B.
1606 1887 1664 1920 11.
1689 1883 1732 1920 δὲ

319 1928 402 1964 add.
423 1929 466 1965 Β.
573 1932 630 1967 18.
655 1929 766 1973 ἐλεεῖς
790 1931 834 1968 Β.

226 2020 304 2063 vir,
330 2020 391 2068 qui
413 2022 532 2057 stabat
553 2022 645 2058 inter
666 2024 752 2059 duos
769 2027 926 2069 montes,
950 2027 987 2061 et
1009 2024 1100 2060 dixit
1123 2023 1168 2060 ad
1191 2036 1256 2063 me.
1302 2024 1367 2060 Isti
1386 2027 1493 2067 sunt,
1518 2036 1605 2071 quos
1637 2024 1732 2060 misit

226 2067 400 2111 dominus,
414 2072 456 2103 ut
474 2070 719 2116 perambulent
735 2076 889 2115 terram3
913 2076 950 2107 et
969 2085 1052 2108 ecce
1070 2073 1179 2107 omnis
1195 2077 1295 2107 terra
1314 2073 1492 2107 habitatur
1513 2077 1549 2107 et
1567 2072 1730 2118 quiescit.

226 2115 278 2150 Et
300 2116 483 2161 respondit
503 2117 648 2163 angelus
665 2118 795 2153 domini
819 2125 855 2154 et
875 2119 975 2154 dixit.
1022 2119 1168 2155 Domine
1195 2120 1409 2165 omnipotens
1423 2144 1434 2161 ‚
1458 2131 1637 2164 usquequo
1661 2131 1730 2153 non

224 2161 446 2197 misereberis
465 2162 685 2200 Hierusalem
709 2170 745 2200 et
765 2166 899 2200 urbium
916 2166 1023 2208 Iuda,
1049 2178 1136 2212 quas
1160 2167 1381 2212 despexisti?
1405 2166 1478 2200 Iste
1502 2170 1558 2201 est
1582 2170 1729 2212 septua-

225 2208 376 2253 gesimus
400 2221 520 2245 annus.
567 2211 668 2245 Haec
691 2212 783 2258 apud
806 2213 1012 2258 prophetam
1031 2213 1238 2247 Zachariam
1266 2212 1494 2247 enunciantur
1519 2224 1607 2247 anno
1626 2212 1728 2247 Darii

225 2255 377 2290 secundo
389 2281 399 2299 ,
423 2268 468 2290 ex
487 2269 636 2302 persona
652 2258 768 2304 angeli
790 2259 834 2293 ad
853 2259 1023 2293 dominum
1040 2260 1229 2305 loquentis,
1260 2260 1335 2294 sive
1355 2258 1521 2295 orationis
1541 2259 1616 2294 sive
1637 2259 1728 2295 alte-

224 2302 298 2336 rius
313 2302 419 2337 fictae
440 2315 610 2349 personae
631 2305 669 2339 in
688 2305 847 2347 modum3
871 2310 912 2340 ut
929 2311 1096 2351 quantum
1115 2318 1208 2341 mens
1230 2312 1351 2341 nostra
1373 2307 1481 2352 capit,
1502 2307 1605 2342 deum
1627 2308 1727 2342 cuius

223 2348 354 2384 iudicia
373 2361 472 2384 nemo
492 2355 610 2397 potest
626 2351 864 2397 perscrutari,
888 2352 964 2387 sine
983 2352 1113 2388 iudicio
1131 2353 1179 2388 nil
1198 2353 1384 2400 disponere
1403 2353 1613 2397 sentiamus3
1638 2365 1727 2388 una-

224 2407 294 2442 que
313 2407 503 2432 sermonem
533 2398 626 2432 hunc
645 2398 888 2441 manifestare,
914 2399 982 2434 iam
1005 2400 1179 2446 expletum
1208 2412 1374 2436 annorum
1401 2400 1624 2447 septuaginta
1643 2412 1727 2446 spa-

224 2442 312 2477 tium
337 2443 382 2478 ab
409 2455 497 2479 anno
517 2444 605 2489 Cyri
633 2446 766 2491 primo,
791 2444 890 2480 iuxta
917 2447 1045 2481 domini
1070 2448 1211 2483 verbum
1241 2459 1302 2484 ore
1321 2448 1523 2483 Hieremiae
1555 2450 1726 2494 quondam

224 2489 416 2536 prolatum3
439 2491 532 2537 quod
550 2491 586 2525 in
601 2492 842 2539 superioribus
864 2504 907 2527 ex
927 2493 1215 2540 Paralipomenon
1233 2500 1269 2531 et
1285 2495 1423 2530 Esdrae
1450 2494 1540 2530 libro
1567 2494 1727 2530 declara-

225 2535 358 2578 vimus;
382 2537 553 2584 reliquum
572 2550 655 2574 vero
672 2538 841 2585 temporis
861 2540 904 2574 ad
921 2539 1021 2576 Darii
1045 2542 1231 2577 secundum
1262 2554 1386 2578 annum
1409 2541 1507 2577 dubii
1526 2541 1611 2576 iuris
1634 2553 1726 2586 esse,

225 2582 318 2619 inter
336 2584 423 2618 duos
441 2584 587 2629 limites,
612 2585 665 2620 ita
685 2590 727 2621 ut
749 2598 862 2632 neque
887 2587 933 2621 ad
962 2587 1116 2624 civitatis
1141 2589 1313 2625 excidium
1339 2589 1448 2624 faciat
1479 2588 1726 2631 accessionem,

224 2641 340 2676 neque
356 2631 537 2677 perfectae
557 2644 692 2668 rursum
709 2632 784 2667 eius
802 2633 1016 2679 reparationi
1036 2644 1279 2679 accenseatnr3
1304 2649 1375 2683 qua
1403 2637 1448 2671 de
1471 2647 1578 2671 causa
1601 2635 1725 2670 merito

226 2676 326 2713 dicit.
375 2678 567 2726 Usquequo
598 2691 668 2715 non
699 2680 921 2716 misereberis
941 2681 1189 2718 Hierusalem?
1211 2683 1280 2719 Hic
1308 2694 1416 2719 annus
1443 2682 1724 2729 septuagesimus

227 2727 306 2767 est,
340 2736 416 2760 cum
453 2725 572 2762 dicere
603 2726 803 2762 debuisset:
837 2739 1019 2775 usquequo
1048 2731 1188 2766 tandem
1213 2730 1490 2777 septuagesimus
1521 2729 1579 2764 hic
1614 2740 1724 2764 annus

227 2769 295 2806 iam
315 2771 442 2808 dudum
460 2772 599 2820 elapsus
617 2774 873 2820 protendetur?
896 2775 998 2818 Non,
1024 2780 1063 2812 ut
1081 2778 1220 2823 quidam
1236 2778 1446 2825 opinantur,
1467 2787 1533 2823 per
1552 2776 1724 2822 quandam

227 2817 408 2865 adimpleti
437 2819 569 2857 numeri
589 2822 637 2857 70
665 2832 833 2857 annorum
865 2823 1202 2869 praescriptionem,
1226 2826 1270 2859 ab
1287 2823 1506 2860 Hierusalem
1532 2823 1726 2868 templique

227 2863 327 2901 clade
364 2866 410 2902 ad
449 2867 639 2905 secundum
664 2880 789 2905 annum
811 2869 935 2914 Darii,
966 2869 1052 2907 illud
1083 2872 1128 2907 ab
1155 2871 1281 2919 angelo
1310 2871 1419 2908 fuisse
1447 2871 1725 2918 pronunciatum.
