1800 3236
241 187 344 238 678
725 192 978 243 GEORGII
1006 193 1301 244 SYNCELLI

203 304 533 364 Βῧποῦεχθῆναι
561 305 618 357 εἲς
641 303 715 350 τὸν
740 303 853 351 οἶκον
871 309 1119 367 Παμβεκῷ,
1159 308 1229 351 καὶ
1258 311 1495 366 προγνῶναι
1524 310 1657 367 δῆθεν
1683 311 1754 354 διὰ

146 368 148 374 ⁴
239 383 320 435 τῆς
342 377 618 436 ἀστρολογίας
643 376 717 421 τὸν
747 377 982 434 Παμβεκὸν
1011 376 1075 422 ὅτι
1095 377 1149 435 ‘5⁷¹7
1171 376 1199 435 ἢ
1225 383 1302 423 τοῦ
1327 377 1525 429 Σανάνου
1554 381 1654 438 γονὴ
1688 383 1755 426 ἐπὶ

239 449 348 508 μέγα
377 448 646 503 εὐδαιμονίας
674 445 927 507 ἀρθήσεται.
972 449 1032 506 μὴ
1064 447 1169 505 ἔχων
1198 450 1244 493 δὲ
1273 439 1494 509 θυγατέρα
1517 449 1543 508 ἢ
1566 451 1754 511 ἀδελφὴν

239 519 268 577 ’ἢ
299 519 401 564 ἄλλο
434 518 542 577 πρὸς
566 516 683 578 γένος
721 517 1036 577 συναπτόμενον
1072 517 1270 577 γύναιον,
1320 522 1634 580 συγκατέκλεισε
1673 524 1752 580 τὴν

85 592 130 632 V.
155 594 226 635 287
243 592 356 640 ἰδίαν
373 588 558 648 γαμετὴν
576 593 637 649 τῷ
659 587 838 651 Σανάνῳ
849 624 863 645 ,
904 592 975 634 καὶ
996 594 1273 647 συλλαβοῦσα
1295 590 1403 640 ἔτεκε.
1432 592 1506 637 τὸν
1525 594 1782 654 Ἀρταξέρ-ὄ

240 666 329 718 ξην.
369 662 413 712 ἐξ
436 661 591 704 ἐκείνου
612 660 755 707 τοίνυν
778 666 855 706 τοῦ
868 661 1163 721 Ἀρταξέρξου,
1202 666 1280 706 τοῦ
1301 665 1370 707 καὶ
1387 662 1665 725 Ἀρταξάρου,
1703 666 1753 711 τὸ

237 729 442 793 Χοσρόου
466 728 691 794 κατάγεται
707 731 837 790 γένος.
874 733 1154 788 ἐβασίλευσαν
1178 734 1225 778 δὲ
1245 732 1401 787 οὕτως·

305 811 570 875 Ἀρταξάρης
581 847 595 869 ,
637 811 659 858 ὃ
678 816 748 862 καὶ
766 814 1058 876 Ἀρταξέρξης,
1098 815 1170 874 ἔτη
1192 813 1252 866 ιε’,
1291 822 1352 880 τῷ
1373 815 1562 880 τετάρτῳ
1581 816 1661 866 ἔτει
1679 823 1756 877 τῆς

382 886 601 941 βασιλείας
615 884 893 945 Ἀλεξάνδρου
920 892 997 934 τοῦ
1017 889 1281 946 Μαμμαίας.

311 953 524 1015 Σαπώρης
547 955 619 1014 ἔτη
646 954 729 1007 λα’,
1769 965 1800 1002 1(

201 1030 234 1065 C
307 1026 541 1084 Ὅρμίσδας
561 1025 654 1079 ἔτος
670 1027 728 1074 ἓν.

313 1095 570 1157 Οὗραράνης
590 1096 663 1155 ἔτη
680 1095 732 1156 γ’.

315 1167 513 1229 Οὖράκης
533 1168 603 1226 ἔτη
625 1166 689 1222 ιζ’.

312 1237 569 1299 Οὗραράνης
593 1238 722 1292 ἄλλος
740 1242 879 1298 μῆνας
900 1235 951 1289 δ’,

307 1314 490 1370 Ναρσῆς
510 1309 580 1367 ἔτη
603 1308 658 1368 η’.
1770 1323 1800 1361 1!

303 1381 538 1441 Ὅρμίσδας
559 1379 631 1440 ἔτη
649 1377 699 1432 ς’.

309 1450 524 1512 Σαβώρης
543 1451 614 1510 ἔτη
641 1450 692 1497 ο’.
729 1447 869 1513 τούτῳ
889 1449 1068 1497 δέδωκεν
1083 1448 1289 1508 Ἰοβιανός
1305 1449 1382 1509 τὴν
1404 1448 1592 1507 Νίσιβιν.

302 1523 513 1582 ,Ἀρταξὴρ
537 1522 608 1580 ἔτη
629 1519 682 1570 δ’.

313 1593 475 1654 ,Σαβὼρ
494 1594 586 1646 υἱὸς
598 1591 809 1654 Ἀρταξὴρ
834 1590 905 1651 ἔτη
929 1589 974 1637 ε’.

333 1707 372 1743 4.
407 1704 499 1744 ἄλλο
521 1719 566 1747 m.
590 1704 688 1754 ἄλλῳ
714 1707 763 1743 G.
887 1704 923 1742 6.
956 1702 1018 1750 τὸ]
1042 1704 1115 1742 τοῦ
1139 1705 1188 1742 G.
1325 1707 1362 1742 9.
1393 1704 1568 1752 μαμοιίας
1593 1704 1637 1740 Α.

337 1757 393 1792 13.
431 1752 633 1802 Οὖράκης]
668 1753 904 1792 Praecedenti
941 1750 1144 1799 ὁμώνυμος
1181 1763 1261 1788 esse
1288 1751 1419 1787 dicitur
1447 1753 1542 1800 apud
1572 1752 1758 1798 Agathiam

333 1814 369 1849 p.
390 1803 483 1846 260,
509 1804 566 1840 11.
588 1803 645 1844 ed.
666 1802 840 1838 Niebuhr.
865 1797 1096 1848 Οὕραράκης
1114 1803 1170 1836 est
1188 1800 1284 1835 infra
1304 1812 1339 1846 p.
1359 1801 1430 1838 385
1449 1801 1484 1838 b.
1592 1799 1650 1838 14.
1680 1798 1760 1838 Οὐ·-

335 1850 505 1897 ραράνης
528 1848 639 1892 ἄλλος
661 1851 786 1900 μῆνας
812 1847 846 1886 δ’
866 1849 1005 1885 correxi
1022 1860 1069 1884 ex
1090 1847 1258 1894 Agathia.
1284 1845 1505 1895 οὕραράνης
1530 1846 1614 1890 ἔτος
1635 1847 1670 1884 α’
1694 1845 1760 1885 ἅλ-

334 1902 400 1940 λος
419 1896 452 1934 δ’
471 1900 512 1933 A.
541 1896 772 1947 Οὕραράνης
794 1896 877 1939 ἔτος
895 1895 947 1933 ἕν.
973 1900 1089 1938 Axios
1108 1893 1334 1942 Οὐραροῖνης
1353 1895 1386 1932 δ’
1412 1897 1461 1930 G.
1559 1898 1616 1933 17.
1642 1897 1761 1942 Vulgo

335 1941 551 1997 Ιουβιανὸέ.
647 1945 718 1991 τὴν
738 1946 897 1995 Νίσιβιν
915 1956 959 1981 ex
981 1943 1138 1992 Agathia
1161 1955 1198 1993 p.
1218 1945 1303 1987 262,
1327 1946 1387 1983 22.
1408 1942 1504 1980 dedi.
1529 1942 1599 1981 τὸν
1617 1945 1759 1993 τζίβιος

334 1994 378 2031 A.
403 1992 649 2044 τὸν-Τζίβιον
674 1995 723 2033 G.

242 2089 390 2135 regione
410 2088 479 2126 iter
503 2091 664 2136 agentem
684 2091 721 2124 et
744 2088 913 2125 Pambeci
933 2087 1087 2135 hospitio
1109 2087 1298 2133 exceptum
1315 2086 1533 2133 astrologiae
1552 2087 1684 2133 regulis
1704 2087 1759 2122 se-

241 2136 344 2171 licem
365 2137 443 2172 fore
462 2138 665 2185 praenovit,
691 2140 728 2172 et
748 2138 825 2172 eius
842 2136 976 2184 prolem
997 2136 1043 2171 ad
1060 2147 1228 2172 summum
1246 2134 1493 2180 prosperitatis
1514 2135 1648 2171 culmen
1674 2147 1739 2182 pro

243 2183 448 2219 vehendam.
498 2184 673 2221 Pambeco
689 2184 784 2228 filia,
810 2196 928 2227 soror,
954 2184 1012 2220 vel
1030 2182 1098 2218 alia
1118 2181 1291 2229 sanguine
1312 2181 1501 2216 coniuncta
1518 2182 1643 2217 mulier
1663 2182 1759 2217 nulla

243 2235 346 2273 erat,
372 2243 476 2276 quam
500 2231 641 2267 Sanane
661 2232 843 2276 traderet3
868 2243 978 2279 quare
996 2229 1176 2278 propriam
1196 2241 1338 2265 uxorem
1357 2240 1434 2263 cum
1459 2241 1499 2263 eo
1516 2229 1680 2265 thalamis
1702 2230 1758 2264 in·-

244 2276 387 2313 cludere
403 2290 471 2316 non
498 2283 553 2313 est
570 2279 716 2316 veritus.
763 2280 831 2315 Illa
850 2278 1012 2326 concepit
1043 2279 1295 2319 Artaxerxem3
1320 2279 1357 2310 et
1375 2287 1417 2310 ex
1437 2276 1634 2313 Artaxerxe
1646 2303 1656 2320 ,
1681 2277 1759 2313 sive

243 2325 440 2369 Artaxare,
465 2325 633 2363 Chosrois
654 2327 841 2363 deductum
858 2339 981 2373 genus.
1031 2326 1110 2361 Hoc
1130 2328 1246 2359 autem
1268 2322 1391 2358 ordine
1415 2329 1668 2369 regnaverunt.

293 2384 507 2439 Artaxares3
529 2384 589 2430 qui
606 2388 643 2419 et
660 2386 871 2426 Artaxerxes
883 2411 896 2430 ,
920 2396 1012 2422 anno
1030 2382 1055 2422 4
1073 2382 1213 2436 imperii
1231 2381 1423 2421 Alexandri
1443 2383 1660 2422 Mammaeae
1679 2383 1757 2428 filii,

361 2433 527 2477 regnavit
551 2432 652 2466 annis
671 2434 728 2471 15.

293 2477 450 2525 Sapores
471 2477 573 2515 annis
595 2480 657 2517 31.

293 2525 480 2562 Ormisdae
501 2537 591 2561 anno
615 2537 698 2564 uno.

293 2573 476 2609 Uraranes
499 2573 597 2610 annis
620 2575 656 2611 3.

294 2619 432 2656 Uraces
456 2620 555 2656 annis
579 2621 636 2658 17.

294 2667 474 2705 Uraranes
497 2680 587 2704 anno
610 2679 694 2703 uno.

296 2715 396 2750 Alter
419 2716 600 2751 Uraranes
622 2715 722 2752 annis
745 2713 781 2755 4.

295 2762 435 2799 Narses
457 2763 557 2799 annis
580 2765 615 2800 6.

297 2810 481 2846 Ormisdas
505 2811 604 2846 annis
627 2812 661 2849 6.

297 2857 452 2892 Sabores
477 2857 577 2893 annis
601 2859 661 2895 70.
709 2855 805 2906 Huic
827 2854 994 2894 Iovianus
1019 2857 1163 2896 Nisibin
1182 2856 1339 2906 reliquit.

296 2904 449 2940 Artaxer
470 2905 568 2940 annis
590 2904 626 2941 4.

295 2951 411 2989 Sabor
434 2951 529 2992 filius
551 2953 704 2993 Artaxer
727 2952 829 2988 annis
851 2954 886 2991 5.
