1754 3236
183 211 253 260 76
655 209 907 258 GEORGII
935 206 1225 258 SYNCELLI

184 345 280 374 τινα
318 322 548 384 συνήθειαν
577 323 844 382 Ἑλληνικὴν,
881 315 910 381 ᾗ
941 323 1011 365 καὶ
1042 321 1082 365 οἳ
1106 316 1410 377 ’ἑβδομήκοντα
1445 315 1696 376 ἕρμηνευταὶ

192 396 384 455 ἑπόμενοι
414 395 548 447 οὕτως
566 397 783 449 ἐξέδωκαν,
821 393 881 450 μὴ
902 390 1074 436 εῗδότων
1095 389 1259 435 ἀκούειν
1279 390 1356 446 τὴν
1377 393 1455 446 τῆς
1474 385 1695 445 Αἰγύπτου

190 468 474 529 προσηγορίαν
495 471 580 511 τῶν
599 463 861 523 αι’τησάντων
874 463 950 514 τὰς
973 461 1193 520 ἑρμηνείας
1210 464 1296 506 τῶν
1316 459 1549 518 Ἑβραϊκῶν
1565 461 1696 501 θειῶν

188 543 389 598 γραφῶν,
426 538 528 595 λέγω
555 538 601 581 δὲ
619 535 889 591 Πτολεμαίου
918 532 1071 578 τούτου
1091 537 1166 576 τοῦ
1191 528 1531 590 φιλολογωτάτου
1558 532 1696 572 Φιλα-

190 611 346 668 δέλφου
379 610 447 652 καὶ
481 612 565 652 τῶν
597 606 714 665 ἀμφ’
750 604 901 659 αὐτὸν,
940 603 1038 647 ἀλλ’
1061 602 1087 660 ἢ
1109 601 1241 659 μόνον
1263 602 1483 659 Αἴγυπτον
1503 599 1585 644 ἀπὸ
1608 601 1726 648 Δι’-5

188 679 349 738 γύπτου
390 678 502 729 τινὸς
541 677 798 733 καλουμένου
829 678 904 719 τοῦ
935 674 1123 733 ἀδελφοῦ
1165 675 1343 718 Δαναοῦ
1370 668 1701 728 βασιλεύσαντος

192 753 259 794 ἐπὶ
287 754 363 807 τῆς
393 747 454 793 13'
489 750 736 799 δυναστείας
757 743 941 802 ἑβδόμου
975 744 1045 802 ἔτη
1069 742 1155 802 ξη’,
1188 742 1369 802 χρόνους
1382 741 1561 799 ’ὕστερον
1582 738 1700 798 ἐγγύς

73 825 114 860 P·
131 821 180 864 42
202 839 284 865 που
306 824 381 864 τοῦ
402 821 806 879 τετρακισχιλιοστοΰ
826 820 1026 873 κοσμικοῦ
1045 815 1178 870 ἔτους,
1204 813 1261 866 ὥς
1278 816 1403 858 ε’κεΐσε
1422 809 1711 868 στοιχειωθή-”

195 909 326 945 σεται,
349 894 425 934 τοῦ
445 891 513 933 καὶ
532 887 901 946 μετονομάσαντος
920 886 1008 944 τὴν
1023 888 1273 946 Μεστραιάν
1279 884 1427 945 χώραν
1445 886 1503 935 εἷς
1522 882 1569 927 τὸ
1591 882 1699 926 ἴδιον

195 962 330 1018 ’ὄνομα
350 960 585 1018 Αἴγυπτον.
1713 974 1754 1011 10

287 1041 477 1087 ,Τούτων
504 1043 549 1086 δὲ
571 1040 681 1086 οὕτω
703 1040 1000 1098 διειλημμένων
1029 1038 1129 1097 ἡμῖν
1147 1037 1419 1095 μετέλθωμεν
1443 1039 1511 1081 καὶ
1535 1038 1600 1081 ἐπὶ
1623 1035 1701 1092 τὴν

192 1116 381 1171 >,καθεξῆς
411 1113 492 1157 ἀπὸ
521 1117 597 1156 τοῦ
626 1116 926 1167 κατακλυσμοῦ
954 1116 1039 1155 τῶν
1057 1108 1223 1169 χρόνων
1247 1110 1503 1165 στοιχείωσιν
1527 1113 1579 1167 τῇ
1602 1108 1702 1169 θείᾳ

194 1189 337 1243 γραφῇ
357 1186 425 1228 καὶ
445 1191 533 1235 τοῖς
552 1181 799 1234 ἀκολούθως
812 1182 919 1241 αὐτῇ
929 1179 1143 1241 γράψασιν
1156 1181 1378 1239 ἱστορικοῖς
1396 1177 1600 1235 ἑπόμενοι.
1624 1196 1702 1234 με-

194 1255 250 1299 τὰ
267 1255 344 1313 γὰρ
359 1254 431 1299 τὸν
453 1253 746 1309 κατακλυσμὸν
766 1253 895 1304 εὐθὺς
917 1253 1107 1308 οὐδαμοῦ
1129 1249 1359 1308 δεδήλωται
1379 1251 1421 1294 ἓν
1445 1250 1553 1308 αὐτῇ
1575 1254 1702 1306 βασι-

196 1323 303 1377 λεύς.
340 1323 470 1382 μόνον
490 1326 534 1368 δὲ
555 1325 628 1369 τὸν
639 1328 736 1368 Νῶε
750 1322 1007 1382 ἡγεμονεύειν
1029 1327 1113 1367 τῶν
1133 1321 1285 1366 ἑαυτοῦ
1304 1322 1407 1366 υἱῶν
1421 1322 1490 1364 καὶ
1512 1325 1596 1364 τῶν
1611 1325 1701 1364 λοι-
1714 1328 1754 1366 15

196 1400 289 1440 πῶν
318 1394 559 1455 ἀνθρώπων
588 1396 642 1438 τὰ
667 1394 744 1438 ὅλα
766 1397 868 1454 φησὶ
890 1399 966 1451 τῆς
989 1397 1093 1451 ζωῆς
1120 1392 1250 1437 αὐτοῦ
1270 1392 1378 1449 μετὰ
1397 1391 1472 1436 τὸν
1490 1395 1704 1435 κατακλυ-

197 1466 306 1522 σμὸν
333 1466 403 1523 ἴτη
430 1464 507 1511 τν’.
545 1467 612 1509 καὶ
643 1466 739 1522 μετ’
775 1465 904 1509 αὐτὸν
932 1462 1082 1522 Erigat&
1111 1464 1202 1516 υἱὸς
1241 1464 1373 1507 αὐτοῦ
1396 1463 1605 1515 διεδέξατο
1625 1461 1703 1518 τὴν

161 1536 339 1595 Βᾶρχὴν
370 1537 440 1581 ἐπ’
475 1536 739 1594 ὀλιγανδρίας
770 1536 824 1580 τοὶ
866 1535 991 1580 λοιπὰ
1020 1540 1097 1593 τῆς
1120 1536 1226 1592 ζωῆς
1249 1535 1379 1578 αὐτοῦ
1399 1531 1475 1593 ρν’,
1515 1534 1583 1578 καὶ
1602 1533 1700 1589 μετ’

205 1606 334 1651 αὐτὸν
361 1604 629 1664 ἧγεμόνευσεν
641 1606 862 1665 Ἀρφαξάδ
894 1604 916 1653 ὁ
946 1605 1038 1658 υἱὸς
1063 1605 1194 1649 αὐτοῦ
1219 1606 1290 1662 ἔτη
1309 1602 1394 1663 λγ’,
1435 1602 1492 1655 ὥς
1513 1606 1705 1662 γίνεσθαι

198 1678 254 1722 τὰ
278 1676 416 1722 πάντα
445 1682 522 1735 τῆς
541 1675 762 1735 ἡγεμονίας
790 1677 929 1721 αὐτῶν
949 1681 1076 1736 τριῶν
1093 1676 1200 1733 μετὰ
1219 1676 1292 1721 τὸν
1314 1675 1611 1731 κατακλυσμὸν
1631 1674 1702 1732 ἔτη
1714 1685 1754 1720 20

200 1746 299 1808 φλδ’
310 1781 326 1803 ‚
364 1747 446 1792 ἀπὸ
483 1749 528 1792 δὲ
549 1753 625 1792 τοῦ
647 1747 917 1807 προπάτορος
934 1747 1070 1804 Ἀδὰμ
1093 1745 1246 1809 Ιβψοέ.
1284 1746 1392 1790 κατὰ
1413 1748 1459 1790 δὲ
1480 1746 1579 1797 τοὺς
1597 1743 1705 1803 χρό-

201 1836 301 1871 νους
333 1823 411 1863 τοῦ
436 1818 678 1878 Ἀρφαξὰδ,
715 1823 850 1880 μικρῷ
874 1817 1078 1878 πρότερον
1102 1818 1232 1863 ἔτεσιν
1254 1816 1359 1862 ἑπτὰ
1382 1821 1459 1875 τῆς
1477 1817 1610 1876 ἀρχῆς
1626 1817 1704 1860 αὗ-

299 1943 334 1978 1.
359 1941 397 1978 οἱ
421 1940 502 1979 add.
525 1954 570 1977 m.
670 1941 706 1979 4.
736 1942 964 1989 πτολεμαίου
990 1942 1032 1978 Α.
1065 1942 1138 1978 τοῦ
1161 1940 1401 1987 Πτολεμαίου
1426 1940 1475 1975 G.
1579 1941 1615 1976 9.
1651 1940 1707 1982 εἰς

297 1988 342 2026 τὸ
368 2001 411 2025 m.
436 1988 475 2036 ἐχ
491 1988 534 2027 vd
558 1991 601 2026 A.
625 1993 676 2038 Αχ
693 1988 736 2028 td
764 1991 814 2025 G.
884 1992 943 2028 20.
966 1991 1080 2037 τριῶν
1103 1991 1145 2026 Α.
1170 1994 1318 2037 τρισαῖς
1341 1989 1389 2025 G.
1472 1988 1531 2026 21.
1556 1984 1638 2035 φλγ’
1659 2000 1703 2023 m.

203 2085 273 2120 rat.
321 2084 505 2130 Aegyptus
524 2084 613 2120 enim
631 2085 769 2120 Graeco
788 2088 920 2120 tantum
938 2085 1085 2132 quodam
1101 2096 1165 2120 usu
1177 2109 1188 2127 ‚
1212 2095 1315 2130 quem
1339 2086 1376 2118 et
1403 2082 1630 2130 septuaginta
1645 2081 1706 2116 In-

203 2135 381 2212 terpretes
406 2132 548 2178 sequuti
575 2133 816 2175 tradiderunt,
845 2138 1087 2179 nuncupatum
1112 2132 1176 2167 sed
1206 2137 1243 2167 et
1269 2130 1416 2166 nominis
1442 2130 1608 2165 eiusmodi
1637 2141 1707 2176 ap-

204 2178 263 2224 pel
277 2178 445 2221 ationem,
468 2180 527 2226 qui
546 2192 723 2215 sacrarum
745 2192 788 2215 ex
805 2180 969 2216 Hebraeo
988 2190 1145 2216 sermone
1172 2179 1422 2225 scripturarum
1449 2177 1707 2224 expositionem

204 2226 454 2280 requirebant,
486 2227 707 2263 Ptolomaeus
736 2227 805 2263 iste
834 2228 912 2263 dico
940 2227 1134 2263 litterarum
1163 2226 1416 2263 amantissimus
1447 2225 1708 2271 Philadelphus,

206 2284 250 2308 ac
278 2272 433 2307 eiusdem
462 2274 634 2320 propositi
663 2276 819 2310 asseclae
843 2275 1073 2322 ignorabant3
1113 2287 1179 2310 nec
1202 2274 1269 2309 nisi
1296 2275 1340 2308 ab
1365 2277 1528 2319 Aegypto
1555 2272 1707 2318 quodam

206 2319 322 2355 Danai
341 2320 453 2355 fratre
471 2320 664 2366 Dynastiae
693 2324 735 2359 19
750 2348 761 2365 ,
791 2322 951 2369 principe
980 2324 1023 2366 7,
1057 2322 1155 2358 annis
1174 2321 1359 2368 sexaginta
1386 2328 1466 2356 octo
1488 2320 1705 2367 postmodum

208 2371 351 2412 sceptra
369 2367 547 2403 moderato
559 2394 570 2411 ‚
595 2368 688 2404 circa
706 2374 830 2416 quater
853 2370 1063 2406 millesimum
1080 2369 1200 2405 mundi
1223 2380 1347 2403 annum
1361 2394 1371 2411 ‚
1396 2371 1501 2414 prout
1518 2367 1567 2402 ibi
1584 2378 1706 2401 nume-

207 2413 316 2448 rando
333 2419 526 2458 statuetur,
553 2417 741 2462 eodemque
760 2417 959 2454 Mestraeae
976 2418 1130 2464 regionis
1145 2428 1267 2452 vocem
1285 2416 1320 2451 in
1344 2415 1522 2463 proprium
1550 2414 1618 2450 sibi
1642 2426 1707 2449 no·-

206 2471 287 2496 men
309 2462 537 2509 traducente,
564 2465 742 2511 Aegyptus
761 2465 931 2511 appellari
946 2466 1073 2512 coepit.

302 2521 368 2557 His
387 2522 438 2558 ita
459 2525 633 2560 succincte
651 2526 824 2569 tractatis,
848 2527 895 2562 ad
915 2539 1079 2562 annorum
1093 2526 1217 2562 seriem
1236 2524 1404 2560 diluvium
1423 2526 1707 2570 consequentem,

207 2580 332 2605 sacrae
349 2570 548 2616 scripturae
571 2584 612 2606 ac
631 2572 875 2609 historicorum
895 2575 963 2621 ipsi
985 2587 1137 2610 consona
1163 2573 1387 2608 scribentium
1404 2571 1566 2617 vestigiis
1583 2571 1707 2606 inhae-

207 2618 488 2672 rentem-stilum
510 2620 740 2655 traducamus.
789 2622 902 2656 Nemo
923 2634 1071 2668 namque
1090 2634 1111 2657 a
1126 2621 1225 2656 finito
1245 2619 1363 2655 statim
1391 2619 1522 2655 diluvio
1547 2618 1709 2664 tyranni-

208 2662 287 2699 dem
304 2664 403 2699 u111b1
420 2665 614 2712 arripuisse
631 2666 780 2712 legitur3
806 2669 914 2703 solum
937 2670 1015 2704 Noe
1035 2670 1071 2704 in
1090 2668 1250 2715 proprios
1267 2668 1358 2702 filios
1374 2679 1396 2701 a
1416 2666 1569 2713 reliquos
1597 2665 1709 2700 homi-

208 2722 273 2746 nes
297 2715 373 2746 tota
389 2723 452 2747 sua
469 2717 606 2756 aetate,
631 2713 728 2748 annis
749 2727 871 2761 nempe
896 2721 975 2762 post
1003 2715 1170 2751 diluvium
1196 2717 1268 2751 350
1296 2714 1477 2760 imperium
1507 2713 1710 2747 exercuisse

209 2763 496 2795 commemorant:
520 2760 612 2795 filius
631 2762 713 2796 Sem
732 2761 768 2795 in
793 2764 922 2808 exigua
950 2763 1120 2798 hominum
1148 2762 1368 2797 multitudine
1394 2761 1549 2806 regenda
1574 2764 1709 2806 patrem

209 2806 355 2862 excffpit
373 2807 523 2842 residuis
537 2808 632 2843 Vitae
652 2820 737 2843 suae
755 2810 854 2844 anuis
869 2811 948 2852 150,
966 2811 1064 2845 cuius
1076 2809 1263 2856 potestatis
1278 2810 1403 2843 haeres
1417 2807 1607 2854 Arphaxad
1617 2807 1710 2841 filius

210 2864 311 2888 annis
330 2854 377 2890 33
399 2854 553 2890 homines
583 2855 698 2898 rexit3
723 2859 831 2902 atque
850 2857 901 2892 ita
920 2858 1068 2904 triplicis
1092 2868 1212 2891 eorum
1236 2860 1314 2903 post
1337 2855 1500 2890 diluvium
1532 2854 1711 2889 exercitae

210 2900 249 2936 in
270 2901 426 2936 homines
443 2902 639 2948 tyrannidis
655 2904 737 2945 533,
762 2906 799 2938 et
819 2904 862 2939 ab
878 2904 1011 2940 Adamo
1037 2905 1145 2950 primo
1176 2908 1325 2950 parente
1352 2902 1432 2938 anni
1457 2902 1551 2939 2775
1577 2912 1711 2948 suppu-

211 2952 344 2986 tantur.
359 2949 552 2997 Arphaxad
570 2962 654 2987 vero
670 2950 903 2999 temporibus,
928 2951 1028 2988 anuis
1048 2957 1232 2999 autequam
1251 2951 1441 2998 imperaret
1461 2953 1616 2998 septem,
1643 2950 1711 2985 hoc
