1800 3236
218 170 324 219 690
705 150 959 222 GEoRGn
988 174 1276 222 SYNCELLI

217 283 493 346 ὑπαρχόντων
524 284 680 344 ὅμοίως
711 286 877 339 ε’κείνοις
906 284 971 338 οἷς
995 288 1064 331 καὶ
1092 289 1274 340 Παῦλος
1303 285 1592 348 ἐμαρτύρησε,
1631 289 1740 345 μετὰ

216 363 355 418 χαρᾶς
375 359 694 418 προσεδέξαντο.
740 360 810 402 καὶ
834 358 910 402 οὐκ
931 358 1023 417 ᾔδει
1043 375 1107 410 τις
1125 358 1234 416 πλὴν
1256 361 1293 402 εἴ
1312 357 1373 416 μή
1397 357 1480 404 πού
1502 377 1567 412 τις
1586 357 1643 412 εἷς
1665 361 1735 404 ἔκ-

219 429 358 475 πεσὼν
377 430 499 489 μέχρι
518 447 561 487 γε
582 427 735 473 τούτου
755 428 830 472 τὸν
852 427 998 487 κύριον
1020 427 1249 487 ἠρνήσατο.
1289 430 1399 474 ἀλλὰ
1422 432 1490 474 καὶ
1512 430 1592 488 τὴν
1622 436 1740 475 θαυ-

62 514 104 550 Ρ.
130 515 201 553 367
220 498 496 558 μασιωτάτην
519 500 621 543 ποτὲ
651 499 868 558 παρθένον
890 504 1118 558 πρεσβῦτιν
1136 499 1425 546 Ἀπολλωνίαν
1444 499 1735 557 διαλαβόντες,

221 571 320 623 τοὺς
349 572 426 627 μὲν
467 568 645 621 ὀδόντας
679 569 864 622 ἅπαντες
893 569 1118 622 κόπτοντες
1152 571 1230 622 τὰς
1252 570 1468 630 ’σιαγόνας
1508 570 1768 629 ἔξήλασαν,5

216 642 356 703 πυρὰν
382 642 427 685 δὲ
448 638 652 699 νήσαντες
680 641 762 701 πρὸ
784 645 861 699 τῆς
881 639 1041 693 πόλεως
1062 643 1200 696 ζῶσαν
1218 641 1418 699 ἠπείλουν
1441 641 1738 697 κατακαύσειν,

219 716 255 758 εἰ
283 712 344 770 μὴ
364 710 682 771 συμφωνήσειεν
716 712 862 764 αὐτοῖς
890 712 945 757 τὰ
975 717 1052 769 τῆς
1081 713 1274 769 ἀσεβείας
1314 711 1590 772 κηρύγματα·
1627 712 1654 771 ἧ
1691 713 1736 757 δ’

216 783 649 843 ὖποπαραιτησαμὲνη
667 783 808 842 βραχὺ
836 786 906 828 καὶ
931 782 1134 827 ἀνεθεῖσα
1161 781 1374 836 συντόνως
1394 782 1651 842 ἔπεπήδησεν
1681 787 1740 835 εἷς

216 855 266 900 τὸ
288 859 373 913 πῦρ
394 856 464 898 καὶ
487 855 826 914 καταπέφλεκται
840 869 850 879 ·
874 852 1137 914 Σαραπίωνα
1149 872 1194 899 τε
1214 853 1528 911 καταλαβόντες
1547 855 1739 914 ἐφέστιον

215 930 419 984 σκληραῖς
435 924 642 981 βασάνοις
673 924 934 981 αἰκισάμενοι
966 927 1035 970 καὶ
1063 923 1280 970 πάνταττὰ
1300 925 1447 985 ἄρθρα
1479 924 1737 970 διακλάσαν-
1753 932 1797 967 10

215 1015 284 1049 τες
315 996 397 1040 ἀπὸ
429 1000 507 1041 τοῦ
536 993 731 1055 ὖπεριῦου
756 1001 895 1055 πρηνῆ
919 997 1196 1056 κατέρραξαν.
1247 997 1424 1053 οὐδεμία
1458 997 1505 1041 δὲ
1527 995 1627 1049 ὁδὸς
1635 1031 1650 1052 ,
1688 997 1738 1041 οὗ

215 1065 456 1127 λεωφόρος,
499 1067 548 1111 οὗ
570 1067 784 1119 στενωπὸς
802 1066 902 1125 ἡμῖν
931 1066 1115 1125 βάσιμος
1138 1063 1214 1125 ἦν,
1256 1068 1306 1112 οὗ
1341 1067 1504 1123 νυκτὸς,
1547 1068 1596 1112 οὗ
1626 1066 1735 1124 μεθ’

178 1137 404 1197 Βῆμέραν,
445 1137 507 1182 ἀεὶ
531 1139 600 1182 καὶ
624 1143 843 1195 πανταχοῦ
874 1138 1045 1183 πάντων
1073 1137 1363 1197 κεκραγότων·
1401 1140 1438 1182 εἲ
1466 1139 1527 1195 μὴ
1554 1139 1608 1182 τοὶ
1632 1137 1739 1182 δύσ-

214 1207 339 1270 φημά
360 1226 424 1260 τις
443 1209 622 1266 ἀνυμνεῖ
646 1207 844 1268 ῥήματα,
881 1215 1034 1254 τοῦτον
1063 1209 1225 1261 εὐθέως
1251 1212 1336 1254 δεῖν
1368 1208 1584 1268 σύρεσθαί
1601 1227 1645 1254 τε
1668 1211 1739 1253 καὶ

213 1282 515 1339 πίμπρασθαι·
559 1282 629 1323 καὶ
660 1284 797 1324 ταῦτα
829 1279 896 1324 ἓπὶ
928 1280 1036 1325 πολὺ
1056 1281 1134 1336 μὲν
1154 1279 1318 1337 ἤκμασε
1339 1280 1387 1324 τὸ
1408 1285 1591 1339 πρῶτον.
1641 1283 1738 1324 δια-
1751 1287 1795 1324 15

215 1352 466 1407 δεξαμένους
497 1351 543 1394 δὲ
573 1350 674 1402 τοὺς
704 1341 930 1408 ἀθλίους-ἧ
958 1349 1107 1403 στάσις
1134 1354 1203 1395 καὶ
1221 1350 1404 1407 πόλεμος
1429 1349 1632 1410 ἐμφύλιος
1659 1352 1737 1408 τὴν

213 1422 323 1466 καθ’
345 1420 468 1479 ἡμῶν
493 1419 694 1478 ὠμότητα
712 1422 817 1481 πρὸς
842 1421 1053 1479 ἀλλήλους
1074 1422 1215 1467 αὐτῶν
1246 1423 1409 1482 ἔτρεψε.
1462 1424 1531 1466 καὶ
1561 1422 1738 1481 σμικρὸν

212 1494 290 1550 μὲν
313 1491 765 1552 προσαπεπνεύσαμεν,
806 1493 1010 1550 ἀσχολίαν
1044 1498 1121 1538 τοῦ
1145 1494 1252 1553 πρὸς
1272 1492 1386 1551 ἡμᾶς
1406 1497 1555 1550 θυμοῦ
1578 1492 1737 1550 λαβόν-

212 1577 324 1609 ‘nov’
363 1563 523 1615 εὐθέως
543 1564 589 1606 δὲ
617 1562 644 1621 ἦ
666 1569 743 1622 τῆς
762 1566 981 1621 βασιλείας
1004 1567 1158 1623 ἐκείνης
1182 1570 1259 1622 τῆς
1280 1565 1611 1624 ἐπιφανεστέρας
1634 1562 1736 1622 ἡμῖν

213 1634 430 1692 μεταβολὴ
464 1631 721 1692 διήγγελται,
760 1638 830 1679 καὶ
862 1637 993 1689 πολὺς
1025 1634 1047 1681 ὅ
1073 1641 1150 1694 τῆς
1185 1637 1260 1696 ἐφ’
1286 1634 1401 1693 ἡμᾶς
1425 1634 1561 1694 φόβος
1586 1635 1794 1680 {nave-20

214 1723 318 1751 τεινε
352 1706 402 1750 τὸ
427 1703 633 1764 κήρυγμα.
682 1710 753 1750 καὶ
774 1712 914 1767 παρῆν
934 1708 984 1752 τὸ
1005 1706 1260 1767 πρόσταγμα
1294 1707 1567 1763 αὐτοσχέδιον
1589 1709 1731 1762 εἰπεῖν,

306 1807 343 1843 3.
365 1804 509 1842 τούτου
529 1804 598 1843 τὸν
620 1817 663 1841 ex
683 1806 852 1843 Eusebio.
880 1808 997 1855 Vulgo
1010 1809 1161 1845 τοῦτον.
1256 1809 1293 1845 5.
1319 1805 1501 1853 ἅπαντες]
1526 1803 1674 1849 πάντας
1686 1808 1734 1843 G.

373 1857 408 1891 6.
441 1854 634 1900 νήσαντες]
664 1851 835 1900 ἅψαντες
859 1856 900 1891 Ρ.
1021 1858 1056 1895 7.
1082 1854 1107 1903 ἣ
1126 1855 1176 1905 δή
1193 1869 1271 1893 που
1289 1854 1602 1906 παραιτησαμένη
1624 1855 1672 1890 G.

307 1901 342 1937 8.
362 1902 582 1984 fzgtdvms]
607 1901 803 1950 συντόμως
823 1905 870 1940 G.
991 1907 1027 1942 9.
1058 1906 1122 1952 τε]
1157 1903 1200 1942 δὲ
1221 1906 1270 1940 G.
1402 1907 1460 1942 18.
1488 1903 1667 1949 ἀσχολίαν
1691 1900 1734 1939 δὲ

304 1962 376 1987 τον
441 1976 451 1988 .

210 2033 298 2068 bant
322 2032 477 2078 fratres,
513 2033 755 2081 bonorumque
785 2033 1038 2081 direptionem,
1068 2032 1113 2070 ad
1140 2034 1255 2070 instar
1280 2046 1399 2070 eorum
1426 2033 1554 2082 quibus
1581 2035 1734 2069 attesta-

211 2084 270 2114 tur
295 2080 453 2124 Paulus,
481 2093 557 2117 cum
576 2082 706 2127 gaudio
735 2083 971 2118 sustinebant.
1021 2082 1104 2118 Nec
1133 2083 1237 2126 novi,
1270 2083 1339 2118 nisi
1365 2083 1485 2118 forsan
1515 2093 1557 2116 ex
1577 2081 1728 2116 millibus

213 2137 336 2171 unum,
361 2127 421 2174 qui
444 2128 516 2164 fide
537 2129 657 2176 lapsus
684 2130 867 2177 hucusque
888 2130 1061 2166 dominum
1085 2130 1285 2176 negaverit.
1336 2131 1405 2166 His
1427 2130 1519 2165 adde
1541 2129 1732 2164 mirandam

212 2185 257 2211 ea
286 2178 403 2210 aetate
432 2176 606 2223 virginem
637 2177 809 2213 seniorem
844 2178 1088 2224 Apolloniam,
1125 2179 1182 2213 cui
1216 2190 1293 2213 cum
1325 2178 1450 2214 dentes
1482 2175 1733 2219 excussissem,

214 2221 374 2256 maxillas
389 2223 494 2258 etiam
517 2224 753 2270 effregerunt,
778 2237 938 2273 rogoque
964 2231 1046 2261 ante
1069 2226 1248 2261 civitatem
1276 2227 1441 2267 incenso,
1466 2224 1536 2259 nisi
1565 2224 1733 2270 blasphe-

213 2268 278 2303 mis
297 2268 487 2315 impietatis
506 2272 625 2306 verbis
654 2273 908 2316 assentiretur,
933 2274 1050 2308 vivam
1081 2286 1119 2308 se
1143 2273 1386 2308 combusturus
1414 2271 1537 2307 minati
1564 2276 1667 2314 sunt3
1693 2274 1733 2306 at

207 2315 270 2351 illa
298 2317 412 2362 petita
443 2319 623 2363 cogitandi
651 2331 772 2364 mora,
807 2321 875 2355 sibi
903 2320 1052 2365 relicta,
1086 2321 1181 2355 celer
1208 2319 1379 2366 inignem
1401 2319 1561 2355 insiliens
1581 2318 1730 2354 flammis

212 2369 416 2409 consumpta
445 2370 507 2400 est.
558 2366 785 2413 Serapionem
808 2379 948 2414 quoque
975 2367 1176 2413 indigenam
1197 2367 1294 2401 duris
1318 2366 1500 2402 tormentis
1527 2367 1730 2408 cruciatum,

212 2411 438 2457 omnibusque
454 2412 616 2447 membris
635 2414 852 2449 confractum
865 2414 1096 2461 praecipitem
1114 2427 1134 2448 e
1150 2414 1340 2450 coenaculo
1352 2415 1592 2450 detruserunt.
1619 2413 1732 2449 Nulla

211 2469 297 2493 vero
316 2458 377 2494 via
389 2483 407 2501 ‚,
425 2459 523 2494 nulla
543 2459 685 2506 platea,
711 2461 823 2495 nullus
844 2461 1051 2508 angiportus
1067 2490 1074 2503 ,
1100 2463 1206 2496 noctu
1229 2462 1286 2497 vel
1308 2463 1465 2498 interdiu
1485 2474 1506 2498 a
1526 2462 1628 2497 nobis
1649 2465 1729 2496 tuto

211 2509 353 2552 poterat
370 2507 574 2552 peragrari,
599 2507 735 2543 cunctis
762 2508 853 2543 omni
882 2513 1039 2554 tempore
1059 2509 1209 2556 locoque
1231 2509 1382 2546 clamore
1403 2511 1605 2558 importuno
1626 2508 1729 2542 inse-

211 2553 421 2600 quentibus3
446 2554 514 2589 nisi
538 2554 616 2601 quis
632 2554 810 2602 religiosis
829 2556 947 2591 verbis
969 2556 1072 2591 fidem
1091 2557 1329 2593 Christianam
1347 2558 1502 2599 laceret,
1528 2558 1623 2591 hunc
1643 2566 1729 2590 con-

210 2601 331 2636 festim
357 2602 394 2637 in
413 2601 577 2637 iudicium
604 2602 698 2637 trahi
726 2607 762 2638 et
785 2603 868 2649 igne
896 2604 1051 2640 consumi
1081 2616 1227 2641 necesse
1246 2608 1311 2640 est.
1362 2606 1480 2653 Atque
1498 2603 1568 2638 ista
1588 2602 1728 2650 quidem

212 2648 277 2683 sub
296 2648 399 2684 initio
427 2648 619 2684 violentius
647 2655 729 2684 sunt
763 2653 945 2696 grassata3
972 2663 1064 2698 quae
1092 2656 1206 2688 tamen
1226 2653 1370 2688 miseros
1399 2662 1572 2698 excepere
1596 2651 1727 2686 seditio

212 2698 250 2731 et
279 2696 406 2732 bellum
437 2696 636 2733 intestinum
658 2698 850 2733 exercitam
871 2699 968 2745 prius
991 2699 1028 2734 in
1059 2712 1123 2735 nos
1148 2700 1185 2735 iu
1207 2699 1371 2747 proprios
1394 2699 1543 2734 invicem
1560 2702 1726 2733 auctores

210 2742 390 2779 feritatem
419 2744 604 2782 convertit.
652 2744 731 2779 Hoc
753 2749 858 2791 pacto
890 2746 1092 2793 respirandi
1118 2751 1256 2794 tempus
1283 2759 1486 2783 concessum
1506 2749 1584 2788 est,
1610 2758 1652 2781 ac
1671 2745 1727 2780 in·-

211 2801 336 2825 census
353 2791 390 2826 in
406 2804 469 2827 nos
491 2792 591 2828 furor
611 2792 747 2839 recepit
763 2793 997 2829 intervallum.
1047 2794 1200 2830 lllucens
1222 2798 1339 2830 tamen
1363 2793 1511 2830 mitioris
1531 2793 1630 2828 illius
1655 2793 1726 2828 Iin-

211 2837 305 2884 perii
323 2838 432 2874 facies
453 2839 570 2875 subita
598 2841 788 2876 mutatione
812 2841 1002 2876 nunciatur
1026 2842 1281 2885 obtenebrata3
1305 2843 1542 2889 frequensque
1560 2839 1725 2887 repetitis

210 2883 311 2920 minis
339 2886 444 2922 timor
472 2886 633 2922 incussus
649 2887 704 2923 rei
728 2888 852 2923 crebro
875 2889 1002 2924 nuncio
1022 2889 1229 2936 divulgatae
1251 2890 1447 2937 praebebat
1469 2891 1723 2934 argumentum.

209 2930 355 2980 Iamque
386 2933 478 2971 ultro
507 2935 707 2971 mandatum
735 2935 883 2979 aderat,
915 2935 1030 2984 ipsum
1054 2937 1106 2974 ita
1130 2937 1244 2973 dicam
1273 2949 1295 2974 a
1318 2936 1457 2973 domino
1490 2935 1721 2984 praedictum,
