1800 3236
234 164 342 214 702
704 169 960 217 GEORGII
989 169 1280 218 SYNCELLI

233 287 308 336 Ἐκ
344 293 425 348 τῆς
452 286 709 355 Διονυσίου
746 288 862 348 πρὸς
892 287 1074 348 Φάβιον
1103 289 1338 351 ἐπιστολῆς
1375 290 1491 338 κατὰ
1520 291 1759 340 Ναυάτου.

330 375 407 421 ’Ἑν
432 377 483 421 δέ
499 393 567 422 σοι
594 381 722 421 τοῦτο
741 374 1009 436 παράδειγμα
1032 379 1138 438 παρ’
1158 377 1261 437 ἡμῖν
1285 380 1554 438 συμβεβηκὸς
1572 379 1761 439 ἐκθήσο-

231 462 335 506 μαι·
373 449 607 508 Σαραπίων
635 465 700 499 τις
720 443 773 504 ἦν
795 448 901 507 παρ’
925 446 1028 510 ᾗμῖν
1059 450 1234 506 πιστὸς,
1273 452 1406 510 γέρων
1435 451 1656 508 ἄμεμπτος
1683 454 1760 509 μὲν

230 519 307 564 τὸν
332 520 468 564 πολὺν
489 516 723 574 διαβιώσας
743 516 924 576 χρόνον,
964 521 1008 567 ἐν
1038 522 1084 564 δὲ
1106 526 1167 582 τῷ
1199 527 1420 583 πειρασμῷ
1443 523 1582 567 πεσών
1612 518 1752 578 οὗτος,

231 588 434 642 πολλάκις
465 590 597 634 ἐδεῖτο
631 591 700 633 καὶ
732 589 868 642 οὐδεὶς
897 599 1115 650 προσεῖχεν
1145 593 1288 653 αὐτῷ·
1336 596 1406 638 καὶ
1437 594 1519 652 γὰρ
1551 593 1786 639 &affluas

70 668 112 703 Ρ.
137 664 211 706 374
236 662 280 706 ἓν
305 659 418 722 νόσῳ
444 661 489 704 δὲ
519 658 740 719 γενόμενος
775 666 905 720 τριῶν
936 661 1031 720 ἑξῆς
1057 661 1226 721 ἡμερῶν
1249 663 1420 723 ἄφωνος
1439 667 1521 709 ,καὶ
1545 665 1761 723 ἀναίσθη-

181 766 186 772 ,
234 750 309 785 τος
340 732 555 776 διετέλεσε.
604 731 744 790 βραχὺ
769 733 816 776 δὲ
841 732 1094 792 ἀνασφήλας
1125 739 1177 794 τῇ
1209 734 1391 794 τετάρτῃ
1418 738 1758 795 προσεκαλέσατο

232 803 308 848 ’τὸν
329 804 633 861 θυγατριδοῦν.
673 804 743 846 καὶ
762 803 884 862 μέχρι
904 806 1040 859 τίνος,
1067 809 1210 864 φησὶν,
1240 801 1274 851 ὦ
1300 807 1444 851 τέκνον
1462 826 1515 863 με
1539 807 1759 864 κατέχετε,-

234 874 385 931 δέομαι
419 872 628 918 σπεύσατε
659 875 734 918 καί
758 892 811 930 με
839 879 1005 920 θᾶττον
1040 875 1305 933 ἀπολύσατε,
1343 882 1430 922 τῶν
1461 880 1759 938 πρεσβυτέρων

233 947 312 1002 μοί
330 963 425 989 τινα
450 942 651 989 κάλεσον·
690 946 759 989 καὶ
777 950 914 990 ταῦτα
943 947 1068 992 εῗπών
1090 946 1217 993 πάλιν
1231 944 1283 1006 ἦν
1302 948 1487 1008 ἄφωνος.
1533 949 1713 1008 ἔδραμεν
1734 947 1800 994 ὃ11

233 1023 335 1068 παῖς
355 1017 422 1060 ἐπὶ
449 1015 524 1060 τὸν
545 1014 845 1075 πρεσβύτερον.
893 1017 970 1070 νὺξ
991 1018 1037 1062 δὲ
1057 1013 1109 1075 ἦν
1128 1019 1317 1072 κάκεῖνος
1337 1020 1522 1077 ἠσθένει.
1572 1020 1760 1079 ἀφικνεῖ-

231 1092 341 1132 σθαι
372 1087 450 1143 μὲν
481 1086 557 1131 οὐκ
586 1085 800 1145 ἠδυνήθη.
860 1088 1032 1146 ἐντολῆς
1061 1090 1107 1133 δὲ
1132 1088 1210 1133 ὑπ’
1246 1092 1352 1146 ἐμοῦ
1391 1091 1618 1148 δεδομένης
1657 1091 1759 1142 τοὺς

232 1158 635 1214 ἀπαλλαττομένους
653 1162 730 1202 τοῦ
751 1159 874 1215 βίου,
914 1161 949 1203 εἶ
979 1160 1163 1215 δέοιντο,
1204 1163 1272 1206 καὶ
1292 1160 1478 1218 μάλιστα
1500 1165 1537 1206 εῗ
1558 1164 1626 1206 καὶ
1648 1159 1759 1221 πρό-

232 1247 354 1289 τερον
374 1227 658 1281 ἱκετεύσαντες
675 1227 835 1285 τύχοιεν
856 1229 1085 1289 ἀφίεσθαι,
1121 1231 1180 1275 ’ἶν’
1211 1232 1420 1285 εὐέλπιδες
1450 1231 1758 1277 ἀπαλλάττων-

196 1304 330 1354 Βται,
368 1299 508 1358 βραχὺ
537 1304 616 1357 τῆς
640 1299 906 1359 εὐχαριστίας
928 1301 1055 1347 ἔδωκε
1073 1307 1133 1362 τῷ
1158 1305 1395 1364 παιδαρίῳ,
1431 1303 1661 1363 ἂποβρέξαι
1687 1322 1756 1347 κε-
1771 1311 1800 1347 1!

228 1369 382 1422 λεύσας
402 1372 472 1414 καὶ
496 1375 556 1431 τῷ
579 1369 796 1431 πρεσβύτῃ
817 1372 927 1415 κατὰ
948 1377 1026 1417 τοῦ
1045 1371 1260 1430 στόματος
1281 1372 1513 1427 ἓπιστάξαι.
1553 1376 1757 1432 ἐπανῆκεν

71 1444 117 1482 V.
137 1445 209 1482 298
236 1439 257 1487 ὅ
294 1448 393 1494 παῖς
427 1442 580 1501 φέρων.
632 1440 751 1502 ἐγγύς
783 1460 827 1486 τε
854 1444 1061 1505 γενομένῳ
1088 1450 1149 1506 τῷ
1184 1447 1303 1489 παιδὶ
1333 1447 1432 1505 πρὶν
1455 1449 1531 1490 τοῦ
1553 1448 1758 1490 εἷσελθεῒν

230 1512 450 1571 ἀνενέγκας
480 1511 606 1557 πάλιν
640 1511 662 1558 ὅ
696 1516 953 1573 Σαραπίων,
993 1509 1113 1573 ἧκες,
1154 1515 1262 1575 ἔφη,
1300 1517 1444 1561 τέκνον
1456 1535 1472 1573 ,-
1528 1518 1598 1561 καὶ
1628 1514 1650 1560 ὅ
1680 1517 1758 1573 μὲν

229 1581 514 1643 πρεσβύτερος
531 1584 673 1629 ἐλθεῖν
696 1585 773 1630 οὐκ
787 1583 985 1643 ἠδυνήθη
1001 1601 1010 1610 ·
1030 1586 1082 1631 σύ
1105 1587 1151 1631 δὲ
1169 1589 1348 1645 ποίησον
1370 1587 1530 1644 ταχέως
1548 1587 1598 1631 τὸ
1621 1604 1757 1646 προσ-

229 1655 391 1712 ταχθὲν
403 1689 416 1710 ,
442 1656 512 1699 καὶ
533 1654 872 1713 ἀπαλλάττομαι.
921 1657 1147 1716 ἄπέβρεξεν
1170 1656 1191 1703 ὅ
1210 1665 1310 1710 παῖς
1330 1660 1400 1702 καὶ
1430 1657 1521 1714 ἅμα
1544 1658 1674 1715 ἔνέχεε
1695 1664 1800 1719 τῷΞ(

229 1725 438 1784 στόματι,
477 1727 547 1770 καὶ
573 1728 724 1788 μικρὸν
752 1729 881 1773 ἔκεῖνο
911 1731 1265 1788 καταβροχθίσας
1298 1729 1460 1781 εὐθέως
1492 1728 1680 1774 ἀπέδωκε
1705 1731 1754 1774 τὸ

324 1850 364 1896 1]
390 1850 481 1898 Cap.
503 1848 564 1887 44.
666 1853 702 1889 3.
726 1850 843 1899 γέρων
867 1865 932 1888 om.
951 1853 1000 1889 G.
1107 1854 1164 1890 15.
1189 1850 1310 1901 βραχῦ
1328 1853 1412 1900 τῆς]
1436 1849 1558 1901 βραχύ
1573 1866 1611 1890 τι
1628 1853 1676 1888 G.
1702 1872 1704 1874 v

324 1899 384 1937 21.
408 1899 719 1948 καταβροχθίσας
741 1912 786 1936 ex
801 1900 975 1937 Eusebio.
1010 1901 1127 1948 Vulgo
1149 1900 1248 1938 κατὰ
1269 1899 1470 1950 βροχήσας.

398 2007 464 2049 Ex
487 2009 659 2064 epistola
679 2008 869 2063 Dionysii
891 2009 950 2062 ad¹
962 2008 1130 2049 Fabium
1151 2010 1346 2050 adversus
1371 2010 1590 2050 Novatum.

325 2076 442 2112 Unum
470 2077 536 2112 hoc
555 2077 747 2124 exemplum
772 2077 869 2124 apud
889 2090 952 2113 nos
969 2078 1081 2113 visum
1100 2078 1263 2114 narrabo.
1312 2077 1488 2124 Serapion
1508 2076 1662 2112 eiusdem
1690 2089 1756 2112 no-

223 2123 369 2159 ‚hiscum
397 2124 482 2159 fidei
512 2137 674 2168 consors,
701 2125 820 2172 plures
849 2125 947 2161 vitae
968 2137 1077 2160 annos
1097 2138 1227 2161 summa
1244 2137 1320 2161 cum
1348 2127 1560 2171 integritate
1580 2130 1756 2167 versatus,

232 2169 424 2216 ingruente
440 2173 693 2218 persecutionis
714 2172 870 2220 procella
889 2173 1031 2220 lapsuS‚
1057 2185 1175 2218 pacem
1195 2173 1323 2208 deinde
1345 2177 1513 2219 precatus
1528 2198 1538 2215 ‚
1563 2184 1585 2207 a
1604 2172 1755 2215 nemine,

231 2218 366 2264 quippe
390 2219 452 2265 qui
469 2220 700 2262 immolasset,
725 2220 987 2256 admittebatur.
1037 2221 1164 2256 Morbo
1190 2221 1409 2268 postmodum
1434 2223 1617 2266 correptus
1642 2219 1757 2254 conti-

232 2265 313 2299 nuis
338 2264 452 2301 tribus
481 2267 606 2302 diebus
633 2268 732 2303 vocis
762 2280 956 2315 sensusque
984 2280 1111 2314 expers
1134 2268 1286 2303 iacebat.
1336 2267 1481 2303 Viribus
1510 2270 1626 2302 autem
1656 2267 1755 2302 circa

232 2311 326 2347 diem
344 2317 504 2358 quartum
525 2316 714 2362 resumptis
733 2320 896 2361 nepotem
917 2316 1086 2357 arcessit;
1111 2320 1167 2358 et,
1192 2326 1400 2362 usquequo,
1426 2314 1495 2357 ait,
1521 2315 1572 2349 fili
1600 2314 1644 2349 mi
1661 2340 1672 2356 ‚
1698 2326 1753 2348 me

233 2359 432 2395 detinetis?
453 2361 659 2404 Festinata,
684 2374 834 2408 precor,
861 2366 898 2398 et
918 2362 1126 2409 quantocius
1143 2375 1197 2397 me
1218 2362 1368 2400 dimitte.
1415 2362 1668 2408 Presbyterum
1687 2361 1754 2396 ali-

231 2418 335 2454 quem
354 2407 422 2441 huc
441 2408 588 2444 advoca.
607 2435 609 2437 >
634 2410 764 2444 Paucis
786 2410 838 2444 ita
867 2410 1012 2457 loquuto
1038 2421 1119 2444 usus
1144 2409 1303 2456 loquelae
1322 2421 1459 2444 rursum
1477 2409 1654 2445 adimitur.
1698 2408 1752 2444 Ad

232 2455 479 2501 presbyterum
500 2467 589 2502 puer
608 2469 648 2492 se
666 2458 816 2491 confert.
866 2456 1047 2491 Profunda
1070 2468 1138 2491 nox
1164 2457 1409 2500 incumbebat3
1444 2458 1632 2504 presbyter
1651 2456 1754 2491 infir-

231 2513 308 2537 mus
322 2527 334 2544 ‚
358 2503 546 2538 convenire
559 2515 628 2539 non
648 2504 778 2550 potuit.
812 2503 911 2550 Lege
931 2508 1047 2539 tamen
1065 2515 1087 2538 a
1106 2516 1161 2540 me
1179 2506 1296 2551 posita
1312 2506 1382 2540 iam
1398 2507 1468 2540 iam
1490 2518 1510 2540 e
1526 2505 1603 2540 vita
1619 2504 1754 2549 migra-

232 2552 359 2592 turos,
383 2549 414 2585 si
437 2562 525 2597 opus
545 2551 739 2592 haberent,
764 2556 874 2596 atque
895 2551 1084 2587 instantius
1106 2552 1313 2599 petiissent,
1340 2553 1423 2588 dato
1456 2552 1588 2588 viatico
1608 2551 1751 2593 dimitti,

233 2600 275 2632 ut
296 2609 359 2643 spe
380 2598 473 2634 bona
498 2598 628 2634 firmati
653 2598 890 2642 decederent3
923 2600 1094 2634 modicam
1130 2600 1365 2636 eucharistiae
1392 2600 1600 2647 particulam
1636 2599 1752 2645 puello

233 2645 347 2680 tradit
364 2646 552 2692 presbyter
572 2650 609 2682 et
625 2646 762 2693 liquore
780 2647 878 2692 prius
897 2647 1128 2683 madefactam
1143 2648 1179 2683 in
1204 2647 1354 2683 senioris
1375 2659 1414 2683 os
1441 2646 1627 2682 infundere
1647 2658 1753 2692 prae-

232 2693 343 2738 cepit.
390 2692 500 2729 Redit
529 2693 650 2740 itaque
683 2705 772 2741 puer
794 2695 932 2740 perlata
952 2706 1068 2730 secum
1101 2696 1312 2731 sacramenti
1335 2694 1534 2742 particula;
1568 2693 1752 2738 eidemque

232 2739 369 2775 foribus
384 2741 452 2776 iam
474 2742 654 2788 proximo,
679 2741 830 2776 nondum
851 2746 968 2778 tamen
994 2742 1118 2788 pedem
1135 2743 1171 2778 in
1190 2744 1325 2778 domum
1347 2742 1535 2784 inferenti,
1559 2741 1752 2787 derepente

232 2798 339 2822 sensu
355 2794 546 2835 reparato:
572 2787 764 2832 ‚‚venisti‚”
789 2788 916 2835 inquit,
942 2789 1065 2834 „fili”;
1090 2791 1279 2837 presbyter
1298 2790 1382 2825 licet
1393 2789 1517 2825 venire
1536 2801 1606 2823 non
1624 2791 1752 2833 potue-

233 2834 303 2876 rit3
326 2839 463 2880 tamen,
488 2837 582 2883 quod
601 2837 792 2872 iniunctum
811 2841 886 2878 est,
911 2848 1126 2884 exsequere,
1150 2850 1228 2873 mox
1250 2837 1370 2884 quiete
1395 2836 1574 2872 decedam.
1604 2833 1751 2874 ,Made-

233 2881 322 2917 facit
351 2894 439 2928 puer
466 2885 673 2930 particulam
696 2889 734 2920 et
765 2884 952 2920 confestim
972 2884 1008 2919 in
1032 2898 1071 2920 os
1095 2884 1250 2921 immisit.
1306 2884 1371 2920 Ille
1390 2883 1517 2919 sensim
1539 2882 1749 2928 deglutiens,

234 2928 330 2966 nulla
357 2942 456 2968 mora
480 2931 641 2968 reddidit
662 2931 823 2969 annnam.
887 2933 1013 2968 Annon
1036 2932 1150 2980 liquet
1172 2933 1222 2970 ad
1245 2933 1366 2968 horam
1393 2931 1488 2967 illam
1521 2931 1631 2966 vitam
1669 2928 1748 2964 viro
