1800 3236
235 114 340 163 760
834 125 874 172 N
878 125 1163 174 ICEPHORI

232 233 302 278 καὶ
329 228 556 294 μετῴκισεν
577 235 634 288 εἲς
655 235 733 294 τὴν
751 241 829 295 γῆν
850 237 982 283 αὐτοῦ
998 238 1284 298 Ἰσραηλιτῶν.
1322 239 1467 286 ἐκεῖνοι
1490 242 1538 288 δὲ
1561 242 1641 302 τὴν
1666 244 1744 303 γῆν

228 302 401 362 Ἰσραὴλ
423 306 653 358 οῗκίσαντες
679 314 769 360 τοῖς
798 310 919 361 ἰδίοις
950 308 1207 369 ἐλάτρευσαν
1228 316 1361 363 θεοΐς.
1413 313 1623 372 ὀργισθεὶς
1645 317 1691 360 δὲ
1719 314 1741 360 ὅ

232 374 336 426 θεὸς
352 375 525 427 λέοντας
545 375 703 434 ἴπεμψε
725 381 963 424 κατεσθίειν
988 380 1158 434 αὐτούς.
1196 387 1324 427 τοῦτο
1357 383 1403 427 δὲ
1423 385 1582 440 μαθὼν
1610 383 1632 430 ὃ
1663 405 1741 442 με-

230 446 417 497 τοικίσας
439 446 594 498 αὐτοὺς
614 449 812 501 βασιλεὺς
832 450 1069 496 ἀπέστειλεν
1091 453 1235 504 αὐτοῖς
1255 453 1328 497 ἕνα
1357 458 1444 498 τῶν
1465 455 1570 513 παρ’
1595 455 1741 509 αὐτοῖς

231 514 509 572 αῗχμαλώτων
533 516 673 576 ἱερέων
697 524 773 563 τοῦ
788 521 983 581 Ἰσραὴλ,
1021 523 1100 580 τὴν
1127 525 1325 582 λατρείαν
1347 529 1424 568 τοῦ
1446 530 1553 570 θεοῦ
1569 526 1775 586 Ἰσραὴλ5

231 589 302 630 καὶ
330 587 404 630 τὸν
434 584 566 642 νόμον
595 588 908 638 ἕκὸιδάσκοντα.
955 592 1011 637 τὰ
1034 594 1151 653 παρὰ
1180 599 1256 639 τοῦ
1279 595 1503 648 Μωῢσὲως
1525 592 1601 641 οὖν
1628 595 1742 653 μόνα

210 690 212 692 .
231 655 555 714 παραλαβόντες
573 657 796 718 ἕλάτρευον
819 664 888 706 καὶ
908 668 968 723 τῷ
987 668 1093 724 θεῷ,
1113 669 1199 709 τῶν
1221 663 1406 710 εἰδώλων
1428 667 1504 711 οὔκ
1524 666 1741 713 ἀποστάν-

230 743 310 777 τες.
352 726 436 771 ἀπὸ
459 726 620 773 τούτων
642 733 744 775 εῗσὶν
763 732 805 776 οἱ
828 737 904 778 νῦν
925 738 1187 794 Σαμαρεῖται
1207 736 1284 793 τὴν
1302 734 1580 794 πεντάτευχον
1606 738 1739 797 μόνην

227 801 305 842 τοῦ
327 798 553 851 Μωϋσέως
572 799 786 858 δεχόμενοι
803 805 873 848 καὶ
890 804 951 862 μὴ
973 804 1257 865 συγχρώμενοι
1275 814 1364 859 τοῖς
1382 806 1615 861 Ἰουδαίοις.

189 919 221 956 Β
286 948 291 950 .
429 910 523 956 Καὶ
552 909 654 957 ὅσοι
684 912 903 973 ἀρχιερεῖς
932 914 1141 975 ἐγένοντο
1172 917 1222 965 ἐν
1249 921 1314 981 τῷ
1338 916 1524 979 Ἰσραήλ.
1750 932 1797 969 10

326 994 492 1057 Ἀαρών
524 998 706 1056 ἕβδομος
735 1001 793 1047 ὢν
824 1001 906 1048 ἀπὸ
941 1003 1166 1065 Ἀβραὰμ,
1215 1005 1292 1051 δύο
1345 1007 1464 1060 υἶοῦς
1501 1008 1734 1066 κατέλιπεν,

223 1064 473 1127 Ἐλεάζαρον
493 1072 563 1114 καὶ
578 1070 775 1131 Ἰθάμαρ.

325 1136 522 1198 Ἐλεάζαρ
533 1174 547 1194 ,
587 1141 657 1199 ἐφ’
687 1137 738 1186 οὗ
768 1143 927 1200 ἃπεβίω
956 1146 1179 1203 Μωῢσῆς,
1219 1148 1287 1190 καὶ
1317 1144 1343 1204 ἧ
1375 1149 1631 1207 κληροδοσία
1660 1154 1738 1207 τῆς

225 1212 302 1267 γῆς
331 1208 401 1252 διὰ
418 1208 558 1267 Ἰησοῦ
579 1213 647 1254 καὶ
667 1210 693 1268 ἦ
718 1214 855 1271 σκηνῆ
881 1218 958 1259 τοῦ
987 1217 1225 1275 μαρτυρίου
1250 1215 1380 1275 ἐπάγη
1401 1220 1444 1262 ἓν
1463 1223 1517 1278 τῇ
1540 1218 1696 1280 ἐρήμῳ.

335 1281 479 1333 Φινεὲς
507 1280 599 1334 υἱὸς
625 1281 824 1345 Ἐλεάζαρ
854 1285 963 1342 μετὰ
995 1283 1166 1333 πάντων
1198 1288 1496 1348 πρεσβυτέρων
1525 1290 1600 1336 τὸν
1629 1290 1735 1337 λαὸν
1748 1298 1793 1337 15

225 1350 382 1409 κρίνας.

308 1421 482 1478 umora,

327 1493 444 1549 Βεχί.

185 1565 218 1603 c
321 1561 436 1621 ὀζῆ
1695 1606 1697 1608 ψ

322 1632 419 1679 Ἠλὶ
441 1634 486 1677 ἐκ
508 1638 586 1680 τοῦ
605 1630 805 1694 Ἰθάμαρ.
1741 1651 1791 1689 20

323 1703 532 1764 Ἀχιτὼφ,
571 1706 642 1766 ἐφ’
667 1700 717 1750 οὗ
738 1700 957 1762 Σαμουῆλ.

317 1773 558 1835 Ἀβιάθαρ,
597 1775 620 1822 ὅ
642 1776 749 1834 μετὰ
775 1780 852 1821 τοῦ
874 1774 1032 1821 Δαυίδ.

313 1864 351 1947 Ξ.
376 1862 594 1947 οἰκῆᾗαντες
612 1866 661 1901 G.
756 1866 791 1903 5.
816 1865 974 1913 λατρίαν
996 1865 1042 1902 R.
1145 1865 1182 1902 8.
1205 1864 1279 1902 νῦν
1302 1876 1368 1902 om.
1395 1865 1445 1901 G.
1540 1865 1598 1905 11.
1621 1866 1731 1904 κατέ-

337 1923 438 1948 ειπεν
497 1939 507 1948 .

221 1979 390 2017 videlicet
404 1982 479 2018 loco
492 2009 502 2026 ‚
527 1995 614 2030 quos
632 1982 750 2030 patria
774 1985 873 2018 terra
889 1981 1015 2019 eduxit
1034 1985 1071 2018 et
1088 1981 1125 2018 in
1142 1993 1260 2019 eorum
1278 1985 1395 2018 terras
1415 1982 1631 2030 deportavit.
1671 1984 1730 2020 Illi

221 2040 306 2062 vero
335 2034 465 2065 terram
490 2031 600 2066 Israel
625 2031 838 2073 incolentes,
864 2030 1018 2077 propriis
1044 2030 1151 2065 nihilo
1175 2031 1289 2066 secius
1319 2030 1386 2065 diis
1415 2031 1629 2067 serviebant.
1677 2032 1729 2067 Et

220 2075 301 2109 ideo
323 2076 409 2111 deus
430 2078 543 2113 iratus
565 2077 706 2112 immisit
724 2078 759 2112 in
783 2089 843 2112 eos
861 2079 1005 2120 leones,
1029 2090 1052 2112 a
1078 2078 1205 2124 quibus
1233 2078 1512 2121 devorabantur;
1543 2090 1613 2125 quo
1632 2091 1729 2115 com-

222 2128 342 2168 pert0‚
367 2136 449 2167 rex,
474 2125 534 2171 qui
551 2125 632 2160 illos
651 2125 902 2168 transtulerat,
927 2136 974 2160 ex
994 2125 1238 2161 sacerdotibus
1255 2125 1396 2160 Israelis
1419 2125 1515 2172 apud
1534 2138 1595 2161 eos
1612 2127 1728 2174 capti-

221 2170 277 2203 vis
296 2169 472 2216 delegavit
500 2184 623 2214 unum,
649 2172 708 2219 qui
737 2172 795 2207 dei
822 2172 934 2207 Israel
961 2173 1090 2208 cultum
1115 2179 1153 2207 et
1182 2173 1296 2220 legem
1324 2177 1527 2219 exponeret.
1574 2173 1648 2215 Qui
1667 2186 1726 2209 so-

220 2215 291 2251 lum
311 2217 386 2259 his,
419 2230 510 2265 quae
536 2231 557 2254 a
583 2220 682 2254 Mose
714 2224 795 2254 sunt
823 2220 977 2262 tradita,
1014 2219 1214 2267 perceptis,
1239 2224 1378 2254 retento
1413 2219 1584 2254 idolorum
1612 2221 1725 2264 cultu,

221 2263 325 2299 deum
346 2276 415 2299 una
437 2266 571 2311 pariter
595 2268 829 2302 venerandum
851 2272 1095 2314 susceperunt.
1143 2267 1275 2302 Horum
1300 2265 1433 2312 posteri
1462 2271 1543 2301 sunt
1567 2267 1725 2303 Samari-

210 2313 296 2354 tae,
321 2311 380 2357 qui
407 2312 684 2349 Pentateuchum
713 2313 923 2358 admittunt,
948 2319 985 2351 et
1009 2326 1086 2350 cum
1112 2313 1253 2350 Iudaeis
1279 2313 1316 2348 in
1342 2314 1628 2350 consuetudinem
1654 2327 1725 2351 non

216 2357 375 2393 veniunt.

504 2430 586 2481 Qui
613 2432 780 2471 fuerunt
808 2432 854 2472 in
882 2433 1007 2473 Israel
1035 2430 1183 2472 summi
1211 2430 1440 2486 pontifices.

309 2499 427 2535 Aaron
445 2499 490 2535 ab
505 2498 678 2534 Abraham
694 2500 862 2546 septimus
882 2500 972 2535 filios
992 2499 1078 2535 duos
1099 2499 1246 2546 reliquit
1267 2499 1420 2535 Eleazar
1436 2502 1474 2536 et
1490 2499 1658 2538 Ithamar-

310 2547 485 2590 Eleazar,
510 2546 574 2581 sub
594 2558 662 2592 quo
683 2546 837 2582 decessit
861 2548 1002 2590 Moses,
1027 2552 1063 2582 et
1079 2547 1281 2585 distributio
1301 2551 1419 2582 terrae
1446 2559 1512 2593 per
1530 2553 1646 2584 sortes
1666 2549 1723 2588 faz-

218 2595 278 2629 cta
295 2600 351 2629 est
370 2595 414 2629 ab
430 2595 509 2629 Iesu
521 2619 531 2638 ,
555 2597 593 2628 et
609 2593 870 2629 tabernaculum
884 2594 1074 2630 testimonii
1090 2595 1197 2630 fixum
1214 2598 1270 2630 est
1286 2594 1322 2629 in
1341 2594 1494 2629 deserto.

310 2641 463 2677 Phinees
474 2641 641 2678 Eleazari
651 2640 745 2678 filius
754 2652 824 2678 una
834 2652 911 2678 cum
927 2642 1072 2690 reliquis
1088 2641 1285 2679 senioribus
1300 2642 1338 2678 in
1355 2642 1523 2690 populum
1540 2641 1598 2678 ius
1617 2642 1719 2685 dixit.

309 2689 418 2726 Abiu.

308 2735 434 2772 Bechi-

309 2783 400 2819 Oze-

307 2829 391 2865 Heli
415 2839 460 2866 ex
477 2828 592 2878 stirpe
606 2829 772 2868 Ithamar.

309 2877 507 2925 Achitoph‚
527 2879 593 2915 sub
614 2890 684 2927 quo
701 2876 854 2916 Samuel.
