1754 3236
586 211 1117 267 CHRONOGRAPHIA..
1555 206 1623 256 73

111 322 209 367 υἱοῦ
238 327 316 368 τοῦ
348 323 547 382 δευτέρου
577 320 735 382 Ἑρμοῦ
742 358 758 379 ,
796 322 960 382 πατρὸς
980 323 1027 368 δὲ
1045 327 1124 367 τοῦ
1154 323 1249 367 Τᾶτ
1269 323 1313 367 ἓν
1341 329 1431 374 τοῖς
1454 321 1626 376 ἀδύτοις

111 398 200 439 τῶν
227 394 352 453 ἱερῶν
380 393 630 452 Αἰγύπτου,
669 393 972 453 προσεφιῦνησε
999 390 1060 455 τῷ
1081 394 1197 453 αὐτῷ
1223 394 1479 454 Φιλαδέλφῳ
1495 387 1624 450 βασι-

110 467 181 508 zet
201 465 383 525 δευτέρῳ
413 466 671 528 Πτολεμαίῳ
707 467 752 511 ἓν
784 470 838 525 τῇ
868 466 1006 527 βίβλῳ
1038 469 1116 523 τῆς
1142 462 1322 516 Σῶθεος
1350 462 1527 524 γράφων
1556 467 1622 510 ἐπὶ
1646 470 1690 508 V.
1713 473 1754 510 32

110 534 260 587 λε’ξεως
277 534 425 588 οὕτως.

72 630 349 694 δἘπιστολὴ
389 637 598 681 Μανεθῶ
639 637 722 680 τοῦ
762 632 1048 693 Σεβεννύτου
1086 631 1202 691 πρὸς
1230 636 1513 693 Πτολεμαῖον
1539 633 1624 682 τὸν

710 703 1014 763 Φιλάδελφον.
1564 716 1569 721 ’

214 794 399 836 Βασιλεῖ
419 791 588 854 μεγάλῳ
615 794 874 854 Πτολεμαίῳ
909 792 1165 853 Φιλαδέλφῳ
1197 795 1392 851 σεβαστῷ
1416 794 1660 844 Μανεθῶο

110 861 326 921 ἀρχιερεὺς
343 865 411 907 καὶ
430 865 703 923 γραμματεῦς
723 869 808 908 τῶν
830 863 928 907 κατ’
950 863 1172 921 Αἴγυπτον
1193 863 1315 922 ἱερῶν
1336 860 1516 917 ἀδύτων,
1551 863 1621 921 γε’-

109 951 168 976 νει
189 932 449 991 Σεβεννύτης
475 933 677 995 ὑπάρχων
701 933 1050 992 Ἡλιουπολίτης,
1090 938 1152 996 τῷ
1180 931 1364 993 δεσπότῃ
1390 952 1477 990 μου
1496 937 1621 979 Πτο-

52 1014 98 1050 10
109 1005 267 1063 λεμαίῳ
285 1006 461 1063 χαίρειν.

206 1072 349 1130 Ἡμᾶς
381 1077 450 1120 δεῖ
481 1077 751 1134 λογίζεσθαι,
786 1076 952 1133 μέγιστε
989 1077 1189 1132 βασιλεῦ,
1227 1075 1320 1131 περὶ
1360 1072 1532 1119 πάντων
1561 1067 1621 1119 ὧν

108 1143 182 1188 ε’ἆν
210 1143 347 1205 βούλῃ
374 1144 487 1203 ἡμᾶς
506 1145 693 1199 ἐξετάσαι
713 1145 993 1205 πραγμάτων·
1031 1144 1295 1202 ἕπιζητοῦντί
1322 1162 1390 1190 σοι
1422 1147 1515 1203 περὶ
1535 1150 1621 1189 τῶν

106 1214 347 1270 μελλόντων
367 1221 428 1277 τῷ
453 1215 598 1278 κόσμῳ
615 1219 830 1275 γίγνεσθαι
857 1216 1007 1268 καθιές
1029 1214 1247 1268 ἐκέλευσάς
1268 1233 1343 1271 μοι
1362 1214 1619 1275 παραφανῆ-

108 1287 230 1331 σεταί
253 1303 321 1331 σοι
354 1287 382 1332 ἃ
412 1287 578 1344 ἔμαθον
608 1288 699 1346 ἱερὰ
717 1290 864 1344 βιβλία
897 1289 1112 1347 γραφέντα
1137 1284 1222 1331 ὕπὸ
1247 1291 1324 1330 τοῦ
1346 1285 1620 1346 προπάτορος

52 1366 97 1404 15
109 1359 399 1416 τρισμεγίστου
415 1357 587 1418 Ἑρμοῦ.
625 1358 785 1417 ἔρρωσό
803 1378 876 1416 μοι
896 1356 1079 1403 δίσποτά
1095 1375 1179 1414 μου
1199 1361 1389 1413 βασιλεῦ.

217 1432 370 1473 Ταῦτα
401 1432 493 1489 περὶ
515 1435 591 1488 τῆς
613 1427 833 1487 ἑρμηνείας
850 1434 934 1474 τῶν
954 1427 1036 1473 ὑπὸ
1058 1434 1135 1473 τοῦ
1155 1429 1350 1486 δευτέρου
1367 1426 1524 1486 Ἑρμοῦ
1544 1433 1617 1483 βι-

105 1499 239 1554 βλίων
267 1500 383 1558 λέγει.
419 1501 528 1558 μετὰ
559 1502 606 1545 δὲ
631 1506 769 1545 ταῦτα
798 1502 867 1544 καὶ
899 1502 991 1558 περὶ
1018 1501 1156 1543 ε’θνῶν
1174 1501 1476 1556 Αἰγυπτιακῶν
1495 1500 1615 1542 πέντε

107 1570 151 1613 ἓν
192 1569 417 1628 τριάκοντα
455 1573 716 1623 δυναστείαις
755 1571 919 1630 ἱστορεῖ
951 1575 1036 1614 τῶν
1066 1570 1298 1627 λεγομένων
1324 1568 1433 1626 παρ’
1467 1568 1654 1620 αῧτοῖςι)

108 1644 227 1684 θεῶν
256 1643 326 1684 καὶ
355 1639 546 1698 ἡμιθέων
574 1643 644 1686 καὶ
672 1639 828 1686 νεκύων
856 1642 924 1684 καὶ
950 1644 1149 1696 θνητῶν,
1189 1633 1247 1683 ὧν
1278 1640 1348 1683 καὶ
1369 1638 1614 1695 Εὗσέβιοςὸ

48 1713 96 1747 20
106 1712 343 1770 Παμφίλου
366 1715 573 1770 μνησθεὶς
594 1714 637 1757 ἐν
656 1720 745 1763 τοῖς
761 1718 971 1771 χρονικοῖς
989 1711 1121 1755 αὐτοῦ
1140 1727 1269 1770 φησιν
1285 1709 1421 1761 οὕτως
1438 1708 1616 1768 »Λῖγῦ-

199 1800 234 1836 8.
256 1796 318 1835 ἐπὶ
341 1801 383 1835 Α.
410 1798 450 1836 ἐκ
475 1801 524 1838 G.
620 1802 676 1838 13.
699 1798 833 1842 καθὼς
850 1798 1044 1843 ἐκέλευσας
1061 1811 1108 1835 m.
1130 1797 1298 1840 καθέτος
1314 1796 1492 1840 κελεύσας
1514 1799 1564 1834 G.

199 1844 517 1894 παραφανήσεται
534 1849 576 1884 Α.
598 1847 896 1896 περιφανήσεται
919 1848 967 1883 G.
1063 1849 1120 1885 16.
1143 1846 1367 1894 γραφέντων
1389 1848 1544 1895 βιβλίων
1562 1858 1610 1882 ιιι.

272 1897 327 1932 17.
365 1897 500 1942 πέντε]
535 1896 746 1940 „Quaenam
782 1902 863 1932 sunt
885 1895 967 1931 illae
996 1895 1150 1943 quinque
1179 1900 1302 1940 gentes
1338 1894 1613 1941 Aegyptiacae?

117 1951 126 1955 ·
199 1942 370 1978 Fortasse
390 1945 607 1991 quindecim,
628 1956 705 1979 nam
721 1944 875 1992 gentium
891 1943 1092 1989 quindecim
1107 1943 1246 1978 nomina
1260 1942 1343 1978 illae
1365 1943 1517 1988 triginta
1544 1941 1613 1987 dy-

197 1991 337 2075 nasgige
362 2002 450 2038 prae
480 2005 520 2029 se
542 1991 698 2029 serunt?
729 1995 939 2039 anonymus.
1045 1992 1104 2029 19.
1136 1986 1347 2039 Εὐσέβιος]
1381 1989 1464 2026 vid.
1486 1990 1526 2032 1,
1549 1989 1611 2041 20.

104 2107 251 2163 secundi
267 2108 436 2144 Mercurii
453 2109 528 2145 filio
550 2120 593 2146 ac
612 2109 698 2146 Tati
721 2109 880 2156 genitore
900 2108 937 2144 in
970 2107 1060 2155 ipsis
1082 2108 1237 2155 Aegypti
1260 2108 1465 2156 templorum
1492 2106 1610 2154 adytis

105 2160 245 2210 scripto·
258 2157 524 2201 commendatis,
546 2163 734 2193 memorato
752 2158 830 2204 regi
850 2156 1081 2202 Philadelpho
1099 2156 1301 2211 Ptolemaeo
1318 2156 1467 2192 nominis
1484 2165 1611 2191 secun-

104 2201 153 2239 do
168 2213 205 2238 m
222 2202 313 2239 libro
330 2205 484 2242 sutheos
504 2206 572 2242 hoc
588 2210 694 2254 pacto
715 2205 761 2241 ad
775 2204 919 2241 verbum
936 2203 1094 2239 scribens
1114 2209 1291 2252 exposuit.

571 2288 654 2328 AD
690 2287 1140 2330 PTOLEMAEUM

305 2356 619 2412 Philadelphum
647 2358 905 2400 Manethonis
935 2356 1189 2411 Sebennytae
1218 2355 1407 2412 epistola.

197 2433 399 2472 Ptolemaeo
414 2437 643 2485 Philadelpho
675 2439 755 2485 regi
774 2451 898 2485 magno
919 2438 1076 2484 Augusto
1109 2436 1277 2472 Manetho
1301 2437 1466 2475 sacerdos
1493 2440 1531 2474 et
1546 2450 1607 2474 sa-

102 2491 241 2516 crorum
260 2495 325 2530 per
340 2485 538 2531 Aegyptum
566 2487 791 2532 penetralium
817 2486 994 2529 notarius,
1026 2496 1158 2532 genere
1178 2483 1403 2534 Sebennyta,
1426 2487 1514 2522 urbe
1529 2487 1607 2522 He-

102 2527 246 2575 liopoli,
268 2531 406 2566 domino
425 2544 500 2567 meo
517 2533 718 2568 Ptolemaeo
742 2534 901 2569 salutem.

112 2586 117 2590 “
200 2576 257 2612 De
271 2580 376 2614 rebus
390 2579 547 2614 omnibus
560 2581 661 2615 nobis
669 2586 729 2615 tuo
744 2581 854 2624 iussu,
865 2591 930 2616 rex
948 2591 1084 2626 magne,
1093 2579 1285 2627 propositis
1299 2583 1436 2616 attente
1447 2579 1606 2626 cogitan-

103 2625 184 2661 dum
203 2628 270 2660 est.
318 2626 397 2661 Hac
417 2626 462 2662 de
480 2638 586 2662 causa
603 2627 835 2674 interroganti
853 2627 920 2663 tibi
934 2627 980 2662 de
998 2627 1043 2661 iis
1061 2639 1152 2672 quae
1170 2627 1296 2663 mundo
1305 2629 1478 2669 accident,
1496 2639 1607 2673 quae-

102 2684 174 2719 que
191 2683 235 2707 ex
255 2672 357 2708 libris
382 2675 428 2709 ab
454 2674 727 2720 primogenitom
755 2681 817 2710 tuo
840 2680 897 2710 ter
927 2686 1051 2720 magno
1079 2674 1259 2709 Mercurio
1285 2674 1495 2722 conscriptis
1521 2674 1606 2709 mihi

102 2724 188 2775 sunt
207 2724 312 2763 nota,
343 2726 448 2768 prout
470 2721 674 2768 imperasti,
706 2727 832 2758 uincta
860 2721 1184 2758 manifestabuntur.
1233 2722 1322 2758 Vale
1340 2722 1445 2766 mihi,
1468 2721 1606 2757 domine

100 2777 148 2802 m
166 2778 242 2802 rex.

195 2814 297 2849 Haec
315 2813 362 2849 de'
375 2814 521 2850 secundi
541 2814 712 2851 Mercurii
731 2815 898 2852 librorum
916 2814 1205 2863 interpretatione
1220 2814 1364 2850 scribit:
1389 2814 1606 2862 postmodum

102 2868 190 2896 vero
208 2872 275 2907 per
293 2861 486 2908 Dynastias
509 2862 660 2909 triginta
674 2864 719 2898 de
735 2864 902 2910 gentibus
921 2863 1154 2910 Aegyptiacis
1177 2863 1350 2909 quinque,
1375 2863 1473 2905 deis,
1500 2862 1607 2897 semi-

102 2907 192 2949 deis,
217 2907 381 2944 heroibus
401 2914 439 2944 et
459 2909 664 2947 mortalibus
681 2911 726 2946 ab
740 2911 872 2948 eisdem
891 2912 1028 2946 vocatis
1043 2910 1134 2945 texit
1153 2909 1345 2954 historiam,
1370 2921 1460 2956 quos
1477 2914 1516 2945 et
1531 2921 1603 2944 me-

100 2959 216 2990 morat
238 2955 277 2990 in
295 2956 482 2993 chronicis
498 2957 676 2994 Eusebius
691 2958 890 3006 Pamphili,
913 2958 1044 2995 dicens.
1091 2982 1117 3001 „
1129 2957 1283 2993 Deorum
1302 2962 1341 2993 et
1364 2955 1605 2999 semideomm,
