1800 3236
540 173 1065 221 cuRoNoGRAPmA.
1470 145 1572 224 713

69 287 153 347 πρὸ
181 291 262 345 τῆς
278 287 383 344 ἐμῆς
397 287 681 349 χειροτονίας,
712 284 830 343 οἶμαι
858 287 907 332 δὲ
935 288 1102 345 καὶ-τῆς
1120 292 1196 333 τοῦ
1215 291 1424 350 μακαρίου
1437 290 1572 352 Ἡρα-

69 363 151 405 κλᾶ
178 355 477 410 καταστάσεως
506 362 584 414 τῆς
613 361 857 416 συναγωγῆς
872 355 1059 415 ὖπόγυον
1077 358 1380 415 βαπτιζόμενος
1402 381 1570 422 περιτυ-

64 429 172 487 χὼν,
193 431 263 483 καὶ
280 432 368 487 τῶν
382 425 679 486 ἐπερωτήσεων
688 429 757 472 καὶ
778 432 865 472 τῶν
882 427 1141 488 ἀποκρίσεων
1160 429 1413 487 ἐπακούσας,
1433 451 1566 492 προσ-
1577 448 1608 484 Β

68 499 185 557 ἦλθέ
203 517 279 556 μοι
298 499 456 543 κλαίων
483 500 552 542 καὶ
574 503 860 557 καταθρηνῶν
886 497 1062 544 ἔαυτόν·
1098 502 1169 544 καὶ
1198 501 1362 546 πίπτων
1389 503 1471 561 πρὸ
1492 523 1571 549 πο-

38 572 159 614 warne
178 588 264 626 μου
295 567 675 627 ἐξομολογούμενος
698 570 775 626 μὲν
795 571 866 613 καὶ
889 567 1161 627 ἔξομνύμενος
1190 571 1240 615 τὸ
1266 571 1510 630 βάπτισμα,
1548 573 1572 619 ὃ

54 640 185 698 παρὰ
207 647 299 691 τοῖς
326 639 548 696 αἱρετικοΐς
566 640 858 695 βεβαπτίσθαι
874 640 937 697 μὴ
956 646 1146 685 τοιοῦτον
1169 639 1272 685 εἶναι
1283 676 1299 697 ,
1335 645 1445 700 μηδὲ
1465 644 1573 697 ὅλως

66 710 173 768 ἔχειν
194 729 235 755 τι
263 711 417 768 ἐπᾶραι
443 717 534 762 τοῖς
558 709 804 769 ὀφθαλμοῖς
824 710 931 769 πρὸς
955 711 1031 755 τὸν
1051 711 1157 756 θεὸν
1185 711 1269 756 ἀπὸ
1296 718 1382 758 τῶν
1402 713 1571 770 ἀνόμων

66 782 231 826 ἐκείνων
246 778 449 839 ῥημάτων
459 782 529 825 καὶ
540 779 798 839 πραγμάτων
814 779 1059 839 ὁρμώμενος
1070 796 1081 807 ·
1107 783 1176 826 καὶ
1194 783 1265 827 διὰ
1276 788 1403 829 τοῦτο
1424 784 1570 842 δεόμε-

65 870 139 904 νος
149 856 226 909 τῆς
235 849 580 909 εἷλικρινεστάτης
596 849 758 908 ταύτης
773 849 1028 911 καθάρσεως
1037 854 1362 912 καὶπαραδοχῆς
1373 855 1572 915 καὶχάρι-

11 930 57 964 10
66 940 142 973 τος
153 929 290 979 τυχεῖν
301 936 312 946 ·
339 919 442 981 ὅπερ
454 921 533 980 {yn}
541 922 619 978 μὲν
631 921 708 966 οὐκ
716 919 930 980 ἐτόλμησα
938 927 1125 980 ποιῆσαι,
1142 921 1283 982 φήσας
1294 925 1483 984 αὖταρκῆ
1493 927 1570 984 τὴν

66 990 344 1051 πολυχρόνιον
361 992 477 1052 αὐτῷ
496 993 712 1036 κοινωνίαν
730 994 787 1043 εἷς
804 997 931 1037 τοῦτο
952 993 1173 1051 γεγονέναι.
1211 994 1473 1055 εὐχαριστίας
1487 998 1569 1057 γὰρ

63 1061 368 1108 ὑπακούσαντα
396 1064 466 1106 καὶ
483 1060 920 1120 συνεπιφθεγξάμενον
938 1063 987 1108 τὸ
1007 1064 1120 1121 ἀμὴν
1139 1065 1210 1108 καὶ
1229 1067 1412 1126 τραπέζῃ
1428 1086 1568 1126 παρα-

65 1131 228 1178 στάντα
262 1134 334 1177 καὶ
359 1140 504 1192 χεῖρας
532 1135 591 1184 εἷς
625 1130 840 1191 ὑποδοχὴν
870 1138 947 1190 τῆς
979 1132 1101 1192 ἁγίας
1135 1141 1299 1195 τροφῆς
1328 1135 1603 1183 ἔκτείνανταο

64 1206 134 1249 καὶ
152 1201 313 1260 ταύτην
332 1202 669 1259 καταδεξάμενον
686 1205 758 1246 καὶ
776 1207 853 1248 τοῦ
872 1202 1070 1260 σώματος
1090 1207 1161 1249 καὶ
1182 1211 1258 1250 τοῦ
1287 1207 1466 1263 αἵματος
1486 1214 1563 1253 τοῦ
1586 1220 1630 1260 V.
1652 1219 1723 1258 303

10 1284 55 1320 15
65 1276 212 1333 κυρίου
235 1271 357 1330 ἡμῶν
374 1274 514 1331 Ἰησοῦ
534 1277 729 1332 Χριστοῦ
755 1272 1021 1330 μετασχόντα
1050 1275 1194 1320 ἱκανὸν
1217 1274 1375 1334 χρόνον
1404 1278 1481 1322 οὗκ
1512 1278 1566 1323 ἂν

65 1348 112 1398 ἐξ
131 1343 324 1403 ὑπαρχῆς
344 1342 637 1398 ἄνασκευάζειν
656 1342 991 1401 ἐπιτολμήσαιμι.
1027 1349 1206 1403 θαρσεῖν
1227 1348 1274 1390 δὲ
1292 1347 1478 1392 ἐκέλευον
1495 1350 1565 1392 καὶ

64 1415 175 1472 μετὰ
202 1419 381 1471 βεβαιᾶς
402 1416 580 1466 πίστεως
600 1415 670 1457 καὶ
692 1414 862 1471 ἀγαθῆς
883 1415 1049 1466 ἐλπίδος
1066 1420 1119 1474 τῇ
1137 1420 1295 1475 μετοχῇ
1326 1422 1410 1462 τῶν
1435 1416 1564 1475 ἆγίων

65 1486 294 1544 προσιέναι.
351 1483 373 1529 ὅ
403 1486 449 1529 δὲ
477 1484 573 1529 οὔτε
602 1488 772 1528 πενθῶν
802 1482 980 1528 παύεται
1006 1486 1182 1544 πέφρικέ
1214 1503 1259 1531 τε
1289 1491 1343 1545 τῇ
1379 1489 1573 1547 τραπέζῃ.

65 1555 283 1615 προσιέναι
300 1557 373 1600 καὶ
392 1552 514 1612 μόλις
535 1551 909 1613 παρακαλούμενος
932 1554 1179 1600 συνεστάναι
1196 1562 1288 1608 ταῖς
1312 1566 1562 1614 προσευχαῖς

7 1626 269 1683 Ξοᾶνὲχεται.
328 1627 396 1671 ἐπὶ
423 1633 519 1678 ταῖς
546 1625 862 1684 προειρημέναις
893 1625 1067 1684 φέρεταί
1088 1643 1153 1677 τις
1179 1625 1286 1682 ι’ίλλη
1314 1631 1392 1671 τοῦ
1426 1628 1559 1672 αὐτοῦ

65 1699 160 1755 περὶ
188 1696 484 1754 βαπτίσματος
516 1695 712 1752 ἐπιστολὴ
742 1697 787 1748 ἐξ
824 1694 956 1741 αὐτοῦ
987 1697 1058 1740 καὶ
1087 1690 1139 1752 ἧς
1172 1693 1309 1753 ἡγεῖτο
1338 1699 1559 1756 παροικίας

63 1766 224 1828 Ξύστῳ
251 1769 323 1810 καὶ
359 1771 413 1826 τῇ
442 1765 552 1811 κατὰ
576 1763 741 1823 Ῥώμην
778 1766 975 1828 ἐκκλησίᾳ
1002 1766 1389 1826 προσπεφωνημένη
1398 1799 1415 1822 ,
1452 1769 1496 1812 ἔν
1526 1763 1557 1826 ᾗ

158 1854 194 1892 4.
218 1855 296 1891 τῶν
315 1855 448 1891 ποδῶν
468 1855 515 1890 G.
619 1856 655 1892 6.
680 1852 928 1904 βεβάπτισται
948 1853 996 1889 G.
1107 1855 1143 1894 9.
1165 1854 1230 1892 καὶ
1246 1853 1399 1902 χάριτος
1417 1867 1461 1891 ex
1477 1856 1558 1891 En-

159 1903 271 1940 sebio.
304 1902 422 1948 Vulgo
445 1900 487 1939 ἐν
505 1899 669 1948 χάριτος.
771 1903 827 1941 18.
851 1897 955 1948 οὔτε]
979 1898 1072 1941 οὐδὲ
1090 1902 1140 1939 G.
1243 1904 1303 1942 22.
1325 1901 1463 1952 Ξύστφ
1478 1903 1555 1939 Eu-

157 1950 289 1986 sebius.
321 1950 437 1996 Vulgo
455 1951 613 1992 Ξύστος.

62 2024 102 2058 et
118 2021 188 2057 iam
205 2023 288 2056 ante
304 2020 531 2068 promotionis
549 2033 647 2057 meae
664 2022 801 2067 tempus
812 2044 825 2064 ,
846 2031 930 2056 reor
945 2019 1048 2056 etiam
1072 2021 1155 2055 ante
1180 2020 1224 2058 B.
1244 2019 1430 2057 Heraclam
1450 2019 1554 2056 insti-

62 2072 175 2104 tutum
192 2068 360 2104 communi
390 2068 554 2106 societati
571 2068 793 2115 adscriptus,
823 2079 900 2103 eum
920 2068 1013 2103 forte
1034 2066 1289 2103 lustrandorum
1305 2068 1432 2104 ritibus
1450 2068 1553 2104 adfo-

61 2120 121 2151 ret
138 2121 175 2152 et
189 2116 486 2162 interrogatorum
510 2115 842 2162 responsionumque
864 2114 998 2150 vicibus
1024 2114 1192 2149 attentius
1208 2125 1327 2151 aurem
1353 2116 1552 2161 praeberet,

61 2161 153 2198 fleus
171 2164 343 2205 ubertim,
366 2167 404 2198 et
420 2168 548 2198 sortem
565 2163 744 2210 propriam
760 2162 944 2208 deplorans
964 2161 1009 2196 ad
1025 2161 1135 2207 pedes
1151 2173 1246 2197 meos
1273 2163 1490 2208 procumbit,
1514 2166 1552 2197 et

62 2221 109 2244 ex
133 2210 247 2246 auimo
273 2210 474 2253 confessus,
499 2222 569 2258 quo
589 2211 634 2245 ab
655 2208 844 2245 haereticis
864 2208 1023 2244 initiatus
1041 2213 1142 2251 erat,
1163 2208 1368 2255 baptismum
1387 2220 1550 2244 exsecra-

61 2262 146 2300 tur3
179 2257 401 2304 mysterium,
425 2258 519 2304 quod
536 2257 649 2300 vidit,
672 2257 710 2292 in
731 2269 771 2291 se
791 2267 862 2291 non
886 2256 1112 2299 observasse,
1143 2267 1260 2301 neque
1276 2268 1362 2291 vero
1377 2268 1468 2291 nunc
1486 2257 1550 2290 ha-

62 2303 171 2347 beat,
193 2316 263 2359 quo
279 2305 316 2339 in
337 2304 470 2340 caelum
490 2305 611 2341 oculos
629 2315 705 2339 cum
722 2302 849 2340 fiducia
865 2302 1048 2344 sustollat,
1071 2313 1094 2336 a
1121 2302 1301 2348 sacrilegis
1324 2303 1394 2338 iilis
1422 2303 1547 2338 ritibus

62 2355 103 2385 et
118 2351 235 2386 verbls
253 2352 401 2398 primum
419 2364 599 2399 erumpere
618 2351 684 2386 sibi
704 2351 823 2392 visus3
847 2361 956 2395 quare
972 2348 1189 2396 purissimam
1203 2349 1299 2385 illam
1314 2349 1473 2396 baptismi
1485 2361 1548 2383 ex-

88 2397 276 2441 iafionem,
298 2397 531 2445 iteratamque
548 2399 594 2434 ad
614 2397 792 2434 ecclesiam
811 2397 972 2433 unionem
988 2407 1082 2432 nova
1098 2396 1218 2442 gratia
1235 2397 1402 2443 consequi
1427 2400 1550 2442 postu-

61 2408 150 2479 fare.
196 2445 326 2480 Petitis
353 2457 504 2482 annuere
527 2457 597 2481 non
627 2445 766 2492 quidem
799 2455 904 2480 ausus
935 2455 1008 2480 sum
1019 2469 1033 2487 ‚
1072 2443 1136 2489 qui
1162 2455 1323 2479 annosam
1353 2444 1445 2478 illam
1472 2454 1547 2477 cum

62 2491 215 2527 ecclesia
239 2492 508 2528 communionem
529 2493 693 2528 sufficere
717 2492 935 2528 affimarm
979 2491 1073 2527 Nam
1095 2490 1158 2537 qui
1181 2495 1301 2536 grates
1326 2491 1391 2525 deo
1420 2488 1547 2525 referri

60 2538 282 2581 audivisset,
304 2538 383 2585 qui,
408 2551 528 2582 amen,
551 2539 813 2585 respondisset,
835 2549 959 2576 sacrae
978 2549 1118 2574 mensae
1142 2537 1339 2573 adstitisset
1354 2537 1389 2572 e't
1404 2537 1450 2571 ad
1466 2547 1548 2570 cae-

59 2584 162 2620 lestis
189 2585 260 2620 cibi
289 2585 542 2632 susceptionem
563 2585 781 2621 extendisset
803 2596 922 2621 manus
939 2589 978 2622 et
993 2595 1035 2621 eo
1055 2590 1190 2631 sumpto
1214 2583 1370 2629 corporis
1399 2589 1436 2618 et
1463 2593 1545 2616 san-

59 2631 180 2677 guinis
198 2632 328 2667 domini
347 2632 458 2667 nostri
477 2633 560 2669 Iesu
580 2632 719 2668 Christi
732 2631 865 2668 diutino
882 2636 1040 2678 tempore
1056 2631 1263 2667 consortium
1286 2630 1444 2671 iniisset,
1466 2640 1544 2663 eum

61 2689 107 2714 cx
121 2679 261 2726 integro
277 2690 450 2715 renovare
465 2691 535 2714 uon
554 2680 837 2726 praesumebam3
860 2690 969 2726 quare
986 2679 1076 2714 bono
1094 2677 1204 2714 animo
1224 2689 1303 2712 esse
1316 2677 1446 2711 iussum
1468 2686 1544 2710 cum

59 2724 207 2762 indubia
218 2725 290 2761 fide
306 2731 344 2761 et
359 2730 456 2762 certa
476 2738 540 2772 spe
558 2725 605 2761 ad
625 2737 801 2762 sacrorum
818 2725 1076 2773 perceptionem
1088 2725 1253 2760 hortabar
1271 2723 1448 2758 accedere.
1479 2721 1546 2775 Ilio

59 2773 163 2808 modo
181 2772 337 2808 luctibus
354 2785 423 2808 uon
437 2773 552 2820 posito
562 2799 574 2816 ‚
598 2772 645 2808 ad
659 2785 809 2809 menam
824 2775 995 2809 accedere
1009 2771 1191 2808 exhorruit
1206 2774 1243 2805 et
1259 2770 1296 2804 in
1313 2769 1460 2805 occhein
1482 2779 1543 2802 vix

58 2818 153 2855 inter
183 2819 394 2866 precandum
418 2820 523 2855 etiam
550 2824 697 2866 rogatus
725 2819 916 2856 consistere
938 2819 1113 2854 sustinuit.
1167 2817 1316 2852 Praeter
1338 2819 1544 2852 memoratas

57 2865 128 2902 alia
147 2865 194 2901 de
218 2867 391 2913 baptismo
417 2866 571 2902 eiusdem
590 2867 741 2912 epistola
756 2869 803 2904 ab
822 2879 864 2902 eo
882 2866 1018 2912 pariter
1037 2871 1073 2901 et
1090 2865 1134 2899 ab
1149 2863 1297 2899 ecclesia
1314 2875 1415 2909 quam
1438 2874 1543 2907 rege-

59 2913 124 2949 bat
138 2912 254 2961 Xysto
279 2913 527 2962 Romanaeque
539 2913 711 2951 ecclesiae
726 2920 926 2961 nuncupata
945 2910 1203 2954 clrcumfertur3
1225 2921 1295 2956 qua
1310 2911 1358 2947 de
1384 2909 1543 2945 subiecta
