1800 3236
198 174 302 227 234
468 237 472 241 η
673 181 923 228 GEORGII
952 182 1239 230 SYNCELLI

236 292 472 340 Σικυωνίων
503 289 550 337 ιε’
586 291 826 349 ἐβασίλευσε
855 292 1096 354 Μαράθιος
1126 293 1196 353 ἔτη
1217 291 1268 342 κ’.
1306 301 1383 341 τοῦ
1403 298 1450 342 δὲ
1471 294 1629 354 κόσμου
1648 294 1701 357 ἦν

339 363 432 416 ἔτος
453 360 597 426 ,γωνεζ

234 436 473 481 Σικυωνίων
496 431 548 486 ις’
571 432 812 490 ἐβασίλευσε
832 430 983 493 Κόραξ
1000 430 1072 491 ἴτη
1095 430 1147 479 λ’.
1185 439 1262 480 τοῦ
1287 436 1333 480 δὲ
1355 433 1514 493 κόσμου
1535 431 1589 494 ἦν
1608 435 1700 489 ἔτος

337 501 486 567 ιγωπέ.

233 577 471 622 Σικυωνίων
499 570 548 627 ιζ’
570 572 834 629 ἐβασίλευσεν
850 571 1061 626 Ἐπωπεὺς
1080 571 1150 632 ἴτη
1171 571 1254 632 λβ’.
1291 578 1368 620 τοῦ
1396 577 1443 621 δὲ
1460 573 1621 634 κόσμου
1646 572 1730 635 ἦνὸ

338 645 429 697 ἔτος
450 641 597 706 [flores.

236 716 475 764 Σικυωνίων
507 711 561 770 ιη’
598 713 838 769 ἐβασίλευσε
869 712 1114 769 Λαομέδων
1141 711 1213 772 ἔτη
1232 711 1316 773 μγ’.
1361 719 1439 761 τοῦ
1464 716 1511 761 δὲ
1538 713 1699 773 κόσμου

336 782 389 844 ἦν
414 785 505 836 ἴτος
528 782 695 849 ,γῆμζῖ

721 892 931 952 Ἀργείων
964 895 1173 952 βασιλεῖς.

157 982 191 1019 0
301 981 493 1042 Δευτὲρα
525 981 632 1039 μετὰ
661 981 739 1039 τὴν
759 982 996 1027 Σικυωνίων
1016 983 1233 1038 βασιλείαν
1254 982 1363 1027 κατὰ
1390 982 1468 1041 τὴν
1488 979 1699 1042 Εὐρώπην
1712 990 1758 1027 1ο

198 1052 357 1112 λέγεται
376 1054 570 1112 γενέσθαι
589 1054 657 1096 καὶ
679 1051 784 1110 αὕτη
806 1050 1062 1109 ἀρχαιοτάτη
1086 1057 1172 1096 τῶν
1186 1053 1377 1112 Ἀργείων
1391 1051 1560 1112 χρόνοις
1577 1053 1701 1099 ῧστε-

201 1142 276 1184 ρον
297 1123 611 1180 ὀνομαζομένων
637 1120 718 1166 ἀπό
740 1121 1010 1181 τινοςἌργου
1028 1121 1370 1178 βασιλεύσαντος.
1405 1122 1564 1181 ταύτης
1583 1129 1701 1183 πρῶ-

198 1212 274 1246 τος
300 1193 465 1251 Ἴναχος
505 1194 768 1250 ἐβασίλευσεν
808 1192 879 1250 ἴτη
916 1190 950 1237 ν’
960 1226 974 1248 ,
1014 1192 1095 1252 ἀφ’
1130 1187 1179 1237 οὗ
1211 1195 1280 1237 καὶ
1320 1192 1348 1251 ἦ
1378 1192 1501 1253 χώρα
1532 1199 1702 1253 πρῶτον

194 1264 352 1321 Ἰναχία
383 1264 565 1322 ἐλέγετο,
604 1263 680 1315 ἕως
698 1262 864 1322 Ἄργου.
902 1261 1111 1318 βασιλεύει
1143 1265 1189 1308 δὲ
1211 1263 1376 1321 Ἴναχος
1398 1264 1507 1309 κατὰ
1524 1263 1702 1322 Βασχά-

201 1339 295 1379 λεον
330 1332 381 1392 ιγ’
409 1333 586 1392 βασιλέα
615 1333 846 1392 Ἀσσυρίων
880 1331 999 1384 ἔτους
1027 1333 1158 1378 αὐτοῦ
1189 1332 1253 1392 γ’,
1293 1339 1369 1392 τῆς
1399 1336 1446 1378 δὲ
1470 1334 1702 1394 Ἀσσυρίων
1715 1341 1759 1380 15

201 1405 334 1461 ἀρχῆς
353 1404 431 1449 ἔτει
452 1401 538 1462 υνγ’
549 1438 564 1459 ,
599 1404 707 1447 καθ’
736 1403 783 1448 ὃν
802 1402 1022 1461 Αἰγύπτου
1045 1404 1123 1460 μὲν
1145 1402 1328 1462 Κήρτως
1340 1438 1354 1459 ,
1393 1407 1631 1450 Σικυωνίων
1656 1406 1703 1450 δὲ

200 1478 450 1531 Πλημναῒος
479 1474 756 1530 ἐβασίλευσεν.
796 1471 818 1517 ὅ
846 1475 892 1517 δὲ
902 1472 1055 1532 χρόνος
1083 1478 1159 1531 τῆς
1179 1475 1308 1518 αὐτοῦ
1327 1476 1544 1535 βασιλείας
1563 1473 1702 1532 ἀσύμ-

203 1562 344 1604 φωνος
376 1545 545 1605 φέρεται
575 1543 680 1602 παρ’
695 1543 866 1600 Ἕλλησι
889 1544 960 1587 διὰ
978 1544 1056 1601 τὴν
1073 1542 1331 1603 ἀρχαιότητα
1342 1578 1357 1600 ,
1396 1543 1592 1604 καθάπερ
1616 1550 1703 1590 τῶν

160 1619 370 1662 Βλοιπῶν.
409 1615 496 1659 ἔστι
527 1615 573 1658 δὲ
603 1613 712 1658 κατὰ
733 1613 831 1665 τοὺς
851 1613 1034 1666 πολλοὺς
1053 1614 1135 1659 ἀπὸ
1155 1615 1231 1671 μὲν
1251 1619 1329 1659 τοῦ
1354 1613 1524 1674 πρώτου
1539 1614 1702 1673 Ἰνάχου

200 1686 277 1737 ἕως
313 1690 387 1729 τοῦ
418 1683 466 1729 θ’
504 1685 714 1729 Σθενέλου
746 1685 850 1728 ἐτῶν
876 1683 970 1742 υιγ’.
1008 1684 1083 1729 τὸν
1111 1686 1157 1729 δὲ
1190 1685 1604 1738 ΣθένελονΔαναὸς
1632 1688 1700 1730 ἐκ·
1711 1695 1760 1731 20

200 1755 345 1812 βαλὼν
377 1753 577 1814 ἐκράτησε
609 1759 684 1799 τοῦ
707 1753 905 1813 Ἄργους,
943 1752 1000 1806 ὥς
1017 1760 1282 1815 μαρτυροῦσι
1312 1753 1466 1808 πάντες
1485 1757 1699 1816 ἱστορικοὶ,

293 1868 331 1904 2.
356 1865 471 1915 ymvs'
495 1867 538 1902 B.
561 1863 673 1915 ,γωξέ
697 1867 747 1901 G.
850 1867 885 1902 5.
912 1864 1092 1909 Εποπεύς
1113 1867 1229 1914 vulgo.
1322 1865 1393 1914 λβ’]
1421 1867 1561 1903 XXXV
1585 1869 1703 1906 Euse-

297 1914 377 1950 bius
403 1926 436 1960 p.
464 1916 545 1953 128.
671 1915 707 1950 7.
730 1912 805 1960 μγΊ
837 1914 902 1950 XL
927 1914 1118 1950 Eusebius,
1243 1916 1300 1952 12.
1333 1912 1424 1973 ἀπό]
1458 1911 1536 1952 ὑπό
1559 1917 1608 1951 G.

295 1962 354 1998 13.
378 1961 428 2007 ν’]
455 1962 581 2006 „Infra
599 1958 691 2002 νς’.”
716 1973 761 1996 m.
858 1964 915 1998 16.
941 1960 1014 1997 ἔτει
1036 1973 1080 1997 m.
1110 1960 1173 2008 ἔτη
1196 1962 1243 1996 G.
1337 1965 1437 2008 υνγ]
1462 1959 1544 2004 υος’
1568 1976 1614 1999 m.

298 2004 360 2054 ὃν]
387 2005 424 2092 g
437 2021 481 2044 m.
572 2007 718 2057 κη’ρτως
734 2009 777 2044 Β.
805 2009 944 2055 ,Κίρτος
964 2009 1013 2045 G.
1107 2010 1163 2047 17.
1187 2006 1400 2056 πλήμναιος
1413 2010 1458 2045 Β.
1554 2012 1610 2049 19.
1632 2008 1704 2058 μὲν

296 2067 363 2091 om.
426 2083 436 2092 .

251 2158 491 2206 Sicyoniorum
514 2171 577 2196 rex
594 2161 639 2198 15
658 2160 856 2196 Marathius
874 2159 973 2196 annis
992 2161 1052 2204 20,
1076 2159 1194 2196 mundi
1212 2172 1297 2197 vero
1315 2162 1422 2200 3865.

252 2207 495 2253 Sicyoniorum
514 2219 578 2242 rex
599 2211 642 2245 16
661 2209 780 2243 Corax
800 2208 900 2244 annis
917 2209 984 2250 30,
1005 2208 1123 2242 mundi
1142 2219 1225 2244 vero
1243 2210 1350 2248 3885.

253 2253 493 2300 Sicyoniorum
509 2266 573 2289 rex
593 2257 637 2291 17
655 2255 824 2302 Epopeus
846 2254 945 2289 annis
962 2255 1009 2290 32
1020 2280 1031 2296 ,
1053 2254 1173 2289 mundi
1191 2267 1277 2290 vero
1294 2255 1403 2292 3915.

253 2300 494 2348 Sicyoniorum
509 2312 574 2337 rex
591 2304 635 2340 18
653 2302 851 2338 Laomedon
866 2301 964 2337 annis
981 2303 1048 2345 43,
1071 2301 1189 2338 mundi
1205 2314 1290 2338 vero
1308 2301 1413 2341 3947.

750 2375 999 2428 Argivorum
1027 2387 1151 2428 reges.

302 2440 501 2477 Secundum
533 2440 600 2476 hoc
626 2440 664 2476 in
689 2441 836 2488 Europa
863 2446 946 2489 post
977 2441 1216 2489 Sicyoniorum
1241 2442 1372 2478 dicitur
1397 2440 1620 2477 constitutum
1645 2453 1703 2477 re-

208 2497 313 2532 gnum
335 2487 525 2535 praecipua
550 2491 727 2524 vetustate
754 2490 1044 2532 commendatum,
1069 2489 1211 2535 Argivis
1239 2490 1360 2525 ultimo
1387 2494 1543 2535 tempore
1568 2501 1590 2524 a
1613 2500 1702 2535 quo-

206 2534 286 2569 dam
313 2535 409 2580 Argo
436 2546 522 2581 rege
544 2538 787 2581 nuncupatum.
835 2537 996 2582 Regnum
1024 2536 1156 2583 primus
1180 2537 1334 2572 obtinuit
1351 2536 1503 2572 Inachus
1522 2535 1622 2571 annis
1640 2536 1702 2578 56,

207 2592 230 2616 a
249 2592 319 2628 quo
344 2581 443 2627 regio
470 2582 629 2628 primitus
653 2582 798 2617 Inachia
821 2583 1001 2619 dicebatur
1030 2583 1074 2618 ad
1099 2585 1232 2630 Argum
1253 2596 1363 2630 usque
1383 2595 1511 2629 regem.
1558 2582 1703 2627 Regna-

207 2628 263 2663 vit
289 2632 404 2664 autem
430 2627 579 2664 Inachus
604 2629 789 2664 Baschalei
813 2631 858 2666 13
882 2630 1102 2677 Assyriorum
1121 2631 1216 2677 regis
1235 2635 1412 2677 tempore,
1436 2629 1511 2664 eius
1538 2628 1703 2664 videlicet

208 2686 299 2710 anno
316 2675 441 2719 tertio,
464 2676 684 2723 Assyriorum
703 2676 843 2723 imperii
862 2689 951 2712 anno
971 2677 1062 2720 476,
1087 2689 1155 2724 quo
1172 2679 1300 2713 Certus
1319 2679 1501 2723 Aegypte,
1527 2675 1704 2722 Sicyoniis

209 2726 323 2758 autem
339 2722 544 2759 Plemnaeus
565 2723 772 2769 imperabat.
822 2723 903 2765 Quo
920 2729 1035 2759 tamen
1056 2724 1134 2770 ipse
1154 2725 1211 2761 vel
1232 2724 1366 2772 posteri
1381 2727 1418 2759 et
1434 2721 1560 2768 reliqui
1582 2723 1701 2768 plures

209 2770 433 2815 regnaverint
459 2770 596 2826 spatio,
620 2770 770 2805 Graecis
787 2771 832 2806 ob
851 2771 987 2806 nimiam
1010 2772 1178 2817 temporis
1194 2775 1406 2808 vetustatem
1426 2769 1564 2816 penitus
1587 2769 1703 2804 incer-

209 2820 281 2850 tum
303 2820 379 2858 est3
403 2816 552 2863 plurium
575 2817 795 2852 nihilominus
814 2818 949 2852 obtinet
969 2818 1141 2853 sententia
1153 2845 1164 2862 ‚
1188 2820 1232 2854 ab
1250 2819 1378 2854 Inacho
1399 2828 1508 2862 usque
1528 2815 1573 2851 ad
1593 2816 1701 2851 Sthe-

212 2863 324 2898 nelum
342 2863 536 2910 principem
559 2865 604 2900 ab
628 2876 669 2900 eo
686 2876 811 2899 nonum
830 2876 939 2900 annos
955 2862 1026 2902 413
1054 2864 1274 2909 decurrisse,
1297 2865 1409 2901 eiecto
1430 2875 1516 2898 vero
1533 2863 1700 2898 Sthenelo

212 2910 429 2956 tyrannidem
451 2911 586 2949 invasit
598 2910 741 2949 Danaus
765 2914 803 2948 et
822 2911 867 2949 ad
885 2915 1046 2960 posteros
1064 2912 1279 2957 transmisit,
1303 2916 1344 2948 ut
1360 2914 1470 2949 testes
1486 2915 1568 2946 sunt
1584 2921 1700 2946 omnes
