1800 3236
232 165 336 216 554
708 172 962 221 GEORGII
988 170 1277 221 SYNCELLI

335 281 489 329 Ἰστὲον
522 280 587 329 ὅτι
614 285 685 329 καὶ
703 279 828 338 οὗτος
850 283 872 330 ὅ
896 285 1095 338 ἐξωσθεὶς
1115 285 1273 345 λέγεται
1293 284 1376 332 ὗπό
1398 291 1475 345 τῆς
1489 289 1651 349 μητρός
1669 293 1739 336 καὶ

237 355 259 402 ὅ
294 355 392 412 μετ’
430 354 561 399 αὐτὸν
605 353 686 400 ὕπὸ
719 361 803 400 τῶν
832 353 1164 414 στρατευμάτων
1196 360 1392 415 διωχθεὶς
1418 357 1688 421 Ἀλεξανδρος
1716 361 1737 406 ὃ

237 425 420 485 ἀδελφὸς
440 425 569 469 αὐτοῦ
593 424 614 469 ὃ
638 426 837 478 ἐξωσθεὶς
858 424 1115 482 ὀνομάζεται.

343 501 379 540 Ἰ
385 500 434 540 οὗ
459 493 733 555 Ἀλεξάνδρου
767 495 920 540 τούτου
951 501 1027 548 τοῦ
1059 498 1376 556 προρρηθέντος
1405 500 1501 543 υἶοῢ
1522 497 1736 557 Ἀντιόχου

235 571 313 613 τοῦ
338 567 592 624 Ἐπιφανοῦς
622 566 822 619 πεσόντος
842 568 884 611 ἐν
902 571 956 626 τῇ
980 567 1086 626 πρὸς
1102 571 1371 626 Πτολεμαῖον
1397 568 1767 629 μάχῃιμερίζεταιό

235 637 263 694 ἡ
296 642 372 694 τῆς
404 638 564 695 Συρίας
594 636 702 694 ἀρχὴ
733 638 790 689 εἴς
816 655 861 681 τε
890 636 1140 697 Δημήτριον
1170 640 1244 684 τὸν
1276 645 1352 684 τοῦ
1374 642 1623 699 Δημητρίου
1647 642 1739 686 υἱὸν

235 706 478 767 ὁρμώμενον
509 708 554 751 ἐκ
581 712 659 764 τῆς
697 709 920 760 Σελευκίας
955 710 1023 752 καὶ
1057 711 1116 760 εἷς
1136 709 1210 754 τὸν
1238 711 1330 755 υἱὸν
1358 709 1633 770 Ἀλεξάνδρου
1664 710 1738 770 ὄρ·-

233 777 426 836 μώμενον
456 779 500 821 ἐκ
540 780 699 837 Συρίας
734 781 804 823 καὶ
832 779 1082 836 Ἀντιοχείας
1110 779 1334 837 Ἀντίοχον.
1383 781 1492 825 ἀλλὰ
1522 786 1674 827 τοῦτον
1717 781 1739 826 ὅ

234 848 485 907 Δημητρίου
515 848 762 908 Δημήτριος
790 848 967 906 τάχιστα
995 848 1168 908 νικήσας
1183 856 1395 911 χειροῦται
1415 852 1493 909 τὴν
1515 852 1648 910 ἀρχὴν
1669 852 1739 909 ἴτη

195 918 286 978 Ι)γ’.
324 918 427 964 ὅθεν
454 920 524 963 καὶ
555 918 754 979 Νικάνωρ
785 919 959 977 ἐκλήθη.
997 920 1257 980 στρατεύσας
1284 923 1330 967 δὲ
1351 922 1424 967 ἐπ’
1451 921 1661 981 Ἀρσάκην
1684 925 1740 974 εἷς
1753 928 1799 965 10

235 993 479 1046 Βαβυλῶνα
515 989 782 1046 αἰχμάλωτος
810 993 964 1048 γίνεται
991 989 1072 1035 {md
1099 990 1304 1050 Ἀρσάκου
1336 995 1404 1037 καὶ
1433 995 1491 1044 εἷς
1519 993 1595 1050 τὴν
1613 996 1741 1051 Παρ-

236 1060 365 1118 θικὴν
398 1059 599 1116 ἀναχθεὶς
621 1062 866 1121 ἐφρουρεῖτο
887 1063 1154 1120 σιδηρωθείς.
1192 1062 1296 1108 ὅθεν
1317 1065 1387 1107 καὶ
1405 1065 1632 1122 Σιδηρίτης
1653 1064 1742 1107 ἕλε’-

235 1149 329 1191 γετο
349 1129 539 1190 ὕστερον.

345 1195 483 1252 Οὗτος
515 1201 595 1259 πρὸ
629 1205 706 1258 τῆς
738 1202 796 1253 εἷς
823 1201 1056 1259 Παρθικὴν
1086 1205 1279 1260 φρουρᾶς
1302 1202 1347 1246 ἐκ
1375 1200 1549 1260 Κρήτης
1569 1204 1742 1248 ἐπανελ-

235 1271 331 1316 θών
350 1273 419 1316 καὶ
436 1274 595 1330 Συρίας
612 1269 826 1331 κρατήσας
842 1269 1121 1316 Ἀπολλώνιον
1142 1271 1283 1323 ἔταξεν
1299 1271 1519 1325 Ἰουδαίοις
1535 1278 1740 1330 πολεμεῖν·
1756 1282 1800 1318 15

231 1340 438 1399 Ἰωνάθης
469 1342 514 1385 δὲ
545 1341 634 1399 ἅμα
657 1343 824 1400 μυρίοις
861 1341 1085 1394 ἐπιλέκτοις
1112 1340 1281 1399 Ἰόππην
1309 1343 1480 1400 κατέσχε
1511 1346 1672 1395 κτείνας
1704 1364 1741 1404 ἠ

236 1418 322 1457 τῶν
348 1413 424 1457 σὺν
445 1416 504 1472 τῷ
518 1412 795 1473 Ἀπολλωνίῳ.
835 1410 856 1456 ὃ
877 1412 1005 1464 αὐτὸς
1028 1412 1209 1467 Ἄζωτον
1229 1411 1446 1472 ἐμπρήσας
1465 1414 1514 1459 τὸ
1528 1414 1640 1474 ,παρ’
1664 1415 1743 1458 αὗ-

237 1490 327 1535 τοῖς
349 1483 522 1528 εἴδωλον
540 1488 616 1528 τοῦ
637 1484 794 1541 Δαγὼν
815 1483 1067 1542 ἀφαιρεῖται.

344 1558 418 1615 Τῷ
442 1553 559 1613 αὐτῷ
579 1556 813 1614 Δημητρίῳ
831 1556 1082 1611 Δημητρίου
1096 1557 1264 1611 Σωτῆρι
1285 1553 1555 1614 ἐπιλεγομένῳ
1579 1556 1647 1598 καὶ
1659 1558 1743 1598 Νι-

238 1620 383 1684 κάνορι
413 1627 682 1680 Πτολεμαῖος
708 1626 878 1669 δίδωσιν
914 1621 1170 1682 ἀφελόμενος
1194 1621 1470 1682 Ἀλεξάνδρου
1499 1626 1576 1682 τὴν
1601 1630 1738 1682 θυγα-
1753 1635 1800 1670 20

83 1705 126 1740 Ρ,
149 1705 222 1743 293
244 1695 346 1753 τέρα
371 1692 653 1754 Κλεοπάτραν
684 1693 791 1750 ὁμοῦ
823 1696 892 1738 καὶ
914 1699 991 1751 τῆς
1017 1695 1175 1752 Συρίας
1195 1692 1339 1752 ἀρχήν.
1378 1695 1618 1752 ἀπέστησαν
1637 1697 1682 1739 δὲ
1700 1697 1745 1739 αἱ

239 1764 435 1822 δυνάμεις
466 1769 542 1809 τοῦ
578 1767 831 1824 Δημητρίου
853 1767 921 1809 καὶ
950 1763 1106 1822 ἐδεήθη
1121 1763 1328 1808 Ἰωνάθου
1356 1765 1520 1822 πέμψαι
1539 1764 1743 1824 στράτευ-

331 1901 367 1937 6.
391 1897 458 1936 τόν
477 1899 549 1937 τοῦ
567 1900 775 1948 δημητρίου
794 1900 838 1936 Β.
869 1898 939 1936 τὸν
957 1899 1166 1946 δημητρίου
1188 1900 1232 1937 A.
1264 1900 1337 1936 τοῦ
1357 1900 1577 1946 Δημητρίου
1599 1901 1647 1936 G.

329 1949 365 1985 7.
390 1948 597 1991 σελευκείοις
615 1950 658 1983 Α.
755 1950 812 1985 11.
838 1949 980 1994 γίνεται
1000 1959 1065 1982 om.
1086 1948 1133 1982 G.
1234 1949 1290 1983 16.
1310 1943 1617 1994 ’Idnnan‘Vulgo
1638 1946 1743 1984 Ἰαἱπ-

329 2007 419 2042 πην.
513 1996 563 2046 οη]
591 1994 623 2044 η’
649 1996 698 2033 G.
791 1997 850 2033 20.
877 1991 1108 2041 ἀλεξάνδρου
1129 1995 1171 2030 Β.
1195 1991 1414 2043 Αλεξάνδρου
1430 1995 1478 2030 G.

332 2112 601 2149 Observandum
630 2112 722 2148 hunc
755 2123 777 2148 a
796 2116 906 2148 matre
937 2112 1022 2148 solio
1040 2111 1219 2158 depulsum
1243 2111 1352 2156 ferri,
1376 2110 1609 2148 Alexandrum
1628 2113 1743 2146 autem

240 2161 385 2196 fratrem
410 2172 431 2196 a
451 2161 644 2204 militibuss,
669 2171 712 2195 ex
734 2172 803 2206 quo
823 2160 972 2208 Depulsi
991 2171 1113 2195 nomen
1134 2159 1294 2194 obtinuit.

336 2207 535 2243 Alexandro
555 2208 719 2243 Antiochi
736 2207 886 2242 Illustris
904 2207 976 2243 filio
1000 2210 1185 2242 memorato
1207 2217 1326 2252 pugna
1342 2205 1380 2240 in
1397 2205 1634 2240 Ptolemaeum
1653 2216 1742 2238 com—

243 2253 347 2291 missa
367 2266 490 2297 caeso,
515 2255 608 2291 inter
628 2254 842 2291 Demetrium
862 2254 1031 2290 Demetrii
1050 2253 1160 2288 filium
1177 2265 1197 2287 e
1215 2252 1397 2294 Seleucia,
1422 2252 1531 2287 filium
1550 2252 1642 2286 illius
1661 2252 1743 2286 Ale-

243 2302 415 2338 xandrum
433 2314 453 2336 e
473 2302 602 2347 Syria,
626 2306 664 2337 et
682 2302 888 2337 Antiochum
911 2314 956 2336 ex
975 2299 1161 2335 Antiochia
1188 2300 1423 2346 irrumpentes
1441 2299 1569 2344 Syriae
1599 2310 1743 2343 regnum

244 2360 309 2397 per
327 2353 446 2395 partes
467 2348 697 2392 discinditur3
721 2349 787 2384 hoc
802 2354 919 2383 tamen
942 2352 1114 2394 postremo
1134 2346 1235 2382 brevi
1253 2352 1410 2393 tempore
1440 2347 1598 2381 confecto
1617 2346 1744 2380 Deme-

244 2395 307 2431 trii
326 2395 419 2430 filius
439 2395 637 2430 Demetrius
653 2407 762 2441 regno
793 2396 925 2442 potitur
955 2395 1054 2429 annis
1073 2394 1186 2429 tribus
1200 2419 1210 2437 ,
1236 2406 1280 2429 ex
1303 2406 1369 2440 quo
1393 2394 1554 2430 Nicanor
1584 2398 1743 2427 vocatus.

245 2442 481 2489 Expeditione
498 2442 626 2477 deinde
641 2444 677 2478 in
694 2446 857 2478 Arsacem
876 2441 921 2477 ad
938 2442 1152 2488 Babylonem
1183 2446 1365 2488 suscepta,
1391 2445 1513 2488 captus
1545 2440 1588 2475 ab
1612 2442 1744 2474 Arsace

245 2490 284 2525 in
302 2489 480 2525 Parthiam
500 2490 671 2525 abductus
687 2489 814 2526 ferreis
833 2489 1057 2537 compedibus
1074 2488 1285 2532 includitur3
1304 2501 1348 2524 ex
1367 2500 1436 2535 quo
1453 2487 1624 2524 Siderites
1643 2490 1743 2533 post-

247 2538 384 2574 modum
405 2536 522 2573 dictus
542 2540 609 2572 est.
734 2565 736 2568 ,

340 2583 412 2619 Hic
432 2587 513 2619 ante
533 2583 736 2619 Parthicum
764 2594 938 2619 carcerem
957 2595 979 2619 e
998 2583 1106 2619 Creta
1132 2583 1242 2618 redux
1269 2585 1307 2618 et
1325 2581 1452 2629 Syriae
1478 2580 1578 2625 regni
1604 2592 1743 2625 compos

247 2633 366 2669 factus
380 2630 599 2679 Apollonium
617 2631 654 2665 in
682 2630 831 2666 Iudaeos
856 2632 1013 2666 armavit.
1061 2631 1225 2667 Ionathas
1253 2635 1367 2665 autem
1390 2627 1513 2664 electis
1537 2627 1630 2662 mille
1656 2627 1743 2661 viris

249 2678 424 2725 stipatus,
447 2690 492 2714 ex
509 2677 682 2726 Apollonii
699 2678 804 2713 sociis
824 2679 933 2713 caesis
954 2678 1102 2713 millibus
1123 2683 1222 2720 octo,
1247 2677 1380 2722 Ioppen
1401 2675 1600 2720 occupavit.
1647 2674 1743 2709 Idem

249 2727 396 2808 Azotum
413 2726 533 2762 urbem
552 2725 706 2762 vastavit
721 2724 867 2760 flammis
886 2731 922 2760 et
933 2725 1089 2772 Dagonis
1111 2725 1239 2760 idolum
1259 2724 1389 2759 divinis
1408 2721 1596 2758 honoribus
1615 2721 1744 2756 cultum

248 2777 347 2809 sustu
361 2773 391 2808 it
415 2791 1706 2810 ....................................

341 2820 417 2867 Ipsi
431 2820 632 2864 Demetrio,
665 2819 836 2855 Demetrii
853 2820 991 2855 Soteris
1013 2819 1108 2863 filio,
1136 2817 1309 2855 Nicanori
1328 2828 1467 2864 quoque
1491 2815 1607 2858 dicto,
1638 2814 1744 2849 filiam

248 2867 471 2914 Cleopatram
489 2867 684 2903 Alexandro
707 2872 864 2914 ereptam
884 2867 979 2903 locat
995 2867 1213 2902 Ptolemaeus
1224 2894 1234 2910 ,
1261 2876 1398 2912 unaque
1414 2875 1558 2909 regnum
1577 2863 1614 2897 in
1629 2861 1744 2896 dotem

248 2915 368 2952 offert.
415 2915 566 2951 Suorum
585 2927 671 2953 vero
689 2915 885 2952 defectione
902 2914 1099 2951 Demetrius
1120 2914 1290 2950 attonitus
1316 2911 1503 2948 auxiliares
1528 2909 1648 2957 copiae
1671 2910 1743 2945 An·-
