<?xml version="1.0" encoding="UTF-8"?>
<!DOCTYPE html PUBLIC "-//W3C//DTD XHTML 1.0 Transitional//EN"
    "http://www.w3.org/TR/xhtml1/DTD/xhtml1-transitional.dtd">
<html xmlns="http://www.w3.org/1999/xhtml" xml:lang="en" lang="en">
 <head>
  <title>
</title>
<meta http-equiv="Content-Type" content="text/html;charset=utf-8" />
  <meta name='ocr-system' content='tesseract 3.04.00' />
  <meta name='ocr-capabilities' content='ocr_page ocr_carea ocr_par ocr_line ocrx_word'/>
</head>
<body>
  <div class='ocr_page' id='page_1' title='image "./corpusscriptorum20niebuoft_0400.png"; bbox 0 0 1800 3236; ppageno 0'>
   <div class='ocr_carea' id='block_1_1' title="bbox 263 222 1271 273">
    <p class='ocr_par' dir='ltr' id='par_1_1' title="bbox 263 222 1271 273">
     <span class='ocr_line' id='line_1_1' title="bbox 263 222 1271 273; baseline -0.003 0"><span class='ocrx_word' id='word_1_1' title='bbox 263 222 375 273; x_wconf 66' lang='lat'>386·</span> <span class='ocrx_word' id='word_1_2' title='bbox 444 266 450 273; x_wconf 61' lang='lat'>„</span> <span class='ocrx_word' id='word_1_3' title='bbox 693 225 955 273; x_wconf 80' lang='lat' dir='ltr'><strong>&#39;GEORGII</strong></span> <span class='ocrx_word' id='word_1_4' title='bbox 983 224 1271 273; x_wconf 83' lang='lat' dir='ltr'>SYNCELLI</span> 
     </span>
    </p>
   </div>
   <div class='ocr_carea' id='block_1_2' title="bbox 222 333 1800 1938">
    <p class='ocr_par' dir='ltr' id='par_1_2' title="bbox 222 333 1800 1937">
     <span class='ocr_line' id='line_1_2' title="bbox 270 333 1767 398; baseline 0 -14"><span class='ocrx_word' id='word_1_5' title='bbox 270 337 445 396; x_wconf 86' lang='grc' dir='ltr'><strong><em>Γαβαὴλ</em></strong></span> <span class='ocrx_word' id='word_1_6' title='bbox 477 333 694 396; x_wconf 77' lang='grc' dir='ltr'><em>ὁμόφυλον</em></span> <span class='ocrx_word' id='word_1_7' title='bbox 726 336 895 395; x_wconf 78' lang='grc' dir='ltr'><em>ἀγαγεῖν</em></span> <span class='ocrx_word' id='word_1_8' title='bbox 920 334 1290 396; x_wconf 72' lang='grc' dir='ltr'><strong><em>παρακαταθήκην</em></strong></span> <span class='ocrx_word' id='word_1_9' title='bbox 1318 333 1538 382; x_wconf 75' lang='grc' dir='ltr'><strong><em>ταλάντων</em></strong></span> <span class='ocrx_word' id='word_1_10' title='bbox 1557 336 1767 398; x_wconf 78' lang='grc' dir='ltr'><strong><em>ἀργυρίων</em></strong></span> 
     </span>
     <span class='ocr_line' id='line_1_3' title="bbox 265 402 1767 467; baseline -0.001 -12"><span class='ocrx_word' id='word_1_11' title='bbox 265 411 380 455; x_wconf 75' lang='grc' dir='ltr'><strong><em>δέκα.</em></strong></span> <span class='ocrx_word' id='word_1_12' title='bbox 408 406 437 453; x_wconf 82' lang='grc' dir='ltr'><strong>,ὅ</strong></span> <span class='ocrx_word' id='word_1_13' title='bbox 459 409 505 452; x_wconf 78' lang='grc' dir='ltr'><strong><em>δὲ</em></strong></span> <span class='ocrx_word' id='word_1_14' title='bbox 524 407 657 452; x_wconf 77' lang='grc' dir='ltr'><strong><em>ἀπιών</em></strong></span> <span class='ocrx_word' id='word_1_15' title='bbox 675 407 898 464; x_wconf 75' lang='grc' dir='ltr'><strong><em>μισθωτὸν</em></strong></span> <span class='ocrx_word' id='word_1_16' title='bbox 918 406 1159 465; x_wconf 82' lang='grc' dir='ltr'><strong><em>ὅδοδείκτην</em></strong></span> <span class='ocrx_word' id='word_1_17' title='bbox 1179 406 1429 465; x_wconf 73' lang='grc' dir='ltr'><strong><em>ἐπιζητήσας</em></strong></span> <span class='ocrx_word' id='word_1_18' title='bbox 1464 402 1578 467; x_wconf 67' lang='grc' dir='ltr'><strong><em>εὗρεν</em></strong></span> <span class='ocrx_word' id='word_1_19' title='bbox 1607 409 1767 467; x_wconf 80' lang='grc' dir='ltr'><strong><em>ἀγνοῶν</em></strong></span> 
     </span>
     <span class='ocr_line' id='line_1_4' title="bbox 260 472 1766 539; baseline -0.001 -15"><span class='ocrx_word' id='word_1_20' title='bbox 260 479 451 539; x_wconf 87' lang='grc' dir='ltr'><strong><em>Ῥαφαὴλ</em></strong></span> <span class='ocrx_word' id='word_1_21' title='bbox 474 478 548 522; x_wconf 80' lang='grc' dir='ltr'><strong>τὸν</strong></span> <span class='ocrx_word' id='word_1_22' title='bbox 569 476 837 537; x_wconf 81' lang='grc' dir='ltr'><strong><em>ἀρχάγγελον,</em></strong></span> <span class='ocrx_word' id='word_1_23' title='bbox 873 476 954 536; x_wconf 69' lang='grc' dir='ltr'><strong>ὑφ’</strong></span> <span class='ocrx_word' id='word_1_24' title='bbox 981 472 1032 522; x_wconf 77' lang='grc' dir='ltr'><strong>οὗ</strong></span> <span class='ocrx_word' id='word_1_25' title='bbox 1047 480 1231 535; x_wconf 71' lang='grc' dir='ltr'><strong><em>μυηθεὶς</em></strong></span> <span class='ocrx_word' id='word_1_26' title='bbox 1251 478 1305 522; x_wconf 77' lang='grc' dir='ltr'><strong>τὰ</strong></span> <span class='ocrx_word' id='word_1_27' title='bbox 1326 480 1418 537; x_wconf 84' lang='grc' dir='ltr'><strong><em>περὶ</em></strong></span> <span class='ocrx_word' id='word_1_28' title='bbox 1442 483 1518 535; x_wconf 84' lang='grc' dir='ltr'><strong>τῆς</strong></span> <span class='ocrx_word' id='word_1_29' title='bbox 1535 483 1668 536; x_wconf 80' lang='grc' dir='ltr'><em>χολῆς</em></span> <span class='ocrx_word' id='word_1_30' title='bbox 1690 484 1766 524; x_wconf 84' lang='grc' dir='ltr'><strong>τοῦ</strong></span> 
     </span>
     <span class='ocr_line' id='line_1_5' title="bbox 264 545 1766 608; baseline 0 -14"><span class='ocrx_word' id='word_1_31' title='bbox 264 548 418 608; x_wconf 67' lang='grc' dir='ltr'><strong><em>ῗχθυος</em></strong></span> <span class='ocrx_word' id='word_1_32' title='bbox 437 550 504 593; x_wconf 84' lang='grc' dir='ltr'><strong>καὶ</strong></span> <span class='ocrx_word' id='word_1_33' title='bbox 531 553 607 592; x_wconf 81' lang='grc' dir='ltr'><strong>τοῦ</strong></span> <span class='ocrx_word' id='word_1_34' title='bbox 626 547 790 604; x_wconf 73' lang='grc' dir='ltr'><strong><em>ἥπατος</em></strong></span> <span class='ocrx_word' id='word_1_35' title='bbox 825 549 894 591; x_wconf 84' lang='grc' dir='ltr'><strong>καὶ</strong></span> <span class='ocrx_word' id='word_1_36' title='bbox 919 552 998 604; x_wconf 86' lang='grc' dir='ltr'><strong>τῆς</strong></span> <span class='ocrx_word' id='word_1_37' title='bbox 1018 549 1209 607; x_wconf 87' lang='grc' dir='ltr'><strong><em>καρδιάς,</em></strong></span> <span class='ocrx_word' id='word_1_38' title='bbox 1247 545 1302 592; x_wconf 78' lang='grc' dir='ltr'><strong>τά</strong></span> <span class='ocrx_word' id='word_1_39' title='bbox 1323 566 1368 593; x_wconf 90' lang='grc' dir='ltr'><strong><em>τε</em></strong></span> <span class='ocrx_word' id='word_1_40' title='bbox 1390 549 1500 593; x_wconf 82' lang='grc' dir='ltr'><strong><em>κατὰ</em></strong></span> <span class='ocrx_word' id='word_1_41' title='bbox 1518 549 1595 606; x_wconf 80' lang='grc' dir='ltr'><strong>τὴν</strong></span> <span class='ocrx_word' id='word_1_42' title='bbox 1615 551 1766 606; x_wconf 85' lang='grc' dir='ltr'><strong><em>δαιμο-</em></strong></span> 
     </span>
     <span class='ocr_line' id='line_1_6' title="bbox 261 615 1796 678; baseline -0.001 -13"><span class='ocrx_word' id='word_1_43' title='bbox 261 625 422 666; x_wconf 84' lang='grc' dir='ltr'><strong><em>νιῶσαν</em></strong></span> <span class='ocrx_word' id='word_1_44' title='bbox 455 619 670 676; x_wconf 87' lang='grc' dir='ltr'><strong><em>συγγενίδα</em></strong></span> <span class='ocrx_word' id='word_1_45' title='bbox 699 615 872 678; x_wconf 78' lang='grc' dir='ltr'><strong><em>πράττει</em></strong></span> <span class='ocrx_word' id='word_1_46' title='bbox 893 620 962 662; x_wconf 86' lang='grc' dir='ltr'><strong>καὶ</strong></span> <span class='ocrx_word' id='word_1_47' title='bbox 980 618 1080 670; x_wconf 76' lang='grc' dir='ltr'><strong><em>τοὺς</em></strong></span> <span class='ocrx_word' id='word_1_48' title='bbox 1100 618 1355 677; x_wconf 67' lang='grc' dir='ltr'><strong><em>ὀφθαλμοὺς</em></strong></span> <span class='ocrx_word' id='word_1_49' title='bbox 1375 623 1452 664; x_wconf 79' lang='grc' dir='ltr'><strong>τοῦ</strong></span> <span class='ocrx_word' id='word_1_50' title='bbox 1473 618 1635 678; x_wconf 86' lang='grc' dir='ltr'><strong><em>πατρὸς</em></strong></span> <span class='ocrx_word' id='word_1_51' title='bbox 1651 619 1796 664; x_wconf 82' lang='grc' dir='ltr'><strong><em>ἀνοί-5</em></strong></span> 
     </span>
     <span class='ocr_line' id='line_1_7' title="bbox 262 675 1061 750; baseline -0.011 -14"><span class='ocrx_word' id='word_1_52' title='bbox 262 709 323 750; x_wconf 86' lang='grc' dir='ltr'><strong>γει</strong></span> <span class='ocrx_word' id='word_1_53' title='bbox 346 686 603 734; x_wconf 72' lang='grc' dir='ltr'><strong><em>ἐπανελθών.</em></strong></span> <span class='ocrx_word' id='word_1_54' title='bbox 1054 675 1061 684; x_wconf 62' lang='grc'><em>’</em></span> 
     </span>
     <span class='ocr_line' id='line_1_8' title="bbox 361 755 1769 820; baseline 0 -16"><span class='ocrx_word' id='word_1_55' title='bbox 361 760 606 817; x_wconf 84' lang='grc' dir='ltr'><strong><em>Ἀναγκαῖον</em></strong></span> <span class='ocrx_word' id='word_1_56' title='bbox 644 758 692 803; x_wconf 75' lang='grc' dir='ltr'><strong><em>δὲ</em></strong></span> <span class='ocrx_word' id='word_1_57' title='bbox 723 755 840 813; x_wconf 73' lang='grc' dir='ltr'><strong><em>οἶμαι</em></strong></span> <span class='ocrx_word' id='word_1_58' title='bbox 868 762 922 818; x_wconf 81' lang='grc' dir='ltr'><strong>τῇ</strong></span> <span class='ocrx_word' id='word_1_59' title='bbox 956 755 1152 818; x_wconf 73' lang='grc' dir='ltr'><strong><em>παρούσῃ</em></strong></span> <span class='ocrx_word' id='word_1_60' title='bbox 1178 759 1444 820; x_wconf 70' lang='grc' dir='ltr'><strong><em>αι’χμαλωσίᾳ</em></strong></span> <span class='ocrx_word' id='word_1_61' title='bbox 1477 761 1651 819; x_wconf 69' lang='grc' dir='ltr'><strong><em>ζητῆσαι</em></strong></span> <span class='ocrx_word' id='word_1_62' title='bbox 1679 764 1769 811; x_wconf 86' lang='grc' dir='ltr'><strong>πῶς</strong></span> 
     </span>
     <span class='ocr_line' id='line_1_9' title="bbox 263 827 1767 888; baseline 0 -13"><span class='ocrx_word' id='word_1_63' title='bbox 263 835 340 888; x_wconf 82' lang='grc' dir='ltr'><strong>τῆς</strong></span> <span class='ocrx_word' id='word_1_64' title='bbox 368 835 454 874; x_wconf 85' lang='grc' dir='ltr'><strong>τῶν</strong></span> <span class='ocrx_word' id='word_1_65' title='bbox 475 829 707 887; x_wconf 79' lang='grc' dir='ltr'><strong><em>Ἀσσυρίων</em></strong></span> <span class='ocrx_word' id='word_1_66' title='bbox 741 830 958 884; x_wconf 79' lang='grc' dir='ltr'><strong><em>βασιλείας</em></strong></span> <span class='ocrx_word' id='word_1_67' title='bbox 987 828 1069 888; x_wconf 83' lang='grc' dir='ltr'><strong>πρὸ</strong></span> <span class='ocrx_word' id='word_1_68' title='bbox 1101 827 1167 880; x_wconf 60' lang='grc' dir='ltr'><strong>ἰς’</strong></span> <span class='ocrx_word' id='word_1_69' title='bbox 1200 830 1306 873; x_wconf 77' lang='grc' dir='ltr'><strong><em>ἐτῶν</em></strong></span> <span class='ocrx_word' id='word_1_70' title='bbox 1333 830 1664 887; x_wconf 73' lang='grc' dir='ltr'><strong><em>καθαιρεθείσης</em></strong></span> <span class='ocrx_word' id='word_1_71' title='bbox 1682 828 1767 875; x_wconf 73' lang='grc' dir='ltr'><strong>ὑπὸ</strong></span> 
     </span>
     <span class='ocr_line' id='line_1_10' title="bbox 225 897 1765 960; baseline 0 -15"><span class='ocrx_word' id='word_1_72' title='bbox 225 898 471 960; x_wconf 79' lang='grc' dir='ltr'><strong><em>ΟἈρβᾶκου</em></strong></span> <span class='ocrx_word' id='word_1_73' title='bbox 500 904 576 943; x_wconf 83' lang='grc' dir='ltr'><strong>τοῦ</strong></span> <span class='ocrx_word' id='word_1_74' title='bbox 600 897 762 956; x_wconf 90' lang='grc' dir='ltr'><strong><em>Μήδου</em></strong></span> <span class='ocrx_word' id='word_1_75' title='bbox 794 903 871 943; x_wconf 84' lang='grc' dir='ltr'><strong>τοῦ</strong></span> <span class='ocrx_word' id='word_1_76' title='bbox 899 897 1058 957; x_wconf 81' lang='grc' dir='ltr'><strong><em>ταύτην</em></strong></span> <span class='ocrx_word' id='word_1_77' title='bbox 1091 901 1149 950; x_wconf 78' lang='grc' dir='ltr'><strong><em>εἷς</em></strong></span> <span class='ocrx_word' id='word_1_78' title='bbox 1179 897 1365 957; x_wconf 80' lang='grc' dir='ltr'><strong><em>Μήδους</em></strong></span> <span class='ocrx_word' id='word_1_79' title='bbox 1392 899 1708 958; x_wconf 74' lang='grc' dir='ltr'><strong><em>μετενέγκαντος</em></strong></span> <span class='ocrx_word' id='word_1_80' title='bbox 1737 898 1765 958; x_wconf 78' lang='grc' dir='ltr'><strong><em>ἦ</em></strong></span> 
     </span>
     <span class='ocr_line' id='line_1_11' title="bbox 261 968 1797 1030; baseline -0.001 -15"><span class='ocrx_word' id='word_1_81' title='bbox 261 970 406 1030; x_wconf 83' lang='grc' dir='ltr'><strong><em>γραφὴ</em></strong></span> <span class='ocrx_word' id='word_1_82' title='bbox 437 970 511 1014; x_wconf 79' lang='grc' dir='ltr'><strong>τὸν</strong></span> <span class='ocrx_word' id='word_1_83' title='bbox 532 968 824 1028; x_wconf 80' lang='grc' dir='ltr'><strong><em>Σαλμανασὰρ</em></strong></span> <span class='ocrx_word' id='word_1_84' title='bbox 853 970 1032 1025; x_wconf 75' lang='grc' dir='ltr'><strong><em>βασιλέα</em></strong></span> <span class='ocrx_word' id='word_1_85' title='bbox 1048 969 1280 1028; x_wconf 85' lang='grc' dir='ltr'><strong><em>Ἀσσυρίων</em></strong></span> <span class='ocrx_word' id='word_1_86' title='bbox 1309 974 1431 1014; x_wconf 80' lang='grc' dir='ltr'><strong><em>καλεῖ</em></strong></span> <span class='ocrx_word' id='word_1_87' title='bbox 1452 972 1521 1014; x_wconf 84' lang='grc' dir='ltr'><strong>καὶ</strong></span> <span class='ocrx_word' id='word_1_88' title='bbox 1543 970 1621 1027; x_wconf 82' lang='grc' dir='ltr'><strong>τὴν</strong></span> <span class='ocrx_word' id='word_1_89' title='bbox 1643 970 1767 1015; x_wconf 82' lang='grc' dir='ltr'><strong><em>ἄποι-</em></strong></span> <span class='ocrx_word' id='word_1_90' title='bbox 1780 984 1797 1019; x_wconf 84' lang='lat'>1</span> 
     </span>
     <span class='ocr_line' id='line_1_12' title="bbox 260 1037 1768 1099; baseline -0.001 -13"><span class='ocrx_word' id='word_1_91' title='bbox 260 1044 354 1086; x_wconf 88' lang='grc' dir='ltr'><strong>κιάν</strong></span> <span class='ocrx_word' id='word_1_92' title='bbox 389 1043 447 1092; x_wconf 80' lang='grc' dir='ltr'><strong><em>εἷς</em></strong></span> <span class='ocrx_word' id='word_1_93' title='bbox 458 1039 706 1099; x_wconf 84' lang='grc' dir='ltr'><strong><em>Ἀσσυρίους</em></strong></span> <span class='ocrx_word' id='word_1_94' title='bbox 733 1042 838 1099; x_wconf 84' lang='grc' dir='ltr'><strong><em>φησὶ</em></strong></span> <span class='ocrx_word' id='word_1_95' title='bbox 868 1045 954 1084; x_wconf 84' lang='grc' dir='ltr'><strong>τῶν</strong></span> <span class='ocrx_word' id='word_1_96' title='bbox 983 1037 1010 1083; x_wconf 85' lang='grc' dir='ltr'><strong><em>ι’</em></strong></span> <span class='ocrx_word' id='word_1_97' title='bbox 1044 1044 1203 1099; x_wconf 79' lang='grc' dir='ltr'><strong><em>φυλῶν.</em></strong></span> <span class='ocrx_word' id='word_1_98' title='bbox 1242 1039 1331 1084; x_wconf 75' lang='grc' dir='ltr'><strong><em>εἶτα</em></strong></span> <span class='ocrx_word' id='word_1_99' title='bbox 1351 1040 1429 1098; x_wconf 84' lang='grc' dir='ltr'><strong>τὴν</strong></span> <span class='ocrx_word' id='word_1_100' title='bbox 1448 1040 1622 1097; x_wconf 83' lang='grc' dir='ltr'><strong><em>τοπικὴν</em></strong></span> <span class='ocrx_word' id='word_1_101' title='bbox 1645 1041 1768 1085; x_wconf 73' lang='grc' dir='ltr'><strong><em>θέσιν</em></strong></span> 
     </span>
     <span class='ocr_line' id='line_1_13' title="bbox 259 1110 1767 1170; baseline -0.001 -13"><span class='ocrx_word' id='word_1_102' title='bbox 259 1117 337 1170; x_wconf 82' lang='grc' dir='ltr'><strong>τῆς</strong></span> <span class='ocrx_word' id='word_1_103' title='bbox 369 1111 582 1161; x_wconf 86' lang='grc' dir='ltr'><strong><em>κατοικίας</em></strong></span> <span class='ocrx_word' id='word_1_104' title='bbox 612 1110 754 1154; x_wconf 80' lang='grc' dir='ltr'><strong><em>αὐτῶν</em></strong></span> <span class='ocrx_word' id='word_1_105' title='bbox 781 1111 824 1154; x_wconf 77' lang='grc' dir='ltr'><strong>ἔν</strong></span> <span class='ocrx_word' id='word_1_106' title='bbox 842 1110 1028 1166; x_wconf 80' lang='grc' dir='ltr'><strong><em>Χαλχὰλ</em></strong></span> <span class='ocrx_word' id='word_1_107' title='bbox 1058 1111 1128 1154; x_wconf 81' lang='grc' dir='ltr'><strong>καὶ</strong></span> <span class='ocrx_word' id='word_1_108' title='bbox 1156 1111 1200 1154; x_wconf 72' lang='grc' dir='ltr'><strong>ἐν</strong></span> <span class='ocrx_word' id='word_1_109' title='bbox 1220 1110 1360 1169; x_wconf 76' lang='grc' dir='ltr'><strong><em>Ἀβιόρ</em></strong></span> <span class='ocrx_word' id='word_1_110' title='bbox 1390 1118 1597 1167; x_wconf 80' lang='grc' dir='ltr'><strong><em>ποταμοῖς</em></strong></span> <span class='ocrx_word' id='word_1_111' title='bbox 1618 1114 1661 1154; x_wconf 93' lang='grc' dir='ltr'>Γ</span> <span class='ocrx_word' id='word_1_112' title='bbox 1658 1110 1767 1164; x_wconf 79' lang='grc' dir='ltr'><strong><em>ωζὰν</em></strong></span> 
     </span>
     <span class='ocr_line' id='line_1_14' title="bbox 259 1178 1769 1240; baseline -0.001 -13"><span class='ocrx_word' id='word_1_113' title='bbox 259 1184 329 1227; x_wconf 87' lang='grc' dir='ltr'><strong>καὶ</strong></span> <span class='ocrx_word' id='word_1_114' title='bbox 365 1180 477 1240; x_wconf 68' lang='grc' dir='ltr'><strong><em>ὄρεσι</em></strong></span> <span class='ocrx_word' id='word_1_115' title='bbox 500 1179 683 1238; x_wconf 86' lang='grc' dir='ltr'><strong><em>Μήδων.</em></strong></span> <span class='ocrx_word' id='word_1_116' title='bbox 720 1179 748 1237; x_wconf 78' lang='grc' dir='ltr'>ἢ</span> <span class='ocrx_word' id='word_1_117' title='bbox 779 1182 908 1237; x_wconf 83' lang='grc' dir='ltr'><strong><em>δῆλον</em></strong></span> <span class='ocrx_word' id='word_1_118' title='bbox 931 1180 993 1224; x_wconf 81' lang='grc' dir='ltr'><strong>ὅτι</strong></span> <span class='ocrx_word' id='word_1_119' title='bbox 1014 1178 1185 1238; x_wconf 88' lang='grc' dir='ltr'><strong><em>Μήδων</em></strong></span> <span class='ocrx_word' id='word_1_120' title='bbox 1200 1182 1277 1237; x_wconf 72' lang='grc' dir='ltr'><strong>μὲν</strong></span> <span class='ocrx_word' id='word_1_121' title='bbox 1296 1182 1412 1239; x_wconf 79' lang='grc' dir='ltr'><strong><em>γένος</em></strong></span> <span class='ocrx_word' id='word_1_122' title='bbox 1429 1181 1537 1225; x_wconf 80' lang='grc' dir='ltr'><strong><em>κατὰ</em></strong></span> <span class='ocrx_word' id='word_1_123' title='bbox 1566 1181 1769 1238; x_wconf 83' lang='grc' dir='ltr'><strong><em>διαδοχὴν</em></strong></span> 
     </span>
     <span class='ocr_line' id='line_1_15' title="bbox 258 1248 1765 1310; baseline -0.001 -13"><span class='ocrx_word' id='word_1_124' title='bbox 258 1253 343 1297; x_wconf 79' lang='grc' dir='ltr'><strong>ἀπὸ</strong></span> <span class='ocrx_word' id='word_1_125' title='bbox 370 1249 580 1310; x_wconf 79' lang='grc' dir='ltr'><strong><em>Ἀρβάκου</em></strong></span> <span class='ocrx_word' id='word_1_126' title='bbox 613 1252 893 1305; x_wconf 72' lang='grc' dir='ltr'><strong><em>ἐβασίλευσεν,</em></strong></span> <span class='ocrx_word' id='word_1_127' title='bbox 930 1248 957 1307; x_wconf 77' lang='grc' dir='ltr'><strong><em>ἦ</em></strong></span> <span class='ocrx_word' id='word_1_128' title='bbox 982 1252 1028 1294; x_wconf 77' lang='grc' dir='ltr'><strong><em>δὲ</em></strong></span> <span class='ocrx_word' id='word_1_129' title='bbox 1055 1253 1248 1307; x_wconf 87' lang='grc' dir='ltr'><strong><em>βασιλεία</em></strong></span> <span class='ocrx_word' id='word_1_130' title='bbox 1272 1253 1340 1295; x_wconf 83' lang='grc' dir='ltr'><strong>καὶ</strong></span> <span class='ocrx_word' id='word_1_131' title='bbox 1356 1251 1588 1309; x_wconf 86' lang='grc' dir='ltr'><strong><em>Ἀσσυρίων</em></strong></span> <span class='ocrx_word' id='word_1_132' title='bbox 1609 1252 1765 1310; x_wconf 72' lang='grc' dir='ltr'><strong><em>ἐλέγετο</em></strong></span> 
     </span>
     <span class='ocr_line' id='line_1_16' title="bbox 260 1320 1797 1380; baseline 0 -13"><span class='ocrx_word' id='word_1_133' title='bbox 260 1323 331 1368; x_wconf 79' lang='grc' dir='ltr'><strong>διὰ</strong></span> <span class='ocrx_word' id='word_1_134' title='bbox 359 1322 408 1367; x_wconf 87' lang='grc' dir='ltr'><strong>τὸ</strong></span> <span class='ocrx_word' id='word_1_135' title='bbox 438 1322 594 1379; x_wconf 75' lang='grc' dir='ltr'><strong><em>εὐγενὲς</em></strong></span> <span class='ocrx_word' id='word_1_136' title='bbox 625 1323 695 1365; x_wconf 80' lang='grc' dir='ltr'><strong>καὶ</strong></span> <span class='ocrx_word' id='word_1_137' title='bbox 728 1320 907 1365; x_wconf 85' lang='grc' dir='ltr'><strong><em>παλαιὸν</em></strong></span> <span class='ocrx_word' id='word_1_138' title='bbox 928 1326 1004 1378; x_wconf 82' lang='grc' dir='ltr'><strong>τῆς</strong></span> <span class='ocrx_word' id='word_1_139' title='bbox 1029 1321 1161 1378; x_wconf 80' lang='grc' dir='ltr'><strong><em>ἀρχῆς</em></strong></span> <span class='ocrx_word' id='word_1_140' title='bbox 1184 1323 1253 1365; x_wconf 83' lang='grc' dir='ltr'><strong>καὶ</strong></span> <span class='ocrx_word' id='word_1_141' title='bbox 1275 1322 1322 1366; x_wconf 85' lang='grc' dir='ltr'><strong>τὸ</strong></span> <span class='ocrx_word' id='word_1_142' title='bbox 1345 1326 1422 1379; x_wconf 81' lang='grc' dir='ltr'><strong>τῆς</strong></span> <span class='ocrx_word' id='word_1_143' title='bbox 1447 1320 1593 1380; x_wconf 79' lang='grc' dir='ltr'><strong><em>χώρας</em></strong></span> <span class='ocrx_word' id='word_1_144' title='bbox 1613 1321 1762 1378; x_wconf 77' lang='grc' dir='ltr'><strong><em>ὄνομα,</em></strong></span> <span class='ocrx_word' id='word_1_145' title='bbox 1780 1334 1797 1368; x_wconf 89' lang='grc'>1</span> 
     </span>
     <span class='ocr_line' id='line_1_17' title="bbox 259 1391 1765 1451; baseline -0.001 -13"><span class='ocrx_word' id='word_1_146' title='bbox 259 1395 329 1438; x_wconf 84' lang='grc' dir='ltr'><strong>καὶ</strong></span> <span class='ocrx_word' id='word_1_147' title='bbox 348 1391 518 1448; x_wconf 85' lang='grc' dir='ltr'><strong><em>Μήδων</em></strong></span> <span class='ocrx_word' id='word_1_148' title='bbox 544 1391 613 1435; x_wconf 75' lang='grc' dir='ltr'><strong>διὰ</strong></span> <span class='ocrx_word' id='word_1_149' title='bbox 645 1391 693 1435; x_wconf 85' lang='grc' dir='ltr'><strong>τὸ</strong></span> <span class='ocrx_word' id='word_1_150' title='bbox 718 1391 875 1447; x_wconf 72' lang='grc' dir='ltr'><strong><em>ὄψιμον</em></strong></span> <span class='ocrx_word' id='word_1_151' title='bbox 896 1396 975 1448; x_wconf 83' lang='grc' dir='ltr'><strong>τῆς</strong></span> <span class='ocrx_word' id='word_1_152' title='bbox 997 1392 1189 1443; x_wconf 73' lang='grc' dir='ltr'><strong><em>ἐξουσίας</em></strong></span> <span class='ocrx_word' id='word_1_153' title='bbox 1211 1393 1280 1435; x_wconf 79' lang='grc' dir='ltr'><strong>καὶ</strong></span> <span class='ocrx_word' id='word_1_154' title='bbox 1300 1391 1378 1449; x_wconf 85' lang='grc' dir='ltr'><strong>τὴν</strong></span> <span class='ocrx_word' id='word_1_155' title='bbox 1394 1391 1543 1451; x_wconf 74' lang='grc' dir='ltr'><strong><em>χώραν</em></strong></span> <span class='ocrx_word' id='word_1_156' title='bbox 1565 1394 1765 1450; x_wconf 87' lang='grc' dir='ltr'><strong><em>Μηδειάν</em></strong></span> 
     </span>
     <span class='ocr_line' id='line_1_18' title="bbox 259 1460 1766 1521; baseline 0 -13"><span class='ocrx_word' id='word_1_157' title='bbox 259 1463 497 1521; x_wconf 78' lang='grc' dir='ltr'><strong><em>λεγομένην.</em></strong></span> <span class='ocrx_word' id='word_1_158' title='bbox 545 1462 838 1520; x_wconf 80' lang='grc' dir='ltr'><strong><em>Σαλμανασὰρ</em></strong></span> <span class='ocrx_word' id='word_1_159' title='bbox 887 1462 934 1505; x_wconf 80' lang='grc' dir='ltr'><strong><em>δὲ</em></strong></span> <span class='ocrx_word' id='word_1_160' title='bbox 971 1465 1109 1513; x_wconf 80' lang='grc' dir='ltr'><strong><em>καλῶς</em></strong></span> <span class='ocrx_word' id='word_1_161' title='bbox 1136 1461 1213 1516; x_wconf 76' lang='grc' dir='ltr'><strong>ἂν,</strong></span> <span class='ocrx_word' id='word_1_162' title='bbox 1254 1460 1394 1519; x_wconf 74' lang='grc' dir='ltr'><strong><em>οἶμαι,</em></strong></span> <span class='ocrx_word' id='word_1_163' title='bbox 1431 1464 1607 1520; x_wconf 77' lang='grc' dir='ltr'><strong><em>νοηθείη</em></strong></span> <span class='ocrx_word' id='word_1_164' title='bbox 1638 1463 1766 1514; x_wconf 75' lang='grc' dir='ltr'><strong><em>αὐτὸς</em></strong></span> 
     </span>
     <span class='ocr_line' id='line_1_19' title="bbox 261 1529 1764 1591; baseline -0.002 -12"><span class='ocrx_word' id='word_1_165' title='bbox 261 1529 384 1585; x_wconf 70' lang='grc' dir='ltr'><strong><em>οὗτος</em></strong></span> <span class='ocrx_word' id='word_1_166' title='bbox 413 1531 435 1577; x_wconf 85' lang='grc' dir='ltr'><em>ὅ</em></span> <span class='ocrx_word' id='word_1_167' title='bbox 467 1531 550 1588; x_wconf 78' lang='grc' dir='ltr'><strong>ἀπὸ</strong></span> <span class='ocrx_word' id='word_1_168' title='bbox 575 1530 787 1591; x_wconf 78' lang='grc' dir='ltr'><strong><em>Ἀρβάκου</em></strong></span> <span class='ocrx_word' id='word_1_169' title='bbox 819 1530 1298 1590; x_wconf 79' lang='grc' dir='ltr'><strong><em>βασιλεύωνᾌσσυρίων</em></strong></span> <span class='ocrx_word' id='word_1_170' title='bbox 1320 1534 1388 1576; x_wconf 82' lang='grc' dir='ltr'><strong>καὶ</strong></span> <span class='ocrx_word' id='word_1_171' title='bbox 1407 1531 1603 1590; x_wconf 87' lang='grc' dir='ltr'><strong><em>Μήδων,</em></strong></span> <span class='ocrx_word' id='word_1_172' title='bbox 1643 1532 1690 1585; x_wconf 80' lang='grc' dir='ltr'><strong>ὃς</strong></span> <span class='ocrx_word' id='word_1_173' title='bbox 1711 1529 1764 1590; x_wconf 73' lang='grc' dir='ltr'><strong>ἦν</strong></span> 
     </span>
     <span class='ocr_line' id='line_1_20' title="bbox 222 1600 1765 1662; baseline -0.001 -14"><span class='ocrx_word' id='word_1_174' title='bbox 222 1609 351 1650; x_wconf 75' lang='grc' dir='ltr'><strong><em>Βτῶν</em></strong></span> <span class='ocrx_word' id='word_1_175' title='bbox 375 1603 606 1662; x_wconf 89' lang='grc' dir='ltr'><strong><em>Ἀσσυρίων</em></strong></span> <span class='ocrx_word' id='word_1_176' title='bbox 633 1603 709 1657; x_wconf 73' lang='grc' dir='ltr'><strong>μὲν</strong></span> <span class='ocrx_word' id='word_1_177' title='bbox 741 1602 949 1662; x_wconf 78' lang='grc' dir='ltr'><strong><em>ἀρχηγὸς,</em></strong></span> <span class='ocrx_word' id='word_1_178' title='bbox 986 1600 1067 1647; x_wconf 70' lang='grc' dir='ltr'><strong>ὑπὸ</strong></span> <span class='ocrx_word' id='word_1_179' title='bbox 1099 1603 1145 1646; x_wconf 78' lang='grc' dir='ltr'><strong><em>δὲ</em></strong></span> <span class='ocrx_word' id='word_1_180' title='bbox 1174 1602 1250 1659; x_wconf 80' lang='grc' dir='ltr'><strong>τὴν</strong></span> <span class='ocrx_word' id='word_1_181' title='bbox 1270 1601 1491 1660; x_wconf 73' lang='grc' dir='ltr'><strong><em>ἡγεμονίαν</em></strong></span> <span class='ocrx_word' id='word_1_182' title='bbox 1516 1602 1611 1662; x_wconf 73' lang='grc' dir='ltr'><strong><em>ἄρτι</em></strong></span> <span class='ocrx_word' id='word_1_183' title='bbox 1630 1621 1765 1648; x_wconf 81' lang='grc' dir='ltr'><strong><em>κατα-</em></strong></span> 
     </span>
     <span class='ocr_line' id='line_1_21' title="bbox 258 1670 1800 1733; baseline 0 -14"><span class='ocrx_word' id='word_1_184' title='bbox 258 1674 518 1733; x_wconf 74' lang='grc' dir='ltr'><strong><em>τεταγμένος.</em></strong></span> <span class='ocrx_word' id='word_1_185' title='bbox 558 1672 670 1717; x_wconf 76' lang='grc' dir='ltr'><strong><em>οὕτω</em></strong></span> <span class='ocrx_word' id='word_1_186' title='bbox 691 1670 771 1731; x_wconf 81' lang='grc' dir='ltr'><strong>γάρ</strong></span> <span class='ocrx_word' id='word_1_187' title='bbox 793 1690 922 1731; x_wconf 84' lang='grc' dir='ltr'><strong><em>φασιν</em></strong></span> <span class='ocrx_word' id='word_1_188' title='bbox 943 1672 983 1717; x_wconf 78' lang='grc' dir='ltr'><strong>οἱ</strong></span> <span class='ocrx_word' id='word_1_189' title='bbox 998 1673 1052 1717; x_wconf 82' lang='grc' dir='ltr'><strong>τὰ</strong></span> <span class='ocrx_word' id='word_1_190' title='bbox 1075 1673 1388 1729; x_wconf 78' lang='grc' dir='ltr'><strong><em>Βαβυλωνιακὰ</em></strong></span> <span class='ocrx_word' id='word_1_191' title='bbox 1405 1670 1660 1732; x_wconf 79' lang='grc' dir='ltr'><strong><em>γράψαντες,</em></strong></span> <span class='ocrx_word' id='word_1_192' title='bbox 1701 1673 1764 1718; x_wconf 83' lang='grc' dir='ltr'><strong>ὅτι</strong></span> <span class='ocrx_word' id='word_1_193' title='bbox 1775 1685 1800 1720; x_wconf 54' lang='lat'><strong>2*</strong></span> 
     </span>
     <span class='ocr_line' id='line_1_22' title="bbox 253 1742 1765 1806; baseline -0.001 -17"><span class='ocrx_word' id='word_1_194' title='bbox 253 1743 463 1805; x_wconf 82' lang='grc' dir='ltr'><strong><em>Ἀρβάκης</em></strong></span> <span class='ocrx_word' id='word_1_195' title='bbox 495 1742 574 1800; x_wconf 88' lang='grc' dir='ltr'><strong>τὴν</strong></span> <span class='ocrx_word' id='word_1_196' title='bbox 599 1743 822 1800; x_wconf 83' lang='grc' dir='ltr'><strong><em>βασιλικὴν</em></strong></span> <span class='ocrx_word' id='word_1_197' title='bbox 851 1744 1135 1803; x_wconf 87' lang='grc' dir='ltr'><strong><em>προσηγορίαν</em></strong></span> <span class='ocrx_word' id='word_1_198' title='bbox 1174 1744 1243 1787; x_wconf 85' lang='grc' dir='ltr'><strong>καὶ</strong></span> <span class='ocrx_word' id='word_1_199' title='bbox 1270 1743 1345 1788; x_wconf 83' lang='grc' dir='ltr'><strong>τὸν</strong></span> <span class='ocrx_word' id='word_1_200' title='bbox 1375 1747 1559 1788; x_wconf 83' lang='grc' dir='ltr'><strong><em>πλοῦτον</em></strong></span> <span class='ocrx_word' id='word_1_201' title='bbox 1579 1746 1636 1795; x_wconf 83' lang='grc' dir='ltr'><strong><em>εἷς</em></strong></span> <span class='ocrx_word' id='word_1_202' title='bbox 1656 1742 1765 1806; x_wconf 80' lang='grc' dir='ltr'><strong><em>Μή·-</em></strong></span> 
     </span>
     <span class='ocr_line' id='line_1_23' title="bbox 353 1838 1763 1902; baseline -0.001 -20"><span class='ocrx_word' id='word_1_203' title='bbox 353 1847 387 1882; x_wconf 86' lang='grc'><strong>1.</strong></span> <span class='ocrx_word' id='word_1_204' title='bbox 410 1844 552 1902; x_wconf 83' lang='grc' dir='ltr'><strong><em>Γαβα</em></strong></span> <span class='ocrx_word' id='word_1_205' title='bbox 533 1841 580 1889; x_wconf 85' lang='grc' dir='ltr'><strong>λ]</strong></span> <span class='ocrx_word' id='word_1_206' title='bbox 607 1840 783 1901; x_wconf 80' lang='grc' dir='ltr'><strong><em>Ραγουήλ</em></strong></span> <span class='ocrx_word' id='word_1_207' title='bbox 806 1843 854 1878; x_wconf 88' lang='lat' dir='ltr'><strong>G.</strong></span> <span class='ocrx_word' id='word_1_208' title='bbox 948 1843 984 1879; x_wconf 80' lang='lat'><strong>2.</strong></span> <span class='ocrx_word' id='word_1_209' title='bbox 1010 1838 1109 1880; x_wconf 80' lang='grc' dir='ltr'><strong><em>ὁδου</em></strong></span> <span class='ocrx_word' id='word_1_210' title='bbox 1130 1841 1257 1890; x_wconf 82' lang='grc' dir='ltr'><strong><em>δεικτὴ</em></strong></span> <span class='ocrx_word' id='word_1_211' title='bbox 1260 1856 1282 1878; x_wconf 85' lang='grc' dir='ltr'><strong>ν</strong></span> <span class='ocrx_word' id='word_1_212' title='bbox 1302 1843 1351 1878; x_wconf 81' lang='lat' dir='ltr'><strong>G.</strong></span> <span class='ocrx_word' id='word_1_213' title='bbox 1453 1844 1490 1880; x_wconf 82' lang='lat'><strong>3.</strong></span> <span class='ocrx_word' id='word_1_214' title='bbox 1513 1842 1697 1888; x_wconf 83' lang='grc' dir='ltr'><strong><em>μνησθεὶς</em></strong></span> <span class='ocrx_word' id='word_1_215' title='bbox 1715 1844 1763 1880; x_wconf 87' lang='lat' dir='ltr'><strong>G.</strong></span> 
     </span>
     <span class='ocr_line' id='line_1_24' title="bbox 449 1857 1763 1938; baseline -0.001 -9"><span class='ocrx_word' id='word_1_216' title='bbox 449 1893 505 1929; x_wconf 85' lang='lat'><strong>13-</strong></span> <span class='ocrx_word' id='word_1_217' title='bbox 532 1904 575 1937; x_wconf 83' lang='grc' dir='ltr'><strong>ορ</strong></span> <span class='ocrx_word' id='word_1_218' title='bbox 579 1902 633 1927; x_wconf 82' lang='grc' dir='ltr'><strong>εσι</strong></span> <span class='ocrx_word' id='word_1_219' title='bbox 658 1904 709 1938; x_wconf 85' lang='grc' dir='ltr'><strong>μη</strong></span> <span class='ocrx_word' id='word_1_220' title='bbox 700 1890 845 1929; x_wconf 85' lang='grc' dir='ltr'><strong><em>δωνΒ</em></strong></span> <span class='ocrx_word' id='word_1_221' title='bbox 849 1890 1003 1936; x_wconf 84' lang='grc' dir='ltr'><strong><em>.Ορεσι</em></strong></span> <span class='ocrx_word' id='word_1_222' title='bbox 1030 1890 1093 1926; x_wconf 80' lang='grc' dir='ltr'><strong>καὶ</strong></span> <span class='ocrx_word' id='word_1_223' title='bbox 1115 1857 1266 1936; x_wconf 85' lang='grc' dir='ltr'><strong><em>Μήδων</em></strong></span> <span class='ocrx_word' id='word_1_224' title='bbox 1291 1892 1341 1927; x_wconf 86' lang='lat' dir='ltr'><strong>G.</strong></span> <span class='ocrx_word' id='word_1_225' title='bbox 1484 1893 1539 1928; x_wconf 90' lang='lat'><strong>16.</strong></span> <span class='ocrx_word' id='word_1_226' title='bbox 1565 1892 1763 1936; x_wconf 82' lang='grc' dir='ltr'><strong><em>Μηδείαν]</em></strong></span> 
     </span>
    </p>
   </div>
   <div class='ocr_carea' id='block_1_3' title="bbox 350 1936 1667 2034">
    <p class='ocr_par' dir='ltr' id='par_1_3' title="bbox 350 1936 1667 2034">
     <span class='ocr_line' id='line_1_25' title="bbox 350 1936 1667 1997; baseline 0 -22"><span class='ocrx_word' id='word_1_227' title='bbox 350 1939 494 1997; x_wconf 85' lang='grc' dir='ltr'><strong><em>μηδίαν</em></strong></span> <span class='ocrx_word' id='word_1_228' title='bbox 513 1939 542 1974; x_wconf 84' lang='grc' dir='ltr'><strong>Α</strong></span> <span class='ocrx_word' id='word_1_229' title='bbox 564 1943 674 1974; x_wconf 83' lang='lat' dir='ltr'><strong>recte.</strong></span> <span class='ocrx_word' id='word_1_230' title='bbox 795 1940 852 1974; x_wconf 90' lang='lat'><strong>18</strong></span> <span class='ocrx_word' id='word_1_231' title='bbox 876 1940 941 1974; x_wconf 81' lang='grc' dir='ltr'><strong>καὶ</strong></span> <span class='ocrx_word' id='word_1_232' title='bbox 960 1936 1111 1985; x_wconf 84' lang='grc' dir='ltr'><strong><em>Μήδων</em></strong></span> <span class='ocrx_word' id='word_1_233' title='bbox 1135 1938 1230 1974; x_wconf 85' lang='lat' dir='ltr'><strong>delet</strong></span> <span class='ocrx_word' id='word_1_234' title='bbox 1253 1950 1296 1974; x_wconf 89' lang='lat' dir='ltr'><strong>m.</strong></span> <span class='ocrx_word' id='word_1_235' title='bbox 1423 1938 1479 1975; x_wconf 89' lang='grc'><strong>19.</strong></span> <span class='ocrx_word' id='word_1_236' title='bbox 1504 1936 1600 1984; x_wconf 81' lang='grc' dir='ltr'><strong><em>ἄρτυ</em></strong></span> <span class='ocrx_word' id='word_1_237' title='bbox 1623 1939 1667 1975; x_wconf 89' lang='grc' dir='ltr'><strong>Β.</strong></span> 
     </span>
     <span class='ocr_line' id='line_1_26' title="bbox 352 1952 1360 2034; baseline -0.005 -9"><span class='ocrx_word' id='word_1_238' title='bbox 352 1989 413 2025; x_wconf 80' lang='grc'><strong>21.</strong></span> <span class='ocrx_word' id='word_1_239' title='bbox 439 1985 520 2034; x_wconf 78' lang='grc' dir='ltr'><strong><em>τήν]</em></strong></span> <span class='ocrx_word' id='word_1_240' title='bbox 546 1987 623 2022; x_wconf 79' lang='grc' dir='ltr'><strong>τῶν</strong></span> <span class='ocrx_word' id='word_1_241' title='bbox 647 1986 696 2022; x_wconf 85' lang='lat' dir='ltr'><strong>G.</strong></span> <span class='ocrx_word' id='word_1_242' title='bbox 814 1952 1028 2033; x_wconf 74' lang='grc' dir='ltr'><strong>βασιλικήνη</strong></span> <span class='ocrx_word' id='word_1_243' title='bbox 1036 1987 1079 2021; x_wconf 92' lang='grc' dir='ltr'><strong>Β.</strong></span> <span class='ocrx_word' id='word_1_244' title='bbox 1103 1984 1287 2034; x_wconf 81' lang='grc' dir='ltr'><strong><em>βασιλέων</em></strong></span> <span class='ocrx_word' id='word_1_245' title='bbox 1311 1985 1360 2024; x_wconf 89' lang='lat' dir='ltr'><strong>G.</strong></span> 
     </span>
    </p>
   </div>
   <div class='ocr_carea' id='block_1_4' title="bbox 238 2065 1764 2963">
    <p class='ocr_par' dir='ltr' id='par_1_4' title="bbox 257 2065 1764 2303">
     <span class='ocr_line' id='line_1_27' title="bbox 257 2065 1762 2114; baseline -0.001 -11"><span class='ocrx_word' id='word_1_246' title='bbox 257 2080 332 2104; x_wconf 88' lang='lat' dir='ltr'><strong>rum</strong></span> <span class='ocrx_word' id='word_1_247' title='bbox 354 2067 473 2104; x_wconf 89' lang='lat' dir='ltr'><strong>decem</strong></span> <span class='ocrx_word' id='word_1_248' title='bbox 494 2068 701 2103; x_wconf 81' lang='lat' dir='ltr'><strong>talentorum</strong></span> <span class='ocrx_word' id='word_1_249' title='bbox 720 2066 905 2114; x_wconf 76' lang='lat' dir='ltr'><strong>sponsione</strong></span> <span class='ocrx_word' id='word_1_250' title='bbox 924 2066 1080 2102; x_wconf 86' lang='lat' dir='ltr'><strong>exhibita</strong></span> <span class='ocrx_word' id='word_1_251' title='bbox 1096 2078 1257 2102; x_wconf 88' lang='lat' dir='ltr'><strong>summam</strong></span> <span class='ocrx_word' id='word_1_252' title='bbox 1276 2066 1463 2102; x_wconf 88' lang='lat' dir='ltr'><strong>relaturum</strong></span> <span class='ocrx_word' id='word_1_253' title='bbox 1482 2065 1517 2101; x_wconf 91' lang='lat' dir='ltr'><strong>in</strong></span> <span class='ocrx_word' id='word_1_254' title='bbox 1542 2066 1663 2112; x_wconf 81' lang='lat' dir='ltr'><strong>Rages</strong></span> <span class='ocrx_word' id='word_1_255' title='bbox 1682 2066 1762 2102; x_wconf 88' lang='lat' dir='ltr'><strong>Me·</strong></span> 
     </span>
     <span class='ocr_line' id='line_1_28' title="bbox 257 2114 1762 2156; baseline -0.002 -5"><span class='ocrx_word' id='word_1_256' title='bbox 257 2116 337 2151; x_wconf 82' lang='lat' dir='ltr'><strong>diae</strong></span> <span class='ocrx_word' id='word_1_257' title='bbox 354 2116 529 2151; x_wconf 86' lang='lat' dir='ltr'><strong>civitatem</strong></span> <span class='ocrx_word' id='word_1_258' title='bbox 546 2115 666 2150; x_wconf 89' lang='lat' dir='ltr'><strong>mittit.</strong></span> <span class='ocrx_word' id='word_1_259' title='bbox 690 2115 877 2150; x_wconf 81' lang='lat' dir='ltr'><strong>Profectus</strong></span> <span class='ocrx_word' id='word_1_260' title='bbox 895 2115 954 2150; x_wconf 90' lang='lat' dir='ltr'><strong>ille</strong></span> <span class='ocrx_word' id='word_1_261' title='bbox 972 2115 1051 2150; x_wconf 87' lang='lat' dir='ltr'><strong>viae</strong></span> <span class='ocrx_word' id='word_1_262' title='bbox 1069 2115 1190 2150; x_wconf 89' lang='lat' dir='ltr'><strong>ducem</strong></span> <span class='ocrx_word' id='word_1_263' title='bbox 1210 2114 1371 2150; x_wconf 81' lang='lat' dir='ltr'><strong>mercede</strong></span> <span class='ocrx_word' id='word_1_264' title='bbox 1393 2114 1639 2156; x_wconf 83' lang='lat' dir='ltr'><strong>conducturus,</strong></span> <span class='ocrx_word' id='word_1_265' title='bbox 1657 2115 1762 2149; x_wconf 86' lang='lat' dir='ltr'><strong>arch-</strong></span> 
     </span>
     <span class='ocr_line' id='line_1_29' title="bbox 258 2160 1761 2210; baseline -0.002 -12"><span class='ocrx_word' id='word_1_266' title='bbox 258 2163 418 2208; x_wconf 80' lang='lat' dir='ltr'><strong>angelum</strong></span> <span class='ocrx_word' id='word_1_267' title='bbox 441 2162 600 2210; x_wconf 67' lang='lat' dir='ltr'><strong>Raphael</strong></span> <span class='ocrx_word' id='word_1_268' title='bbox 628 2161 757 2197; x_wconf 87' lang='lat' dir='ltr'><strong>inscius</strong></span> <span class='ocrx_word' id='word_1_269' title='bbox 782 2163 936 2208; x_wconf 84' lang='lat' dir='ltr'><strong>reperit,</strong></span> <span class='ocrx_word' id='word_1_270' title='bbox 963 2174 984 2198; x_wconf 86' lang='lat' dir='ltr'><strong>a</strong></span> <span class='ocrx_word' id='word_1_271' title='bbox 1012 2173 1079 2209; x_wconf 92' lang='lat' dir='ltr'><strong>quo</strong></span> <span class='ocrx_word' id='word_1_272' title='bbox 1101 2163 1272 2204; x_wconf 88' lang='lat' dir='ltr'><strong>monitus,</strong></span> <span class='ocrx_word' id='word_1_273' title='bbox 1297 2173 1388 2207; x_wconf 85' lang='lat' dir='ltr'><strong>quae</strong></span> <span class='ocrx_word' id='word_1_274' title='bbox 1415 2160 1483 2203; x_wconf 82' lang='lat' dir='ltr'><strong>fel,</strong></span> <span class='ocrx_word' id='word_1_275' title='bbox 1508 2173 1570 2195; x_wconf 87' lang='lat' dir='ltr'><strong>cor</strong></span> <span class='ocrx_word' id='word_1_276' title='bbox 1599 2167 1636 2196; x_wconf 80' lang='lat' dir='ltr'><strong>et</strong></span> <span class='ocrx_word' id='word_1_277' title='bbox 1661 2161 1761 2196; x_wconf 89' lang='lat' dir='ltr'><strong>iecur</strong></span> 
     </span>
     <span class='ocr_line' id='line_1_30' title="bbox 257 2207 1764 2256; baseline 0 -13"><span class='ocrx_word' id='word_1_278' title='bbox 257 2209 389 2256; x_wconf 85' lang='lat' dir='ltr'><strong>piscis,</strong></span> <span class='ocrx_word' id='word_1_279' title='bbox 412 2215 485 2245; x_wconf 92' lang='lat' dir='ltr'><strong>tum</strong></span> <span class='ocrx_word' id='word_1_280' title='bbox 514 2221 604 2256; x_wconf 87' lang='lat' dir='ltr'><strong>quae</strong></span> <span class='ocrx_word' id='word_1_281' title='bbox 631 2213 814 2254; x_wconf 83' lang='lat' dir='ltr'><strong>cognatam</strong></span> <span class='ocrx_word' id='word_1_282' title='bbox 842 2209 1025 2244; x_wconf 88' lang='lat' dir='ltr'><strong>daemonio</strong></span> <span class='ocrx_word' id='word_1_283' title='bbox 1049 2214 1211 2244; x_wconf 86' lang='lat' dir='ltr'><strong>vexatam</strong></span> <span class='ocrx_word' id='word_1_284' title='bbox 1240 2212 1420 2255; x_wconf 88' lang='lat' dir='ltr'><strong>spectant,</strong></span> <span class='ocrx_word' id='word_1_285' title='bbox 1445 2207 1672 2254; x_wconf 77' lang='lat' dir='ltr'><strong>exsequitur3</strong></span> <span class='ocrx_word' id='word_1_286' title='bbox 1699 2208 1764 2243; x_wconf 91' lang='lat' dir='ltr'><strong>do-</strong></span> 
     </span>
     <span class='ocr_line' id='line_1_31' title="bbox 257 2256 1037 2303; baseline -0.001 -12"><span class='ocrx_word' id='word_1_287' title='bbox 257 2268 345 2291; x_wconf 89' lang='lat' dir='ltr'><strong>mum</strong></span> <span class='ocrx_word' id='word_1_288' title='bbox 372 2268 417 2291; x_wconf 93' lang='lat' dir='ltr'><strong>ue</strong></span> <span class='ocrx_word' id='word_1_289' title='bbox 434 2268 598 2292; x_wconf 85' lang='lat' dir='ltr'><strong>reversus</strong></span> <span class='ocrx_word' id='word_1_290' title='bbox 615 2257 736 2291; x_wconf 79' lang='lat' dir='ltr'><strong>oculos</strong></span> <span class='ocrx_word' id='word_1_291' title='bbox 756 2257 851 2303; x_wconf 88' lang='lat' dir='ltr'><strong>patri</strong></span> <span class='ocrx_word' id='word_1_292' title='bbox 870 2256 1037 2291; x_wconf 82' lang='lat' dir='ltr'><strong>restituit.</strong></span> 
     </span>
    </p>

    <p class='ocr_par' dir='ltr' id='par_1_5' title="bbox 238 2269 1763 2963">
     <span class='ocr_line' id='line_1_32' title="bbox 348 2269 1763 2359; baseline -0.001 -21"><span class='ocrx_word' id='word_1_293' title='bbox 348 2269 583 2349; x_wconf 45' lang='lat' dir='ltr'><strong>¹{laptivitatis</strong></span> <span class='ocrx_word' id='word_1_294' title='bbox 602 2303 785 2359; x_wconf 82' lang='lat' dir='ltr'><strong>equidem,</strong></span> <span class='ocrx_word' id='word_1_295' title='bbox 811 2303 855 2338; x_wconf 90' lang='lat' dir='ltr'><strong>de</strong></span> <span class='ocrx_word' id='word_1_296' title='bbox 883 2315 953 2349; x_wconf 90' lang='lat' dir='ltr'><strong>qua</strong></span> <span class='ocrx_word' id='word_1_297' title='bbox 975 2314 1108 2344; x_wconf 89' lang='lat' dir='ltr'><strong>sermo,</strong></span> <span class='ocrx_word' id='word_1_298' title='bbox 1132 2300 1324 2336; x_wconf 82' lang='lat' dir='ltr'><strong>narrationi</strong></span> <span class='ocrx_word' id='word_1_299' title='bbox 1342 2312 1499 2346; x_wconf 83' lang='lat' dir='ltr'><strong>magnam</strong></span> <span class='ocrx_word' id='word_1_300' title='bbox 1526 2301 1763 2337; x_wconf 82' lang='lat' dir='ltr'><strong>accessionem</strong></span> 
     </span>
     <span class='ocr_line' id='line_1_33' title="bbox 259 2349 1761 2396; baseline -0.001 -11"><span class='ocrx_word' id='word_1_301' title='bbox 259 2361 314 2385; x_wconf 90' lang='lat' dir='ltr'><strong>me</strong></span> <span class='ocrx_word' id='word_1_302' title='bbox 336 2350 508 2386; x_wconf 86' lang='lat' dir='ltr'><strong>facturum</strong></span> <span class='ocrx_word' id='word_1_303' title='bbox 526 2362 628 2393; x_wconf 89' lang='lat' dir='ltr'><strong>reor,</strong></span> <span class='ocrx_word' id='word_1_304' title='bbox 653 2350 705 2393; x_wconf 86' lang='lat' dir='ltr'><strong>si,</strong></span> <span class='ocrx_word' id='word_1_305' title='bbox 729 2350 951 2396; x_wconf 85' lang='lat' dir='ltr'><strong>Assyriorum</strong></span> <span class='ocrx_word' id='word_1_306' title='bbox 973 2361 1084 2396; x_wconf 87' lang='lat' dir='ltr'><strong>regno</strong></span> <span class='ocrx_word' id='word_1_307' title='bbox 1103 2354 1186 2384; x_wconf 85' lang='lat' dir='ltr'><strong>ante</strong></span> <span class='ocrx_word' id='word_1_308' title='bbox 1207 2361 1313 2383; x_wconf 88' lang='lat' dir='ltr'><strong>annos</strong></span> <span class='ocrx_word' id='word_1_309' title='bbox 1329 2349 1375 2385; x_wconf 88' lang='lat'><strong>96</strong></span> <span class='ocrx_word' id='word_1_310' title='bbox 1403 2349 1447 2383; x_wconf 88' lang='lat' dir='ltr'><strong>ab</strong></span> <span class='ocrx_word' id='word_1_311' title='bbox 1468 2349 1605 2384; x_wconf 83' lang='lat' dir='ltr'><strong>Arbace</strong></span> <span class='ocrx_word' id='word_1_312' title='bbox 1635 2361 1761 2384; x_wconf 88' lang='lat' dir='ltr'><strong>everso</strong></span> 
     </span>
     <span class='ocr_line' id='line_1_34' title="bbox 260 2396 1763 2443; baseline -0.001 -11"><span class='ocrx_word' id='word_1_313' title='bbox 260 2400 298 2433; x_wconf 88' lang='lat' dir='ltr'><strong>et</strong></span> <span class='ocrx_word' id='word_1_314' title='bbox 317 2398 363 2432; x_wconf 87' lang='lat' dir='ltr'><strong>ad</strong></span> <span class='ocrx_word' id='word_1_315' title='bbox 393 2397 519 2432; x_wconf 86' lang='lat' dir='ltr'><strong>Medos</strong></span> <span class='ocrx_word' id='word_1_316' title='bbox 538 2398 583 2432; x_wconf 86' lang='lat' dir='ltr'><strong>ab</strong></span> <span class='ocrx_word' id='word_1_317' title='bbox 600 2398 722 2432; x_wconf 91' lang='lat' dir='ltr'><strong>eodem</strong></span> <span class='ocrx_word' id='word_1_318' title='bbox 742 2397 933 2439; x_wconf 85' lang='lat' dir='ltr'><strong>translato,</strong></span> <span class='ocrx_word' id='word_1_319' title='bbox 958 2408 1028 2443; x_wconf 88' lang='lat' dir='ltr'><strong>qua</strong></span> <span class='ocrx_word' id='word_1_320' title='bbox 1049 2397 1183 2432; x_wconf 89' lang='lat' dir='ltr'><strong>demum</strong></span> <span class='ocrx_word' id='word_1_321' title='bbox 1202 2396 1338 2431; x_wconf 86' lang='lat' dir='ltr'><strong>ratione</strong></span> <span class='ocrx_word' id='word_1_322' title='bbox 1356 2397 1580 2431; x_wconf 84' lang='lat' dir='ltr'><strong>Salmanasar</strong></span> <span class='ocrx_word' id='word_1_323' title='bbox 1595 2396 1763 2441; x_wconf 78' lang='lat' dir='ltr'><strong>Assyrio-</strong></span> 
     </span>
     <span class='ocr_line' id='line_1_35' title="bbox 238 2443 1762 2499; baseline 0 -20"><span class='ocrx_word' id='word_1_324' title='bbox 238 2455 336 2479; x_wconf 69' lang='lat' dir='ltr'><strong>-rum</strong></span> <span class='ocrx_word' id='word_1_325' title='bbox 362 2455 499 2490; x_wconf 82' lang='lat' dir='ltr'><strong>regem,</strong></span> <span class='ocrx_word' id='word_1_326' title='bbox 525 2448 581 2487; x_wconf 83' lang='lat' dir='ltr'><strong>et,</strong></span> <span class='ocrx_word' id='word_1_327' title='bbox 605 2444 706 2499; x_wconf 88' lang='lat' dir='ltr'><strong>quod</strong></span> <span class='ocrx_word' id='word_1_328' title='bbox 714 2455 786 2479; x_wconf 89' lang='lat' dir='ltr'><strong>rem</strong></span> <span class='ocrx_word' id='word_1_329' title='bbox 805 2449 965 2491; x_wconf 86' lang='lat' dir='ltr'><strong>spectat,</strong></span> <span class='ocrx_word' id='word_1_330' title='bbox 990 2443 1194 2499; x_wconf 84' lang='lat' dir='ltr'><strong>deportatas</strong></span> <span class='ocrx_word' id='word_1_331' title='bbox 1216 2443 1261 2478; x_wconf 85' lang='lat' dir='ltr'><strong>ad</strong></span> <span class='ocrx_word' id='word_1_332' title='bbox 1288 2443 1453 2499; x_wconf 86' lang='lat' dir='ltr'><strong>Assyrios</strong></span> <span class='ocrx_word' id='word_1_333' title='bbox 1471 2443 1623 2479; x_wconf 84' lang='lat' dir='ltr'><strong>tribuum</strong></span> <span class='ocrx_word' id='word_1_334' title='bbox 1643 2443 1762 2479; x_wconf 90' lang='lat' dir='ltr'><strong>decem</strong></span> 
     </span>
     <span class='ocr_line' id='line_1_36' title="bbox 258 2490 1763 2547; baseline -0.001 -21"><span class='ocrx_word' id='word_1_335' title='bbox 258 2491 429 2547; x_wconf 83' lang='lat' dir='ltr'><strong>reliquias</strong></span> <span class='ocrx_word' id='word_1_336' title='bbox 458 2491 610 2526; x_wconf 85' lang='lat' dir='ltr'><strong>affirmet</strong></span> <span class='ocrx_word' id='word_1_337' title='bbox 637 2490 833 2537; x_wconf 80' lang='lat' dir='ltr'><strong>scriptura,</strong></span> <span class='ocrx_word' id='word_1_338' title='bbox 870 2503 1059 2526; x_wconf 87' lang='lat' dir='ltr'><strong>sermonem</strong></span> <span class='ocrx_word' id='word_1_339' title='bbox 1085 2491 1277 2526; x_wconf 83' lang='lat' dir='ltr'><strong>instituam</strong></span> <span class='ocrx_word' id='word_1_340' title='bbox 1338 2490 1428 2533; x_wconf 81' lang='lat' dir='ltr'><strong>Quis</strong></span> <span class='ocrx_word' id='word_1_341' title='bbox 1452 2490 1670 2546; x_wconf 80' lang='lat' dir='ltr'><strong>captivitatis</strong></span> <span class='ocrx_word' id='word_1_342' title='bbox 1693 2491 1763 2525; x_wconf 89' lang='lat' dir='ltr'><strong>loci</strong></span> 
     </span>
     <span class='ocr_line' id='line_1_37' title="bbox 260 2537 1762 2585; baseline -0.001 -12"><span class='ocrx_word' id='word_1_343' title='bbox 260 2537 369 2582; x_wconf 76' lang='lat' dir='ltr'><strong>situs,</strong></span> <span class='ocrx_word' id='word_1_344' title='bbox 394 2550 485 2585; x_wconf 85' lang='lat' dir='ltr'><strong>quae</strong></span> <span class='ocrx_word' id='word_1_345' title='bbox 503 2543 602 2574; x_wconf 86' lang='lat' dir='ltr'><strong>terra</strong></span> <span class='ocrx_word' id='word_1_346' title='bbox 613 2539 751 2584; x_wconf 87' lang='lat' dir='ltr'><strong>recepit</strong></span> <span class='ocrx_word' id='word_1_347' title='bbox 771 2538 1019 2573; x_wconf 84' lang='lat' dir='ltr'><strong>habitaturos‘</strong></span> <span class='ocrx_word' id='word_1_348' title='bbox 1010 2551 1046 2573; x_wconf 77' lang='lat' dir='ltr'><strong>in</strong></span> <span class='ocrx_word' id='word_1_349' title='bbox 1065 2538 1151 2574; x_wconf 84' lang='lat' dir='ltr'><strong>Alae</strong></span> <span class='ocrx_word' id='word_1_350' title='bbox 1169 2543 1205 2573; x_wconf 90' lang='lat' dir='ltr'><strong>et</strong></span> <span class='ocrx_word' id='word_1_351' title='bbox 1222 2538 1258 2572; x_wconf 90' lang='lat' dir='ltr'><strong>in</strong></span> <span class='ocrx_word' id='word_1_352' title='bbox 1277 2539 1373 2573; x_wconf 87' lang='lat' dir='ltr'><strong>Abor</strong></span> <span class='ocrx_word' id='word_1_353' title='bbox 1391 2537 1509 2573; x_wconf 86' lang='lat' dir='ltr'><strong>fluviis</strong></span> <span class='ocrx_word' id='word_1_354' title='bbox 1528 2539 1653 2573; x_wconf 85' lang='lat' dir='ltr'><strong>Gozan</strong></span> <span class='ocrx_word' id='word_1_355' title='bbox 1673 2538 1733 2572; x_wconf 83' lang='lat' dir='ltr'><strong>et</strong></span> <span class='ocrx_word' id='word_1_356' title='bbox 1724 2549 1762 2572; x_wconf 88' lang='lat' dir='ltr'><strong>1n</strong></span> 
     </span>
     <span class='ocr_line' id='line_1_38' title="bbox 259 2583 1762 2640; baseline -0.002 -19"><span class='ocrx_word' id='word_1_357' title='bbox 259 2597 322 2622; x_wconf 84' lang='lat' dir='ltr'><strong>ore</strong></span> <span class='ocrx_word' id='word_1_358' title='bbox 351 2586 545 2622; x_wconf 84' lang='lat' dir='ltr'><strong>Medorum.</strong></span> <span class='ocrx_word' id='word_1_359' title='bbox 590 2585 776 2621; x_wconf 88' lang='lat' dir='ltr'><strong>Succiduis</strong></span> <span class='ocrx_word' id='word_1_360' title='bbox 793 2586 1008 2632; x_wconf 82' lang='lat' dir='ltr'><strong>temporibus</strong></span> <span class='ocrx_word' id='word_1_361' title='bbox 1027 2586 1210 2621; x_wconf 86' lang='lat' dir='ltr'><strong>Medorum</strong></span> <span class='ocrx_word' id='word_1_362' title='bbox 1227 2597 1336 2631; x_wconf 79' lang='lat' dir='ltr'><strong>genus</strong></span> <span class='ocrx_word' id='word_1_363' title='bbox 1358 2586 1402 2620; x_wconf 83' lang='lat' dir='ltr'><strong>ab</strong></span> <span class='ocrx_word' id='word_1_364' title='bbox 1425 2585 1590 2620; x_wconf 85' lang='lat' dir='ltr'><strong>Arbace</strong></span> <span class='ocrx_word' id='word_1_365' title='bbox 1580 2583 1762 2640; x_wconf 81' lang='lat' dir='ltr'><strong>imperium</strong></span> 
     </span>
     <span class='ocr_line' id='line_1_39' title="bbox 260 2631 1761 2679; baseline -0.001 -12"><span class='ocrx_word' id='word_1_366' title='bbox 260 2633 416 2668; x_wconf 83' lang='lat' dir='ltr'><strong>tenuisse</strong></span> <span class='ocrx_word' id='word_1_367' title='bbox 436 2633 558 2679; x_wconf 87' lang='lat' dir='ltr'><strong>procul</strong></span> <span class='ocrx_word' id='word_1_368' title='bbox 577 2638 633 2668; x_wconf 85' lang='lat' dir='ltr'><strong>est</strong></span> <span class='ocrx_word' id='word_1_369' title='bbox 658 2632 748 2670; x_wconf 87' lang='lat' dir='ltr'><strong>omni</strong></span> <span class='ocrx_word' id='word_1_370' title='bbox 763 2633 881 2668; x_wconf 87' lang='lat' dir='ltr'><strong>dubio.</strong></span> <span class='ocrx_word' id='word_1_371' title='bbox 931 2634 1088 2679; x_wconf 77' lang='lat' dir='ltr'><strong>Regnum</strong></span> <span class='ocrx_word' id='word_1_372' title='bbox 1110 2638 1223 2667; x_wconf 83' lang='lat' dir='ltr'><strong>autem</strong></span> <span class='ocrx_word' id='word_1_373' title='bbox 1250 2633 1382 2679; x_wconf 87' lang='lat' dir='ltr'><strong>ipsum,</strong></span> <span class='ocrx_word' id='word_1_374' title='bbox 1406 2643 1476 2678; x_wconf 90' lang='lat' dir='ltr'><strong>qua</strong></span> <span class='ocrx_word' id='word_1_375' title='bbox 1499 2643 1568 2667; x_wconf 85' lang='lat' dir='ltr'><strong>vox</strong></span> <span class='ocrx_word' id='word_1_376' title='bbox 1594 2631 1761 2678; x_wconf 86' lang='lat' dir='ltr'><strong>Assyrio-</strong></span> 
     </span>
     <span class='ocr_line' id='line_1_40' title="bbox 259 2679 1761 2726; baseline -0.001 -12"><span class='ocrx_word' id='word_1_377' title='bbox 259 2691 335 2715; x_wconf 88' lang='lat' dir='ltr'><strong>rum</strong></span> <span class='ocrx_word' id='word_1_378' title='bbox 357 2680 561 2725; x_wconf 84' lang='lat' dir='ltr'><strong>nobilitate,</strong></span> <span class='ocrx_word' id='word_1_379' title='bbox 587 2680 799 2726; x_wconf 83' lang='lat' dir='ltr'><strong>antiquitate</strong></span> <span class='ocrx_word' id='word_1_380' title='bbox 816 2684 853 2714; x_wconf 89' lang='lat' dir='ltr'><strong>et</strong></span> <span class='ocrx_word' id='word_1_381' title='bbox 873 2680 1028 2725; x_wconf 85' lang='lat' dir='ltr'><strong>regionis</strong></span> <span class='ocrx_word' id='word_1_382' title='bbox 1055 2680 1289 2726; x_wconf 80' lang='lat' dir='ltr'><strong>appellatione</strong></span> <span class='ocrx_word' id='word_1_383' title='bbox 1306 2683 1466 2726; x_wconf 81' lang='lat' dir='ltr'><strong>spectata</strong></span> <span class='ocrx_word' id='word_1_384' title='bbox 1487 2679 1662 2725; x_wconf 82' lang='lat' dir='ltr'><strong>signabat,</strong></span> <span class='ocrx_word' id='word_1_385' title='bbox 1688 2690 1761 2725; x_wconf 82' lang='lat' dir='ltr'><strong>qua</strong></span> 
     </span>
     <span class='ocr_line' id='line_1_41' title="bbox 260 2726 1762 2773; baseline -0.001 -11"><span class='ocrx_word' id='word_1_386' title='bbox 260 2727 442 2762; x_wconf 87' lang='lat' dir='ltr'><strong>Medorum</strong></span> <span class='ocrx_word' id='word_1_387' title='bbox 465 2738 587 2763; x_wconf 88' lang='lat' dir='ltr'><strong>nomen</strong></span> <span class='ocrx_word' id='word_1_388' title='bbox 615 2728 660 2763; x_wconf 93' lang='lat' dir='ltr'><strong>ob</strong></span> <span class='ocrx_word' id='word_1_389' title='bbox 688 2738 852 2773; x_wconf 88' lang='lat' dir='ltr'><strong>nuperam</strong></span> <span class='ocrx_word' id='word_1_390' title='bbox 882 2733 1108 2773; x_wconf 87' lang='lat' dir='ltr'><strong>potestatem,</strong></span> <span class='ocrx_word' id='word_1_391' title='bbox 1134 2732 1171 2762; x_wconf 87' lang='lat' dir='ltr'><strong>et</strong></span> <span class='ocrx_word' id='word_1_392' title='bbox 1188 2727 1299 2773; x_wconf 87' lang='lat' dir='ltr'><strong>ipsam</strong></span> <span class='ocrx_word' id='word_1_393' title='bbox 1314 2726 1455 2762; x_wconf 87' lang='lat' dir='ltr'><strong>Mediae</strong></span> <span class='ocrx_word' id='word_1_394' title='bbox 1473 2726 1687 2772; x_wconf 84' lang='lat' dir='ltr'><strong>provinciam</strong></span> <span class='ocrx_word' id='word_1_395' title='bbox 1704 2727 1762 2761; x_wconf 91' lang='lat' dir='ltr'><strong>in-</strong></span> 
     </span>
     <span class='ocr_line' id='line_1_42' title="bbox 261 2772 1759 2830; baseline 0.001 -23"><span class='ocrx_word' id='word_1_396' title='bbox 261 2772 447 2819; x_wconf 84' lang='lat' dir='ltr'><strong>digitabat.</strong></span> <span class='ocrx_word' id='word_1_397' title='bbox 494 2774 715 2810; x_wconf 79' lang='lat' dir='ltr'><strong>salmanasar</strong></span> <span class='ocrx_word' id='word_1_398' title='bbox 741 2786 842 2820; x_wconf 87' lang='lat' dir='ltr'><strong>porro</strong></span> <span class='ocrx_word' id='word_1_399' title='bbox 872 2775 952 2818; x_wconf 87' lang='lat' dir='ltr'><strong>ille,</strong></span> <span class='ocrx_word' id='word_1_400' title='bbox 986 2775 1030 2810; x_wconf 91' lang='lat' dir='ltr'><strong>de</strong></span> <span class='ocrx_word' id='word_1_401' title='bbox 1063 2787 1131 2822; x_wconf 92' lang='lat' dir='ltr'><strong>quo</strong></span> <span class='ocrx_word' id='word_1_402' title='bbox 1157 2774 1374 2830; x_wconf 76' lang='lat' dir='ltr'><strong>frequentior</strong></span> <span class='ocrx_word' id='word_1_403' title='bbox 1400 2774 1458 2808; x_wconf 89' lang='lat' dir='ltr'><strong>hic</strong></span> <span class='ocrx_word' id='word_1_404' title='bbox 1484 2773 1668 2815; x_wconf 87' lang='lat' dir='ltr'><strong>memoria,</strong></span> <span class='ocrx_word' id='word_1_405' title='bbox 1692 2785 1759 2808; x_wconf 88' lang='lat' dir='ltr'><strong>non</strong></span> 
     </span>
     <span class='ocr_line' id='line_1_43' title="bbox 260 2819 1760 2868; baseline 0 -13"><span class='ocrx_word' id='word_1_406' title='bbox 260 2821 432 2864; x_wconf 85' lang='lat' dir='ltr'><strong>absurde,</strong></span> <span class='ocrx_word' id='word_1_407' title='bbox 458 2833 511 2857; x_wconf 89' lang='lat' dir='ltr'><strong>me</strong></span> <span class='ocrx_word' id='word_1_408' title='bbox 527 2822 666 2868; x_wconf 88' lang='lat' dir='ltr'><strong>quidem</strong></span> <span class='ocrx_word' id='word_1_409' title='bbox 681 2821 818 2864; x_wconf 80' lang='lat' dir='ltr'><strong>iudice,</strong></span> <span class='ocrx_word' id='word_1_410' title='bbox 844 2821 903 2867; x_wconf 87' lang='lat' dir='ltr'><strong>qui</strong></span> <span class='ocrx_word' id='word_1_411' title='bbox 927 2823 971 2857; x_wconf 87' lang='lat' dir='ltr'><strong>ab</strong></span> <span class='ocrx_word' id='word_1_412' title='bbox 989 2822 1125 2857; x_wconf 86' lang='lat' dir='ltr'><strong>Arbace</strong></span> <span class='ocrx_word' id='word_1_413' title='bbox 1145 2821 1363 2868; x_wconf 80' lang='lat' dir='ltr'><strong>Assyriorum</strong></span> <span class='ocrx_word' id='word_1_414' title='bbox 1391 2820 1590 2856; x_wconf 84' lang='lat' dir='ltr'><strong>moderator</strong></span> <span class='ocrx_word' id='word_1_415' title='bbox 1615 2819 1760 2856; x_wconf 83' lang='lat' dir='ltr'><strong>institu-</strong></span> 
     </span>
     <span class='ocr_line' id='line_1_44' title="bbox 260 2866 1756 2925; baseline 0 -24"><span class='ocrx_word' id='word_1_416' title='bbox 260 2871 317 2902; x_wconf 87' lang='lat' dir='ltr'><strong>tus</strong></span> <span class='ocrx_word' id='word_1_417' title='bbox 338 2874 412 2911; x_wconf 84' lang='lat' dir='ltr'><strong>est,</strong></span> <span class='ocrx_word' id='word_1_418' title='bbox 436 2869 496 2915; x_wconf 89' lang='lat' dir='ltr'><strong>qui</strong></span> <span class='ocrx_word' id='word_1_419' title='bbox 524 2869 745 2925; x_wconf 83' lang='lat' dir='ltr'><strong>Assyriorum</strong></span> <span class='ocrx_word' id='word_1_420' title='bbox 769 2868 906 2914; x_wconf 86' lang='lat' dir='ltr'><strong>quidem</strong></span> <span class='ocrx_word' id='word_1_421' title='bbox 935 2869 1098 2915; x_wconf 71' lang='lat' dir='ltr'><strong>princeps</strong></span> <span class='ocrx_word' id='word_1_422' title='bbox 1120 2869 1250 2910; x_wconf 86' lang='lat' dir='ltr'><strong>fuerit,</strong></span> <span class='ocrx_word' id='word_1_423' title='bbox 1276 2879 1396 2903; x_wconf 86' lang='lat' dir='ltr'><strong>verum</strong></span> <span class='ocrx_word' id='word_1_424' title='bbox 1415 2868 1564 2903; x_wconf 87' lang='lat' dir='ltr'><strong>Arbacis</strong></span> <span class='ocrx_word' id='word_1_425' title='bbox 1587 2866 1756 2914; x_wconf 83' lang='lat' dir='ltr'><strong>potestati</strong></span> 
     </span>
     <span class='ocr_line' id='line_1_45' title="bbox 261 2914 1755 2963; baseline 0 -14"><span class='ocrx_word' id='word_1_426' title='bbox 261 2914 363 2960; x_wconf 87' lang='lat' dir='ltr'><strong>plene</strong></span> <span class='ocrx_word' id='word_1_427' title='bbox 381 2917 481 2951; x_wconf 89' lang='lat' dir='ltr'><strong>modo</strong></span> <span class='ocrx_word' id='word_1_428' title='bbox 500 2916 686 2952; x_wconf 83' lang='lat' dir='ltr'><strong>subiectus.</strong></span> <span class='ocrx_word' id='word_1_429' title='bbox 732 2916 790 2951; x_wconf 86' lang='lat' dir='ltr'><strong>Ita</strong></span> <span class='ocrx_word' id='word_1_430' title='bbox 813 2916 972 2951; x_wconf 86' lang='lat' dir='ltr'><strong>referunt</strong></span> <span class='ocrx_word' id='word_1_431' title='bbox 996 2927 1110 2951; x_wconf 38' lang='lat' dir='ltr'><strong>:Heium</strong></span> <span class='ocrx_word' id='word_1_432' title='bbox 1131 2915 1420 2963; x_wconf 86' lang='lat' dir='ltr'><strong>Babylonicarum</strong></span> <span class='ocrx_word' id='word_1_433' title='bbox 1448 2916 1661 2961; x_wconf 83' lang='lat' dir='ltr'><strong>scriptores.</strong></span> <span class='ocrx_word' id='word_1_434' title='bbox 1686 2915 1755 2949; x_wconf 83' lang='lat' dir='ltr'><strong>Ar-</strong></span> 
     </span>
    </p>
   </div>
   <div class='ocr_carea' id='block_1_5' title="bbox 260 2961 1755 3012">
    <p class='ocr_par' dir='ltr' id='par_1_6' title="bbox 260 2961 1755 3012">
     <span class='ocr_line' id='line_1_46' title="bbox 260 2961 1755 3012; baseline 0 -16"><span class='ocrx_word' id='word_1_435' title='bbox 260 2961 381 2999; x_wconf 88' lang='lat' dir='ltr'><strong>bacem</strong></span> <span class='ocrx_word' id='word_1_436' title='bbox 398 2962 578 3011; x_wconf 84' lang='lat' dir='ltr'><strong>nimirum,</strong></span> <span class='ocrx_word' id='word_1_437' title='bbox 599 2974 720 3012; x_wconf 83' lang='lat' dir='ltr'><strong>regum</strong></span> <span class='ocrx_word' id='word_1_438' title='bbox 738 2962 1008 3012; x_wconf 81' lang='lat' dir='ltr'><strong>appellationem</strong></span> <span class='ocrx_word' id='word_1_439' title='bbox 1034 2967 1071 3000; x_wconf 89' lang='lat' dir='ltr'><strong>et</strong></span> <span class='ocrx_word' id='word_1_440' title='bbox 1100 2975 1187 3011; x_wconf 86' lang='lat' dir='ltr'><strong>opes</strong></span> <span class='ocrx_word' id='word_1_441' title='bbox 1215 2964 1263 3001; x_wconf 82' lang='lat' dir='ltr'><strong>ad</strong></span> <span class='ocrx_word' id='word_1_442' title='bbox 1281 2962 1406 2999; x_wconf 84' lang='lat' dir='ltr'><strong>Medos</strong></span> <span class='ocrx_word' id='word_1_443' title='bbox 1434 2962 1672 3005; x_wconf 75' lang='lat' dir='ltr'><strong>transtulisse,</strong></span> <span class='ocrx_word' id='word_1_444' title='bbox 1697 2972 1755 2997; x_wconf 85' lang='lat' dir='ltr'><strong>re-</strong></span> 
     </span>
    </p>
   </div>
  </div>
 </body>
</html>
