1800 3236
530 148 1062 201 CHRONOGRAPHIA.·
1462 150 1570 203 583

62 264 137 324 ἕτη
165 263 246 311 λδ’.
279 259 497 315 Ἀπώνιος
533 263 600 308 ἐπὶ
629 262 847 327 Πάρθους
872 262 1114 325 στρατεύειν
1141 265 1305 323 με’λλων
1334 267 1566 327 Ἀντίγονον

61 337 136 381 τὸν
162 336 378 382 Ἰουδαίων
409 333 615 379 ἀπέκτεινε
646 336 823 392 βασιλέα
855 339 924 381 καὶ
937 337 1140 396 Ἀραβίαν
1161 335 1417 400 Κλεοπάτρα
1435 340 1566 399 παρέ-

63 409 185 461 δωκε,
223 403 376 462 διαβάς
393 421 437 459 τε
458 405 524 448 ἐπὶ
539 402 755 465 Πάρθους
777 405 944 452 ἔπταισε
964 405 1154 466 μεγάλως
1172 407 1220 451 τὸ
1239 412 1432 452 πλεῖστον
1454 409 1602 455 ἀπο-Β

60 476 206 533 βαλών
234 480 311 521 τοῦ
339 479 538 534 στρατοῦ.
574 470 628 532 ἦν
663 476 868 533 ὀλυμπιὰς
895 475 1003 537 ρπς’.
1042 475 1303 533 ὅΣεβαστὸς
1318 477 1566 531 Ὀκταούιος

14 546 141 603 ’5τὴν
165 548 210 599 ἐξ
237 546 418 597 Ἰταλίας
447 547 517 589 καὶ
543 544 682 602 πάσης
717 546 894 605 ἑσπέρας
917 545 1094 604 δύναμιν
1122 547 1192 591 ἐπ’
1208 546 1430 594 Ἀντώνιον
1448 544 1560 607 ἦγεν,

61 616 110 662 οὗ
127 614 385 673 βουλόμενον
407 617 466 667 εἷς
479 613 643 673 Ῥώμην
663 618 907 661 ἐπανελθεῖν
930 618 1009 683 δέει
1031 622 1114 662 τῶν
1129 619 1171 661 ἓν
1192 616 1396 676 Πάρθοις
1414 619 1560 664 ἔπται-

59 686 220 742 σμὲνων
243 688 311 730 καὶ
332 684 612 744 Κλεοπάτρας
634 686 767 744 ἔρωτι.
789 685 1009 739 Ἀντώνιος
1026 689 1072 732 δὲ
1097 683 1151 732 αὗ
1171 687 1247 744 τὴν
1266 690 1310 737 ἐκ
1329 693 1405 745 τῆς
1416 689 1560 741 Ἀσίας

57 755 164 813 ἒβζων
185 754 362 813 δύναμιν
378 754 637 813 ὑπηντίαζεν.
657 754 678 801 ὅ
701 758 747 800 δὲ
762 755 957 815 Ἡρώδης
969 756 1037 802 οἶα
1058 758 1191 809 δεινὸς
1200 760 1269 802 καὶ
1287 763 1373 803 τῶν
1390 758 1559 816 ἴσχυόν-

57 844 143 871 των
176 826 443 886 θεραπευτὴς
474 828 626 878 διπλᾶς
651 827 879 883 ἐξέπεμψεν
909 828 1132 880 ἐπιστολὰς
1152 830 1221 872 καὶ
1241 829 1308 885 νηὶ
1333 828 1408 873 τόν
1425 845 1560 889 στρα-

0 903 47 940 10
57 896 156 952 τὸν,
193 894 474 953 ἐντειλάμενος
506 903 596 948 τοῖς
616 894 862 954 ἡγουμένοις
885 899 1131 956 καραδοκεῖν
1151 898 1201 942 τὸ
1225 896 1556 955 ἀποβησόμενον.

20 1016 23 1018 v
56 965 178 1027 ὥςιδ’
203 968 352 1025 ἐκρίθη
380 965 466 1027 :cmi
487 967 579 1023 νίκη
599 968 667 1010 καὶ
688 968 785 1011 δυσὶ
804 969 1055 1024 ναυμαχίαις
1074 966 1276 1025 ἡττηθεὶς
1300 966 1322 1012 ὃ
1340 967 1562 1022 Ἀντώνιος

55 1035 204 1096 ἔφυγεν
227 1039 289 1088 ἐἷς
317 1036 538 1094 ,Αἴγυπτον
572 1035 662 1093 ἅμα
692 1041 746 1096 τῇ
764 1036 1045 1100 Κλεοπάτρᾳ,
1082 1038 1123 1082 οἶ
1151 1039 1387 1095 κομίζοντες
1406 1039 1563 1084 ἀπέδο-

53 1123 135 1152 σαν
155 1106 233 1159 τὰς
253 1106 360 1165 πρὸς
390 1106 463 1151 τὸν
493 1106 712 1163 Σεβαστὸν
731 1106 952 1159 ἐπιστολὰς
963 1141 977 1162 ,
1015 1107 1067 1159 ἃς
1086 1108 1194 1167 πρὸς
1209 1106 1429 1153 Ἀντώνιον
1450 1107 1559 1166 εἶχον

53 1175 388 1236 ἄποκρῦψαντες.
425 1177 627 1221 ἐπιπίπτει
653 1177 699 1220 δὲ
719 1175 891 1236 Ἡρώδῃ
908 1176 1165 1237 Κλεοπάτρα
1187 1179 1230 1222 ἐν
1248 1182 1309 1239 τῷ
1327 1180 1551 1241 μεσαιολίῳ
1563 1188 1595 1224 C

0 1246 211 1306 15ἒαυτὴν
237 1245 484 1305 διεχρήσατο
518 1247 662 1292 ἀσπίδι
691 1252 752 1307 τῷ
785 1250 925 1308 θηρίῳ
952 1247 1062 1292 καθ’
1087 1247 1239 1305 ἑαυτῆς
1258 1247 1373 1308 ὅπλῳ
1389 1267 1557 1307 χρησα-

53 1318 171 1376 μένη.
208 1316 302 1362 τότε
323 1315 602 1380 Κλεοπάτρας
629 1317 747 1369 υἱοὺς
771 1317 921 1362 ’Ἠλιον
950 1319 1019 1362 καὶ
1050 1316 1236 1375 Σελήνην
1261 1319 1327 1361 ἐπὶ
1359 1320 1565 1375 Θηβαΐδα

54 1386 265 1447 φυγόντας
283 1387 508 1443 συνέλαβεν
529 1386 550 1431 ὃ
569 1385 799 1443 Σεβαστός.
837 1386 1066 1438 Νικόπολις
1087 1386 1114 1444 ἦ
1138 1387 1245 1431 κατὰ
1257 1387 1424 1431 Ἀκτίαν
1446 1376 1566 1432 {ml-⁵

54 1465 145 1516 σθη
182 1460 250 1502 καὶ
267 1457 412 1501 Ἄκτια
433 1455 455 1502 ὅ
479 1457 591 1515 ἇγιὺν
612 1457 752 1514 ἐτέθη.
784 1457 1096 1515 Ἀλεξανδρείας
1117 1457 1364 1514 εἰλημμένης
1387 1462 1556 1516 πρῶτος

51 1527 218 1587 ἡγεμὼν
255 1525 477 1586 ,Αἶγῦπτου
520 1527 724 1583 πέμπεται
762 1526 928 1579 Γάλλος
957 1524 1219 1586 Κορνήλιος,
1257 1526 1303 1579 ὃς
1330 1531 1416 1572 τῶν
1445 1527 1555 1572 ‹ino-

149 1652 183 1688 1.
209 1647 408 1695 ἄντίγουον
425 1650 466 1684 Β.
492 1645 681 1685 Λντώνιον
703 1649 750 1685 G.
863 1649 896 1684 6.
929 1647 1163 1695 βουλόμενον
1184 1648 1228 1683 Β.
1251 1643 1482 1696 βουλόμενος
1505 1650 1555 1686 G.

181 1742 191 1754 1
216 1700 251 1734 7.
276 1692 328 1735 αὖ
345 1695 431 1744 τὴν]
459 1697 573 1742 Vulgo
594 1695 727 1756 αὐτὴν.
822 1699 857 1734 8.
880 1694 1081 1755 ὑπήντιζεν
1105 1696 1154 1730 G·
1259 1698 1316 1752 lq.
1339 1695 1388 1757 τόὶ
1407 1693 1555 1756 ἀποβη-

146 1757 216 1792 “⁰“
220 1758 287 1828 ³12⁰?
308 1746 396 1827 ἕξει
408 1744 1033 1839 “Ηξέ;“δζ“ἑμΐὲ.ῗιῗιῖἓ,]ηἷῖἷέἔὲἕέιαις
1057 1743 1553 1838 ἶὲσαιοῆῗφ]αἰἷὶῗιῖἒῖιῗέιῖξὲ

145 1838 306 1884 Scaliger
329 1850 363 1885 p.
389 1839 448 1875 74.
484 1839 724 1886 Μα-υσωλαίῳ
748 1850 791 1872 m.
904 1840 961 1874 15.
985 1835 1208 1883 διεχρήσατο
1225 1837 1399 1881 Scaliger.
1434 1837 1552 1882 Vulgo

148 1884 191 1923 δὲ
215 1885 410 1931 ἐχρήσατο.
515 1889 570 1922 16.
594 1884 705 1927 υἱούς
728 1887 772 1920 Β.
797 1884 882 1928 υἱὸς
900 1886 949 1920 G.
1041 1884 1219 1933 θηβαΐὸα
1239 1885 1283 1919 Β.
1310 1884 1478 1933 Θηβαΐδι
1500 1885 1548 1919 G.
1599 1906 1604 1911 ι

219 1936 275 1970 18.
289 1931 434 1978 ''Am-coc]
461 1933 577 1980 Vulgo
599 1935 724 1970 Ακτία.

52 2037 227 2083 regnavit.
276 2036 445 2073 Antonius
473 2037 511 2072 in
537 2037 690 2072 Parthos
717 2035 940 2083 expeditione
970 2038 1160 2083 suscepta,
1193 2034 1400 2071 Iudaeorum
1428 2045 1550 2081 regem

51 2085 262 2131 Antigonum
294 2085 474 2120 interfecit
496 2088 534 2119 et
559 2085 723 2120 Arabiam
745 2084 955 2129 Cleopatrae
979 2082 1248 2126 commendavit3
1274 2086 1311 2118 et
1332 2082 1368 2117 in
1394 2082 1549 2117 Parthos

52 2144 264 2178 progressus
289 2131 463 2167 exercitus
499 2136 600 2178 parte
627 2131 773 2174 amissa,
807 2143 875 2165 non
900 2130 1028 2166 leviter
1054 2142 1223 2176 peccasse
1253 2132 1449 2175 compertus
1480 2131 1547 2164 est.

52 2179 146 2214 Erat
173 2183 256 2214 tunc
273 2179 455 2225 Olympias
476 2180 554 2216 186.
601 2178 755 2213 Cunctas
772 2189 816 2212 ex
836 2178 940 2212 Italia
957 2177 1182 2223 occiduisque
1207 2176 1409 2223 regionibus
1428 2175 1549 2221 copias

53 2230 261 2262 contractas
282 2227 461 2271 Augustus
484 2226 656 2262 Octavius
687 2225 808 2260 eduxit
841 2224 877 2259 in
907 2224 1088 2260 Antonium
1115 2229 1209 2258 metu
1232 2223 1372 2266 delicti,
1404 2222 1483 2257 dum
1511 2222 1548 2257 in

52 2273 207 2308 Parthos
227 2273 482 2320 praeliaretur,
507 2272 669 2315 admissi,
695 2278 732 2307 et
752 2272 964 2317 Cleopatrae
993 2271 1167 2307 illecebris
1189 2270 1390 2312 detentum,
1413 2282 1456 2305 ac
1474 2270 1548 2304 Ro-

53 2331 141 2355 mam
165 2333 203 2355 se
225 2321 385 2355 conferre
402 2321 673 2362 detrectantem3
698 2319 754 2354 cui
781 2319 936 2353 collectis
958 2318 1123 2354 Asiaticis
1147 2317 1282 2353 viribus
1297 2317 1467 2352 Antonius
1483 2316 1546 2350 ob-

53 2367 146 2403 viam
172 2367 348 2413 profectus
375 2372 441 2402 est.
490 2367 650 2402 Herodes
679 2378 781 2411 porro
805 2365 902 2400 velut
928 2366 1057 2400 astutia
1076 2365 1230 2411 pollens,
1254 2376 1295 2399 ac
1313 2364 1544 2410 potentiorum

53 2414 221 2460 obsequio
255 2413 370 2448 addici
406 2419 589 2449 consuetus
617 2413 710 2447 datis
739 2412 896 2459 epistolis
926 2412 1120 2457 duplicibus
1150 2416 1188 2447 et
1216 2410 1409 2446 auxiliariis
1432 2408 1544 2454 copiis

52 2461 141 2496 mari
160 2461 390 2503 transmissis,
411 2462 516 2496 duces
540 2466 579 2495 ut
607 2461 704 2505 prius
729 2465 886 2494 eventum
908 2459 1008 2502 belli,
1037 2471 1137 2506 quam
1163 2457 1412 2503 confligerent,
1437 2467 1544 2502 prae-

53 2507 264 2543 stolarentur
275 2533 287 2550 ‚
311 2508 496 2542 admonuit.
550 2507 754 2542 Adiudicata
769 2508 925 2552 Augusto
942 2506 1093 2541 victoria
1112 2505 1283 2542 Antonius
1300 2503 1440 2551 praeliis
1455 2501 1543 2536 duo-

53 2555 121 2590 bus
147 2555 266 2597 fusus,
291 2554 327 2589 in
349 2557 544 2600 Aegyptum
570 2554 709 2599 fugiens
737 2565 812 2589 cum
833 2553 1022 2599 Cleopatra
1050 2564 1216 2588 reversus
1246 2557 1312 2586 est.
1361 2551 1464 2584 Tunc
1482 2558 1544 2582 oc·-

53 2601 214 2644 cultatis,
247 2613 337 2647 quae
359 2603 405 2636 ad
435 2601 637 2642 Antonium,
664 2600 799 2635 litteras
819 2600 865 2635 ad
886 2604 1076 2646 Augustum
1102 2599 1223 2636 missas
1249 2598 1308 2644 qui
1336 2595 1540 2631 deferebant

54 2648 160 2684 duces
177 2649 375 2684 reddidere.
423 2648 566 2694 Impetit
581 2647 755 2683 Herodem
780 2672 966 2685 ......
989 2646 1172 2694 sepulcrali
1191 2645 1388 2680 Mausolaeo
1406 2640 1541 2676 inclusa

53 2695 242 2741 Cleopatra
268 2695 390 2742 aspide
420 2696 496 2730 sera
513 2699 676 2739 tanquam
699 2694 819 2729 mortis
835 2694 904 2729 telo
930 2706 994 2728 usa
1010 2707 1048 2729 se
1075 2694 1183 2740 ipsam
1200 2690 1359 2727 confecit.
1405 2686 1540 2742 Eodem

52 2745 211 2789 tempore
232 2742 443 2788 Cleopatrae
469 2742 560 2776 filios
587 2740 702 2776 Solem
725 2741 925 2788 Lunamque
953 2742 998 2777 ab
1026 2752 1069 2776 ea
1097 2744 1238 2776 vocatos
1265 2738 1299 2772 in
1320 2733 1540 2771 Thebaidem

51 2789 229 2834 fugientes
262 2791 437 2835 Augustus
468 2788 575 2834 cepit.
623 2788 807 2835 Nicopolis
830 2789 877 2824 ad
904 2788 1084 2823 Actiacum
1111 2787 1221 2822 sinum
1260 2781 1472 2818 construitur
1501 2783 1546 2816 el:r

52 2837 217 2871 Actiacas
236 2836 336 2871 ludus
358 2836 548 2871 institutus.
595 2835 807 2871 Alexandria
826 2840 932 2882 capta
950 2835 1079 2881 primus
1101 2830 1255 2878 Aegypti
1271 2830 1345 2864 dux
1363 2829 1537 2873 Augusta-

52 2882 96 2919 lis
113 2883 295 2919 Cornelius
314 2883 437 2919 Gallus
453 2883 578 2918 missus
602 2888 675 2926 est,
699 2883 759 2931 qui
779 2882 1029 2931 Aegyptiorum
1057 2881 1102 2917 ad
1135 2877 1405 2927 perduellionem
1426 2873 1536 2911 defie-

868 2991 885 3011 Β
