1800 3236
231 156 335 209 586
710 164 963 212 GEORGII
990 163 1275 212 SYNCELLI

232 276 419 331 θεσπίζει
438 273 640 334 λέγουσα·
677 277 747 321 καὶ
771 274 912 336 γνώσῃ
933 278 1002 321 καὶ
1023 274 1215 335 συνήσεις
1233 277 1316 323 ἀπὸ
1339 273 1485 332 ἐξόδου
1509 274 1635 338 λόγου
1655 284 1732 326 τοῦ

231 349 522 406 ἀποκριθῆναι
568 348 636 392 καὶ
680 351 756 391 τοῦ
794 349 1069 404 οἰκοδομῆσαι
1107 346 1381 407 Ἰερουσαλὴμ
1423 350 1501 402 ἕως
1539 354 1733 409 Χριστοῦ

232 417 464 477 ἡγουμένου
486 415 718 473 ἓβδομάδες
743 415 848 461 ἔπτὰ
868 419 936 461 καὶ
958 415 1192 474 ἓβδομᾶδες
1211 418 1290 476 ’ξβ’.
1330 414 1455 464 αὗται
1482 421 1528 464 δὲ
1547 422 1591 465 αἱ
1618 422 1734 466 ἐννέα

233 491 303 534 καὶ
323 486 524 545 ἑξήκοντα
553 485 787 544 ἑβδομάδες
813 492 1107 545 συμπληροῦσι
1131 488 1286 548 χρόνον
1313 492 1417 535 ἐτῶν
1444 488 1556 549 υπγ’,
1594 489 1733 536 ὁπόσα

230 559 304 617 ἴτη
326 556 513 616 τυγχάνει
538 558 594 602 τὰ
615 563 692 615 τῆς
714 558 846 616 ἀρχῆς
871 562 956 602 τῶν
983 562 1186 618 Χριστῶν
1214 558 1466 618 ἡγουμένων.
1505 555 1563 606 ὧν
1590 567 1761 608 πλευ-5

228 631 351 675 ταίου
376 627 585 687 ίΥρκανοῦ
615 627 699 673 ὑπὸ
732 627 933 688 Πάρθων
962 628 1232 686 αῗχμαλώτου
1263 633 1512 690 ’ληφθέντος
1537 630 1734 692 Ἡρώδης

230 698 253 745 ὅ
277 696 552 758 Ἀντιπάτρου
582 700 715 757 μηδὲν
746 697 1045 758 προσήκουσαν
1073 700 1188 762 αὐτῷ
1209 700 1286 759 τὴν
1309 707 1394 747 τῶν
1411 703 1627 747 Ἰουδαίων
1648 708 1734 759 βα-

230 771 387 815 σιλείαν
406 767 489 814 &ab
522 768 775 828 Αὐγούστου
798 772 868 814 καὶ
891 775 968 827 τῆς
997 769 1229 829 συγκλήτου
1255 770 1472 829 Ῥωμαίων
1504 777 1734 832 παραλαμ-

69 852 112 887 P.
135 851 206 890 310
227 838 361 898 βάνει.
400 839 575 885 κᾶπειτα
597 841 638 885 οἱ
657 838 811 884 τούτου
833 843 979 893 παῖδες
996 841 1117 898 μέχρι
1134 846 1210 899 τῆς
1233 840 1419 900 ὕστάτης
1433 841 1733 902 Ἱεροσολύμων

227 912 471 970 πολιορκίας
493 910 571 955 οὒκ
592 910 651 955 ἔτι
673 912 714 955 οἶ
737 913 782 955 ἔκ
805 914 1005 969 διαδοχῆς
1031 916 1108 956 τοῦ
1146 913 1353 972 ἱερατικοῦ
1382 914 1526 972 γένους
1561 914 1730 973 ἶερῶντο
1746 923 1790 958 10

227 987 288 1043 τῷ
309 986 400 1042 θεῷ
422 981 521 1026 οὐδὲ
544 981 615 1025 διὰ
633 983 729 1038 βίου
753 982 863 1026 κατὰ
883 982 955 1027 τὸν
974 982 1200 1034 Μωϋσέως
1221 982 1376 1040 νόμον,
1414 983 1570 1042 ἄσημοι
1599 985 1649 1028 δέ
1668 1003 1733 1029 τι-

228 1070 294 1104 νες
314 1052 464 1097 ἄλλοτε
485 1051 619 1106 ἄλλοι,
641 1054 710 1096 καὶ
731 1053 771 1096 οἱ
786 1052 864 1109 μὲν
885 1051 1098 1107 ἐνιαύσιοι,
1122 1054 1162 1097 οἳ
1184 1055 1229 1098 δὲ
1251 1054 1310 1098 ἴτι
1333 1054 1457 1116 ὀλίγῳ
1475 1055 1600 1100 πλέον
1614 1055 1732 1115 παρὰ

228 1128 315 1169 τῶν
329 1121 572 1179 Ῥωμαϊκῶν
591 1120 805 1180 ἡγεμόνων
828 1123 905 1181 τὴν
927 1121 1237 1182 ἀρχιερωσύνην
1257 1126 1499 1177 ἓξωνοῦντο.

72 1203 117 1239 V.
141 1200 213 1241 247
328 1192 525 1253 Ἡρώδης
540 1192 816 1252 Ἀντιπάτρου
836 1198 913 1238 τοῦ
934 1193 1239 1239 Ἀσκαλωνίτου
1260 1203 1358 1248 παΐς
1379 1197 1447 1239 καὶ
1465 1195 1628 1255 μητρὸς
1637 1192 1732 1240 Κύ-

226 1266 376 1324 πριδος
392 1264 649 1321 Ἀραβίσσης
667 1264 788 1308 οὐδὲν
812 1264 927 1325 αὐτῷ
950 1262 1249 1323 προσήκουσαν
1268 1266 1346 1324 τὴν
1361 1266 1576 1311 Ἰουδαίων
1603 1272 1731 1323 βασι·
1744 1277 1788 1315 15

227 1336 342 1379 λείαν
358 1333 442 1379 ὖπὸ
458 1332 674 1390 Ῥωμαίων
694 1335 951 1394 ἐγχειρίζεται
960 1367 975 1390 ,
1016 1334 1125 1379 καθ’
1151 1334 1198 1379 ὃν
1218 1340 1293 1394 τῆς
1312 1341 1387 1381 τοῦ
1405 1339 1597 1395 Χριστοῦ
1618 1337 1730 1395 γενέ-

227 1421 333 1458 σεως
363 1403 673 1462 πλησιαζούσης
701 1403 728 1462 ἦ
762 1406 807 1449 ἐκ
837 1403 1052 1465 προγόνων
1078 1406 1257 1463 διαδοχὴ
1285 1406 1570 1466 ἀρχιερωσύνη
1593 1425 1636 1451 τε
1661 1409 1731 1451 καὶ

189 1476 337 1535 Βᾶρχὴ
359 1481 445 1520 τῶν
459 1475 676 1520 Ἰουδαίων
694 1474 925 1534 κατελύθη,
955 1477 1332 1535 συμπληρουμένης
1351 1482 1429 1535 τῆς
1450 1479 1568 1537 παρὰ
1588 1481 1731 1522 Μωῢ-

226 1552 281 1606 σῇ
300 1545 500 1605 λεγούσης
525 1548 784 1605 προφητείας
798 1561 808 1571 ·
829 1547 905 1591 οὐκ
928 1548 1106 1603 ἐκλείψει
1128 1547 1270 1606 ἄρχων
1290 1550 1333 1601 ἐξ
1358 1547 1497 1593 Ἰούδα
1517 1551 1585 1593 καὶ
1604 1546 1731 1606 ἡγού-

223 1635 349 1676 μενος
369 1618 413 1661 ἐκ
435 1621 520 1661 τῶν
539 1621 687 1676 μηρῶν
705 1617 860 1673 aizoi,
900 1618 978 1670 ἕως
995 1617 1047 1662 ἂν
1065 1617 1171 1677 ἔλθῃ
1193 1617 1214 1662 ὃ
1249 1617 1476 1675 ἀπόκειται,
1513 1621 1583 1664 καὶ
1599 1619 1727 1671 αὐτὸς
1739 1630 1788 1666 20

320 1755 354 1790 1.
377 1750 518 1800 γνώσῃ]
542 1749 750 1799 γνώσειῃΒ.
869 1750 1061 1798 συνήσεις]
1090 1751 1242 1799 συνήσει
1265 1754 1338 1789 ΑΒ.
1456 1757 1493 1793 3,
1527 1755 1570 1792 δὲ
1593 1766 1659 1790 om.
1680 1755 1730 1790 G.

388 1800 422 1835 6.
448 1797 523 1836 ὑπὸ
538 1802 581 1836 B.
603 1798 679 1838 ἀπὸ
700 1802 750 1837 G.
840 1797 1014 1847 Ἡρώδης
1028 1799 1063 1846 ὁ]
1087 1798 1106 1836 ὁ
1129 1801 1290 1847 Ηρώδης
1310 1802 1382 1838 τοῦ
1401 1803 1450 1838 G.
1542 1805 1577 1840 9.
1602 1799 1731 1839 utinea-

318 1848 381 1892 τα]
406 1846 491 1884 κατ’
512 1846 639 1884 ἔπειτα
657 1849 705 1883 G·
812 1850 866 1886 13.
892 1846 1084 1895 ἡγεμόνων
1103 1849 1144 1883 Β.
1171 1846 1390 1895 ἡγουμένων
1409 1850 1458 1885 G.
1556 1848 1612 1887 14.
1637 1854 1729 1892 παῖς

318 1906 384 1930 om.
406 1896 452 1929 G.
547 1897 731 1941 κυπρίδος
749 1895 791 1931 Β.
815 1896 876 1930 Sic
891 1896 983 1931 idem
1002 1907 1109 1942 supra
1134 1907 1167 1942 p.
1188 1898 1260 1933 300
1282 1910 1312 1932 c.
1413 1900 1470 1934 16.
1493 1898 1669 1944 γενέσεως
1685 1899 1726 1932 B.

313 1940 519 1989 γεννήσεως
538 1945 587 1979 G.
684 1946 739 1980 18.
763 1946 910 1989 μωϋσεῖ
930 1944 972 1979 Β.
999 1944 1092 1980 Vide
1111 1944 1243 1981 Genes.
1261 1944 1401 1991 XLIX,
1428 1948 1484 1983 10.
1579 1947 1638 1983 19.
1663 1944 1729 1982 καὶ

319 1986 544 2038 ἡγούμενος]
568 1990 632 2028 καὶ
652 1989 777 2038 ἄρχων
793 1992 842 2027 G.
1566 2007 1572 2018 ι

224 2118 327 2142 cens=
352 2119 544 2153 cognosces
563 2112 599 2146 et
616 2109 794 2156 intelliges
812 2108 856 2144 ab
876 2106 1189 2151 exitu'sermoniS,
1213 2110 1254 2144 ut
1273 2108 1551 2155 respondeatur,
1577 2111 1613 2144 et
1631 2109 1729 2144 aedi-

225 2153 352 2189 ficetur
377 2155 597 2192 Hierusalem
623 2169 732 2203 usque
757 2157 803 2191 ad
832 2156 1010 2191 Christum
1036 2155 1155 2190 ducem
1181 2155 1415 2191 hebdomades
1438 2158 1460 2193 7
1477 2161 1513 2191 et
1539 2157 1728 2191 hebdoma-

224 2200 288 2236 des
308 2203 366 2238 62.
415 2203 588 2238 Annorum
614 2204 706 2239 istae
732 2206 778 2241 69
799 2202 1032 2237 hebdomades
1055 2201 1091 2236 in
1107 2213 1215 2236 annos
1243 2214 1416 2249 expansos
1435 2204 1631 2246 resolutae,
1655 2203 1726 2240 483

225 2259 401 2283 numerum
421 2251 628 2293 conficiunt,
653 2263 754 2298 quem
776 2249 931 2285 nimirum
951 2249 1100 2283 Christis
1122 2249 1269 2283 ducibus
1300 2249 1548 2296 imperantibus
1574 2251 1726 2296 elapsum

226 2295 470 2338 observamus,
494 2309 639 2343 quorum
663 2298 782 2332 ultimo
806 2298 973 2344 Hyrcano
997 2307 1019 2329 a
1041 2295 1184 2330 Parthis
1214 2300 1338 2341 capto,
1363 2297 1522 2332 Herodes
1548 2298 1725 2344 Antipatri

225 2341 319 2377 filius
337 2353 479 2387 regnum
500 2344 567 2379 sibi
586 2345 727 2391 penitus
746 2344 893 2379 alienum
918 2344 962 2377 ab
979 2344 1140 2388 Augusto
1171 2348 1367 2390 senatuque
1385 2344 1540 2380 Romano
1573 2345 1725 2380 oblatum

226 2389 380 2424 assumit.
428 2391 605 2438 Deinceps
635 2391 680 2426 ad
705 2397 893 2426 extremum
924 2401 1034 2436 usque
1055 2388 1371 2436 Hierosolymorum
1391 2392 1582 2427 obsidionis
1603 2393 1724 2428 termi-

225 2448 308 2471 num
331 2436 426 2472 illius
453 2437 518 2472 filii
542 2450 756 2484 regnavere3
780 2436 964 2484 pontifices
994 2439 1108 2471 autem
1135 2448 1203 2471 non
1232 2449 1275 2472 ex
1303 2439 1509 2479 sacerdotali
1537 2452 1666 2485 genere
1689 2446 1725 2475 et

225 2483 458 2519 successionis
494 2485 615 2520 ordine
649 2485 855 2530 dignitatem
885 2483 1086 2526 obtinuere,
1124 2483 1187 2518 sed
1223 2486 1380 2520 obscuris
1411 2486 1585 2522 natalibus
1614 2487 1724 2521 homi-

226 2543 289 2566 nes
317 2535 355 2566 et
383 2531 488 2567 alieni
516 2532 744 2578 quandoque,
779 2532 815 2566 hi
846 2531 985 2576 quidem
1012 2531 1048 2565 in
1079 2542 1222 2574 annum,
1256 2533 1317 2567 alii
1344 2533 1380 2567 in
1419 2533 1567 2579 spatium
1599 2533 1723 2576 maim,

224 2577 286 2614 alii
303 2589 325 2612 a
339 2578 509 2633 ‘Romanis
526 2578 743 2627 praesidibus
760 2579 900 2614 honoris
917 2578 1008 2613 illius
1029 2578 1164 2624 apicem
1182 2580 1373 2616 numeratis
1391 2581 1460 2616 sibi
1478 2592 1723 2627 comparavere

249 2636 394 2661 ecunns.

224 2637 246 2673 P
315 2673 477 2709 Herode·
497 2672 681 2719 Antipatro
698 2672 896 2708 Ascalonita
915 2676 952 2707 et
967 2675 1076 2708 matre
1099 2672 1257 2720 Cypride
1276 2674 1392 2709 Arabe
1410 2674 1550 2720 genitus
1578 2674 1725 2710 Iudaeo-

223 2731 299 2755 rum
317 2732 461 2766 regnum
483 2725 520 2756 et
537 2720 642 2756 alieni
658 2720 744 2766 iuris
770 2732 791 2755 a
807 2720 972 2755 Romanis
997 2721 1087 2755 dono
1108 2721 1273 2767 suscipit3
1301 2733 1370 2767 qua
1402 2733 1485 2757 sane
1513 2726 1722 2767 tempestate

222 2766 349 2802 vicinis
367 2768 436 2802 iam
453 2767 588 2803 Christi
611 2767 783 2803 natalibus
801 2767 1001 2803 continuata
1028 2780 1049 2802 a
1071 2767 1258 2804 maioribus
1278 2769 1472 2811 successio,
1497 2770 1721 2815 pontificatus

221 2814 397 2859 dignitas,
421 2815 603 2862 ipsumque
620 2814 824 2850 Iudaeorum
846 2814 1024 2860 imperium
1042 2815 1217 2850 exstincta
1244 2819 1345 2859 sunt,
1371 2815 1566 2862 adimpletis
1594 2815 1722 2851 videli-

220 2868 280 2896 cet
299 2861 377 2896 istis
396 2862 487 2898 Mosi
506 2861 705 2898 vaticiniis:
729 2873 798 2898 non
823 2861 964 2897 deficiet
984 2861 1147 2908 princeps
1166 2863 1211 2898 de
1229 2863 1337 2905 Iuda,
1361 2874 1472 2908 neque
1500 2864 1570 2898 dux
1595 2863 1639 2898 de
1666 2863 1721 2898 se-

221 2908 372 2945 moribus
382 2909 457 2946 eius
475 2910 585 2947 donec
601 2909 721 2947 veniat
734 2909 766 2945 is
783 2909 840 2946 cui
855 2908 1045 2958 repositum
1062 2914 1136 2954 est3
1153 2909 1231 2959 ipse
1247 2915 1304 2946 est
1316 2910 1534 2958 exspectatio
1553 2910 1721 2958 gentium.
