1754 3236
163 187 233 237 28*
626 186 876 236 GEoRGn
906 145 1201 232 SYNCELLi

163 303 376 362 Βαβυλών
386 336 400 359 ,
419 300 542 361 Ὀρέχ
559 301 626 345 καὶ
644 299 801 359 Ἀρχὰδ
819 299 886 343 καὶ
908 294 1090 355 Χαλάνη
1105 297 1149 341 ἓν
1175 300 1228 356 τῇ
1246 300 1300 356 γῇ
1321 291 1499 355 Σεναάρ.
1523 294 1568 338 ἐκ
1589 298 1666 352 τῆς

162 380 239 435 γῆς
261 375 413 432 ἐκείνης
437 373 611 430 ἐξῆλθεν
634 370 826 428 Ἀσσοῦρ,
849 370 918 413 καὶ
946 366 1191 428 ᾠκοδόμησε
1220 367 1296 425 τὴν
1319 368 1465 412 Νινευὶ
1496 367 1566 409 καὶ
1587 365 1666 422 τὴν

159 445 331 501 ‘Posteri-9
352 442 472 489 πόλιν
494 444 562 486 καὶ
581 440 659 498 τὴν
680 443 731 484 Χ
729 438 848 496 αλάχ.
905 438 1013 496 αὕτη
1038 437 1065 496 ἦ
1087 436 1208 490 πόλις
1227 436 1254 496 ἦ
1276 437 1448 496 μεγάλη.
1462 436 1488 458 ”
1535 453 1665 495 φανε-

163 516 240 575 ρὸν
274 516 320 560 δὲ
348 516 393 558 ἔκ
421 511 581 558 τούτοιν
615 510 677 556 ὅτι
707 509 734 567 ἡ
766 510 872 568 ἀρχὴ
905 514 984 566 τῆς
1013 513 1099 553 τῶν
1131 509 1420 566 Βαβυλωνίων
1449 508 1667 575 βασιλείας

161 586 256 644 ἤτοι
283 585 512 629 Χαλδαίων
539 581 621 627 ἀπὸ
646 580 829 639 Νεβρώδ
857 584 934 625 τοῦ
956 579 1064 636 μετὰ
1088 579 1162 625 τὸν
1193 578 1489 635 κατακλυσμὸν
1513 580 1571 629 εἷς
1593 577 1694 634 ἴτηό

164 654 358 709 ἑξακόσια
379 652 602 713 τριάκοντα
626 650 893 708 ἀκμάσαντος
916 651 1064 709 γέγονε.
1114 651 1184 694 καὶ
1201 650 1285 709 χρὴ
1311 654 1453 694 πᾶσαν
1477 649 1667 708 ἱστορίαν

163 725 413 783 Χαλδαϊκὴν
431 723 458 782 ἢ
475 722 764 782 Αἰγυπτιακὴν
782 722 863 782 πρὸ
880 726 956 766 τοῦ
976 725 1276 777 κατακλυσμοῦ
1291 726 1345 780 τῇ
1363 724 1507 780 γραφῇ
1528 719 1667 777 ἀπαγ-

127 797 412 856 Βγελλομὲνην
432 795 491 852 μὴ
512 794 794 851 ἀποδέχεσθαι
815 793 917 845 τοὺς
946 792 1230 852 προσέχοντας
1253 790 1398 849 ὀρθῶς
1416 798 1511 842 ταῖς
1530 791 1669 841 θείαις

28 879 72 915 V.
98 880 143 918 13
166 875 374 927 γραφαῖς,
414 868 449 909 εἲ
469 866 543 908 καί
558 882 650 909 τινα
676 865 769 919 περὶ
791 867 1089 919 κατακλυσμοῦ
1112 864 1182 907 καὶ
1207 860 1442 922 λάρνακος,
1482 860 1577 918 ἤτοι
1604 879 1668 904 κι-

162 942 304 996 βωτοῦ
316 971 331 993 ,
370 936 597 992 κλέψαντες
624 936 669 978 ἓκ
692 939 777 978 τῶν
806 932 1099 979 θεοπνεύστων
1127 937 1303 992 γραφῶν
1334 930 1663 989 ἴδιοποιήσαντο,
1681 938 1727 976 10

164 1009 226 1054 δι’
254 1003 310 1053 ὧν
332 1008 372 1051 οἳ
393 1004 665 1066 ἅπλούστεροι
688 1006 757 1048 καὶ
781 1012 871 1057 τοῖς
892 1009 1051 1057 λοιποῖς
1073 1003 1287 1063 ληρήμασι
1307 1003 1581 1062 προσέχοντες
1599 1002 1669 1046 εὗ-

159 1084 295 1139 χερῶς
318 1076 600 1135 βλάπτονται,
639 1076 744 1134 λέγω
777 1076 823 1119 δὲ
844 1078 936 1135 περὶ
955 1073 1175 1135 μυριάδων
1201 1077 1306 1120 ἑτῶν
1336 1074 1406 1119 διὰ
1435 1072 1579 1134 σάρων
1599 1075 1670 1117 καὶ

163 1148 305 1208 νήρων
329 1150 398 1192 καὶ
430 1145 606 1192 σώσσων
633 1147 982 1204 καταλεγομένων.
1030 1147 1074 1191 ἐν
1107 1145 1170 1198 οἷς
1201 1148 1270 1191 καὶ
1299 1147 1393 1204 περὶ
1425 1145 1671 1190 ἀννιδοτίων

167 1219 377 1281 φάσκουσι
409 1216 520 1272 ζώων
550 1222 673 1262 τινῶν
705 1216 1012 1277 ῗχθυομόρφων
1039 1219 1082 1262 ἓν
1111 1218 1226 1277 μέρει
1257 1219 1326 1262 καὶ
1353 1213 1671 1276 ἀνθρωπομόρ-

166 1309 285 1351 φων,
324 1287 483 1348 ἡμέρας
511 1290 587 1345 μὲν
616 1289 659 1333 ἐν
689 1293 741 1347 τῇ
773 1293 824 1348 γῇ
861 1289 1144 1344 διαιτωμένων
1178 1291 1248 1333 καὶ
1276 1289 1486 1346 μηδεμιάν
1504 1287 1669 1346 τροφὴν
1683 1296 1728 1332 15

166 1360 537 1421 προσφερομένων,
575 1359 722 1411 νυκτὸς
742 1360 788 1403 δὲ
811 1361 855 1404 ἐν
878 1364 938 1421 τῷ
959 1358 1123 1418 πελάγει
1146 1357 1467 1404 καταδυνόντων
1478 1392 1492 1413 ,
1529 1375 1672 1417 παρα·
1702 1411 1705 1413 ‚

167 1430 370 1476 διδόντων
398 1448 442 1474 τε
463 1437 552 1482 τοῖς
581 1428 826 1484 ἀνθρώποις
859 1428 1090 1490 γράμματα
1116 1432 1185 1475 καὶ
1215 1427 1489 1487 μαθημάτων
1513 1429 1582 1473 καὶ
1603 1446 1672 1473 τε-

163 1507 277 1559 χνῶν
308 1502 519 1559 ἐμπειρίας
549 1503 618 1545 καὶ
640 1500 799 1546 πόλεων
831 1502 1125 1558 συνοικισμοὺς
1153 1504 1222 1546 καὶ
1247 1502 1367 1560 ἱερῶν
1396 1497 1578 1560 ἱδρύσεις
1602 1501 1673 1543 καὶ

123 1583 161 1620 Ὀ
172 1571 312 1631 νόμων
337 1570 564 1630 εἷσηγήσεις
585 1571 836 1632 σπερμάτων
865 1591 910 1618 τε
938 1570 1183 1632 συναγωγάς
1199 1587 1208 1597 ·
1246 1573 1316 1617 καὶ
1347 1571 1429 1616 ἀπὸ
1452 1569 1547 1616 τότε
1567 1571 1674 1631 φασὶ

258 1699 294 1735 1.
328 1697 502 1747 βαβυλῶν
528 1698 570 1733 A.
605 1745 610 1747 α
667 1694 753 1744 ὀρὲχ
776 1697 820 1733 Α.
862 1696 967 1744 Οράχ
991 1698 1039 1733 G.
1142 1699 1179 1736 2.
1216 1695 1365 1746 Ασσοῦρ
1389 1708 1434 1733 m.
1474 1694 1601 1742 Ασοῦρ
1622 1696 1670 1731 G.

256 1745 378 1791 ἀσοΰρ
401 1745 442 1780 A.
544 1746 674 1791 νινευῆ
698 1746 741 1780 A.
842 1746 877 1781 3.
903 1745 1039 1794 ροβῶθ·
1061 1747 1104 1783 A.
1208 1745 1339 1792 Χαλάχ
1359 1746 1432 1781 Am.
1467 1742 1598 1790 Χαλάγ
1624 1745 1672 1779 G.

254 1794 346 1830 Post
364 1788 494 1838 Χαλάχ
515 1791 650 1827 librarii
669 1793 772 1839 culpa
790 1793 963 1829 excidisse
978 1794 1144 1830 videntur
1160 1794 1224 1830 nal
1244 1793 1313 1840 τὴν
1331 1788 1441 1839 Δασὴ
1462 1789 1538 1830 ἀνὰ
1556 1790 1672 1837 μέσον

258 1840 399 1878 Νινευὶ
414 1839 477 1876 καὶ
496 1836 571 1875 ἀνὰ
588 1838 703 1885 μέσον
721 1837 863 1886 Χαλάχ.
952 1838 977 1888 ἡ
1002 1841 1163 1889 μεγάλη]
1188 1838 1213 1887 ἡ
1236 1841 1433 1877 delendum.
1533 1837 1569 1876 4.
1604 1840 1673 1885 τῆς

259 1888 337 1924 τῶν
360 1889 403 1923 A.
438 1887 505 1933 τῆς
528 1899 594 1922 om.
618 1887 667 1925 G.
768 1889 804 1924 7.
839 1885 864 1934 ἢ
889 1889 932 1924 Α.
964 1890 1028 1927 καὶ
1054 1891 1103 1925 G.
1201 1891 1235 1926 8.
1268 1887 1523 1936 προσέχοντας
1545 1899 1591 1922 m.
1615 1884 1670 1933 μή

260 1934 510 1982 προσέχοντας
534 1935 583 1973 Gr.
689 1936 744 1972 12.
776 1933 867 1982 λέγω
889 1934 931 1972 δὲ
953 1938 996 1972 Α.
1032 1936 1199 1983 λέγοντες
1223 1937 1273 1972 G.
1380 1934 1448 1972 διὰ
1477 1933 1604 1980 odom
1626 1947 1670 1970 m.

261 1982 316 2020 δι’
340 1978 386 2024 ἃς
403 1980 504 2028 ἅρων
522 1983 572 2020 G.
654 1984 709 2020 13.
735 1980 874 2030 νήρων]
899 1985 1129 2021 Scribebatur
1151 1985 1297 2030 νείρων.
1378 1980 1608 2021 ἀννιδοτίων
1627 1984 1671 2019 A.

184 2052 190 2059 ·
260 2029 495 2067 ἄννοδοτίων
511 2031 561 2065 G.
634 2033 692 2068 16.
709 2030 998 2070 καταδυνόντων
1014 2035 1058 2069 Α.
1082 2030 1354 2071 καταδυόντων
1375 2032 1423 2067 G.
1505 2033 1562 2068 18.
1585 2042 1674 2067 συν-

262 2076 449 2127 ῳκισμοῦς
478 2079 521 2114 Α.
634 2080 690 2115 19.
724 2079 832 2124 φασὶ]
870 2081 965 2128 φησὶ
998 2081 1042 2118 A.
1158 2078 1243 2118 τότε
1273 2100 1320 2108 --
1347 2078 1522 2127 χρόνους]
1555 2079 1672 2127 „Leg.

261 2126 333 2163 τοῦ
348 2138 389 2162 τε
400 2144 444 2153 -
455 2123 631 2173 χρόνον.”
677 2127 887 2175 Anonymus.

169 2229 352 2278 Babylon,
377 2231 498 2266 Orach
530 2234 568 2268 et
599 2231 737 2267 Archad
763 2235 800 2268 et
829 2233 985 2270 Chalane
1010 2233 1047 2269 in
1067 2237 1165 2269 terra
1182 2233 1352 2269 Sennaar.
1405 2233 1462 2269 De
1491 2234 1589 2267 terra
1613 2230 1674 2266 illa

170 2281 406 2324 egressus‘est
428 2280 540 2314 Assur
564 2282 600 2314 et
626 2280 827 2315 aedificavit
852 2281 1011 2317 Niniven
1043 2286 1080 2317 et
1108 2282 1229 2316 urbem
1258 2281 1401 2316 Roboth
1425 2283 1462 2317 et
1496 2279 1673 2315 Chalachz

169 2325 260 2360 haec
277 2329 332 2360 est
353 2325 477 2361 civitas
507 2326 666 2372 magna.'’
715 2328 808 2363 Sane
830 2328 940 2375 liquet
970 2340 1014 2364 ex
1033 2330 1113 2372 his,
1137 2328 1409 2375 Babyloniorum
1422 2354 1433 2371 ,
1458 2327 1534 2363 sive
1563 2325 1675 2362 mavis

176 2372 432 2408 Chaldaeorum
452 2373 552 2419 regni
570 2373 747 2409 exordium
765 2387 787 2410 a
807 2376 987 2412 Nembrod
999 2402 1010 2420 ,
1035 2375 1096 2424 qui
1112 2383 1208 2412 retro
1227 2375 1393 2411 diluvium
1411 2375 1511 2410 annis
1530 2386 1676 2410 sexcen-

171 2418 219 2453 tis
237 2423 274 2454 et
299 2419 446 2465 triginta
471 2420 610 2463 floruit,
635 2422 792 2457 ductum:
828 2429 864 2459 et
890 2436 950 2459 eos
969 2423 1029 2470 qui
1048 2424 1161 2459 sacris
1184 2423 1369 2469 scripturis
1389 2435 1432 2458 ex
1464 2434 1575 2469 aequo
1598 2421 1675 2456 ani-

170 2477 261 2501 mum
280 2466 491 2510 advertunt,
515 2468 760 2512 Chaldaicam,
783 2470 859 2506 sive
877 2472 1088 2518 Aegyptiam
1105 2483 1236 2506 omnem
1254 2470 1434 2506 historiam
1455 2469 1526 2504 illis
1546 2468 1678 2504 adver·

172 2517 306 2548 sautem
324 2513 426 2549 decet
443 2517 811 2562 respuerezquamvis,
831 2518 885 2553 illi
905 2530 948 2553 ex
973 2519 1157 2566 scripturis
1185 2518 1334 2554 caelitus
1355 2517 1498 2553 traditis
1518 2517 1562 2551 de
1581 2515 1676 2550 dilu-

170 2559 230 2596 vio
249 2563 287 2595 et
299 2572 383 2596 arca
402 2561 616 2597 suffurentur
637 2564 820 2607 nonnulla,
845 2565 973 2611 quibus
992 2566 1096 2601 animi
1117 2566 1347 2612 simpliciores
1365 2564 1498 2600 deliriis
1516 2574 1676 2598 nonnun-

172 2618 275 2653 quam
296 2609 487 2654 stupefacti
504 2609 688 2644 laeduntur
705 2623 806 2656 quam
822 2612 939 2656 facile,
966 2614 1027 2648 ubi
1043 2613 1331 2660 praestigiatores
1348 2611 1400 2647 illi
1419 2610 1595 2656 myriadas
1613 2621 1677 2645 an-

171 2665 294 2689 norum
316 2655 435 2700 Surb,
459 2655 601 2699 Neiris,
625 2660 661 2690 et
681 2657 799 2693 Sossis
818 2659 986 2695 conflatas
1003 2661 1325 2702 comminiscuntur3
1348 2660 1385 2694 in
1405 2658 1530 2705 quibus
1548 2662 1585 2692 et
1603 2669 1676 2692 me-

140 2749 142 2751 >
171 2713 231 2736 ras
253 2713 364 2748 nugas
385 2702 552 2737 evolvunt
572 2703 615 2738 de
646 2705 842 2740 annodotiis
873 2707 1097 2750 animalibus,
1122 2719 1192 2754 qua
1214 2707 1383 2753 piscium,
1407 2718 1478 2752 qua
1502 2704 1677 2740 hominum

172 2748 317 2784 formam
333 2749 593 2792 referentibus,
618 2749 663 2784 de
683 2750 741 2785 die
771 2753 865 2788 nullo
900 2754 1049 2789 admisso
1079 2754 1157 2789 cibo
1189 2754 1399 2800 degentibus
1421 2753 1458 2787 in
1488 2755 1606 2794 terra,
1630 2751 1676 2787 de

172 2799 275 2831 nocte
300 2796 419 2843 pelagi
439 2797 648 2843 profundum
668 2798 917 2842 subeuntibus,
941 2813 1086 2847 quorum
1104 2813 1172 2848 ope
1189 2801 1326 2836 litteras
1347 2805 1383 2835 et
1414 2799 1677 2845 disciplinarum

173 2843 371 2890 artiumque
396 2844 657 2891 experimenta,
681 2845 818 2880 urbium
843 2848 1110 2883 habitandamm
1135 2848 1327 2890 rationem,
1351 2847 1555 2893 templorum
1577 2846 1684 2890 aedif

173 2889 276 2933 ficia,
294 2891 415 2937 ,legum
437 2891 706 2938 expositionem,
732 2893 896 2928 seminum
917 2895 1161 2942 fructuumque
1175 2894 1446 2940 colligendorum
1461 2894 1595 2928 modum
1619 2905 1677 2929 re-

174 2937 262 2986 liqui
282 2938 438 2976 homines
456 2938 680 2987 acceperint,
705 2939 829 2988 quibus
846 2942 994 2979 necdum
1017 2943 1132 2979 adhuc
1151 2947 1289 2990 tempus
1307 2952 1372 2990 per
1387 2952 1496 2978 annos
1511 2940 1679 2977 metiendi
