1800 3236
184 199 286 248 124
656 200 912 248 GEORGII
937 199 1229 248 SYNCELLI

181 319 250 362 καὶ
268 315 327 360 ἔτι
344 311 621 374 Διοσκούρων
634 347 648 372 ,
677 313 933 373 Ἀσκληπιοῦ
942 349 957 370 ,
996 310 1235 367 Διονύσου,
1272 307 1424 371 ἡρώων
1443 327 1489 354 τε
1508 306 1691 364 πάντων,

177 387 334 447 Ἑρμοῦ
365 405 410 431 τε
438 387 507 430 καὶ
535 383 822 441 Ἀπόλλωνος,
861 389 947 429 τῶν
978 401 1022 429 τε
1052 387 1210 427 λοιπῶν
1240 382 1347 440 παρ’
1367 380 1541 438 ”.Ἐλλησι
1562 385 1693 434 θεῶν,

180 459 425 517 μυστηρίων
450 475 495 501 τε
529 458 598 500 καὶ
629 459 828 511 τελετῶν,
867 453 976 506 Διός
1004 472 1050 499 τε
1083 453 1215 497 αὐτοῦ
1247 450 1440 511 πράξεων
1473 456 1558 496 τῶν
1585 450 1693 509 παρ’

136 536 138 539 ”
171 529 344 586 ’Ἑλλησι
386 527 761 584 μνημονευομένων
775 541 785 551 ·
821 524 987 578 τούτων,
1030 524 1111 582 γὰρ
1148 521 1348 567 ἁπάντων
1386 522 1464 580 τὴν
1507 522 1697 578 ἱστορίαν

180 600 386 657 νεωτέραν
422 602 500 654 τῆς
531 596 752 655 Κέκροπος
780 594 942 653 ἥλικίας
976 597 1125 645 παῖδες
1147 592 1358 650 Ἑλλήνων
1390 591 1725 651 παραδιδόασι.5

175 670 378 716 ’Μωϋσὲα
411 669 456 712 δὲ
483 665 511 724 ἡ
539 671 736 725 παροῦσα
766 666 1029 718 συνεξέτασις
1063 670 1148 710 τῶν
1176 663 1343 721 χρόνων
1374 664 1570 722 γενέσθαι
1588 662 1698 706 κατὰ

181 741 383 798 Κέκροπα
416 738 489 784 τὸν
526 740 681 796 διφυῆ,
723 736 770 782 ὃν
801 734 969 796 πρῶτόν
1001 753 1106 795 φασι
1126 740 1202 792 τῆς
1216 736 1408 793 Ἀττικῆς
1427 738 1693 791 βασιλεῦσαι,

183 813 399 867 συνίστησι
428 808 509 867 πρὸ
533 813 619 853 τῶν
635 809 825 852 Ἰλιακῶν
845 808 955 866 ἀμφὶ
976 808 1028 851 τὰ
1047 805 1108 851 τν’
1134 807 1219 863 ἔτη.

1158 871 1253 933 κτοῦ
1274 886 1401 947 λόγου
1422 883 1698 945 μεμαρτύρη-

183 982 251 1012 κεν
260 963 460 1018 Εὐσέβιος
473 962 706 1020 ἇρκεΐπρός
717 959 971 1019 κατανόησιν
986 968 1075 1012 τοῖς
1085 978 1128 1019 γε
1149 964 1292 1011 ποσῶς
1309 956 1583 1016 μετεσχηκόσι
1596 975 1696 1001 παι-
1712 963 1756 1001 10

184 1032 365 1085 δεύσεως
384 1032 514 1089 ἄλλης
533 1050 576 1076 τε
597 1034 665 1077 καὶ
685 1037 762 1089 τῆς
782 1033 825 1077 ἐν
848 1032 1052 1091 ἱστορίαις
1072 1035 1273 1082 παλαιαῖς
1286 1028 1635 1088 ὃμολογουμένης.
1653 1025 1700 1072 ἓν

183 1105 264 1164 γὰρ
294 1104 408 1163 αὐτῷ
436 1103 541 1162 πρὸς
560 1103 803 1162 ἀνατροπὴν
837 1107 922 1147 τῶν
951 1102 1322 1160 συγγεγραμμένων
1343 1100 1458 1159 ἤρκει
1481 1094 1607 1143 τοῧτο
1630 1099 1701 1142 καὶ
1751 1143 1754 1145 ,

185 1174 341 1232 μόνον,
379 1174 428 1218 τὸ
453 1181 546 1225 ταῖς
565 1172 795 1225 τοσαύταις
817 1171 1073 1230 τηλικούτων
1097 1171 1239 1224 δόξαις
1264 1172 1431 1230 ἀνδρῶν
1453 1167 1701 1230 φιλοσόφων

186 1246 430 1300 ἇντιπεσεΐν,
457 1243 702 1304 (ἶμάρτυρόν
722 1263 766 1288 τε
788 1244 866 1301 τὴν
888 1244 995 1303 παρ’
1019 1242 1172 1287 ἑαυτοῦ
1192 1249 1522 1302 παρεισαγαγεῖν.
1561 1245 1700 1284 ταῦτα

185 1317 264 1375 γὰρ
284 1324 378 1367 ταῖς
397 1320 482 1360 τῶν
500 1320 681 1370 πολλῶν,
705 1320 871 1372 μᾶλλον
890 1316 935 1359 δὲ
953 1319 1039 1359 τῶν
1058 1312 1226 1359 πάντων
1237 1312 1381 1366 δόξαις
1404 1309 1699 1369 ἂντεισαγόμε-
1713 1318 1758 1355 15

186 1406 254 1442 να,
276 1386 397 1443 μόλις
421 1385 471 1430 ἂν
492 1389 560 1431 καὶ
582 1386 689 1444 μετὰ
710 1386 871 1443 πολλῆς
891 1388 1189 1445 προσδεχθεῖεν
1211 1389 1289 1442 τῆς
1314 1384 1563 1435 ἀποδείξεως
1583 1382 1700 1441 παρὰ

186 1465 275 1509 τοῖς
287 1453 332 1501 εὖ
354 1455 482 1502 εῗδόσι
496 1462 632 1502 ταῦτα
654 1459 817 1516 κρίνειν.
841 1455 905 1500 ὅτι
916 1458 962 1500 δὲ
981 1458 1049 1500 καὶ
1073 1457 1116 1508 ἐξ
1137 1454 1288 1514 ἑτέρων
1305 1459 1433 1514 τριῶν
1452 1452 1702 1498 ὑποθέσεων

148 1526 339 1576 Βὲαυτόν
360 1546 404 1572 τε
425 1529 493 1572 καὶ
511 1528 587 1586 τὴν
607 1527 813 1585 ἀλήθειαν
833 1523 968 1571 ὦπται
989 1524 1380 1586 παραλογισάμενος
1399 1527 1594 1569 ἐντεῦθεν
1614 1541 1702 1583 φα-

187 1597 321 1658 νερόν.
368 1598 494 1643 εἷπῶν
525 1600 604 1658 γὰρ
639 1597 871 1658 διαφόρους
902 1596 1069 1658 χρόνων
1101 1596 1325 1648 ἀποδόσεις
1356 1596 1462 1655 παρ’
1490 1594 1704 1653 Ἑβραίοις

190 1669 428 1730 εὑρηκέναι,
465 1671 543 1728 τὴν
571 1672 646 1728 μὲν
676 1668 958 1728 πλήθουσαν,
995 1669 1074 1727 τὴν
1096 1669 1142 1713 δὲ
1164 1669 1461 1723 ἐλλείπουσαν,
1499 1664 1636 1725 ταύτῃ
1657 1683 1701 1710 τε
1713 1672 1760 1708 ΞΟ

50 901 93 937 Ρ.
117 899 164 939 67
284 890 378 937 ’Ότι
397 892 473 947 μὲν
492 885 567 935 οὗν
582 891 710 942 αὐτὸς
727 888 864 951 ἑαυτῷ
878 890 956 948 τὴν
976 890 1156 934 ἀτοπίαν

286 1820 320 1856 l.
348 1816 425 1863 ἔτι]
453 1815 529 1853 ἔστι
553 1817 600 1853 G.
696 1814 934 1864 διοσκούρων
952 1817 996 1852 Β.
1028 1813 1249 1865 Διοσκόρων
1271 1816 1320 1851 Gr.
1414 1812 1628 1859 Ασκληπίου
1654 1812 1704 1850 G.

355 1867 391 1902 5.
424 1861 681 1911 παραδιδόασι
706 1866 749 1902 Β.
789 1863 1079 1910 παραδιδώασιν
1114 1866 1162 1900 G.
1212 1860 1530 1909 παραδεδώκασιν
1560 1862 1608 1898 Gr.

285 1914 324 1950 6.
347 1911 511 1957 ἐξέτασις
533 1913 703 1958 Scaliger.
802 1915 837 1949 8.
863 1914 1024 1958 Ιλιακῶν
1042 1925 1087 1948 m.
1113 1913 1293 1949 Ηλιακῶν
1317 1911 1367 1946 G.
1465 1907 1521 1947 14.
1546 1907 1702 1954 ἑαυτοῦ]

286 1956 410 1998 αὐτοῦ
430 1962 473 1996 Α.
567 1962 690 1997 ταῦτα
713 1960 757 1999 Β.
780 1958 831 1998 τὰ
851 1961 900 1998 Gr.
996 1961 1053 1998 15.
1086 1962 1189 2006 ταῖς]
1213 1963 1295 2002 τοῖς
1319 1959 1367 1996 G.

192 2091 259 2136 lis,
285 2090 435 2126 Castore
457 2091 493 2125 et
518 2090 687 2134 Polluce,
711 2090 942 2137 Aesculapio,
966 2089 1123 2134 Baccho,
1146 2088 1395 2136 Heroibusque
1411 2086 1582 2131 omnibus,
1605 2087 1704 2123 Mer-

194 2137 292 2173 curio
336 2150 473 2184 quoque
505 2143 541 2173 et
572 2138 756 2184 Apolline,
790 2138 1003 2185 reliquisque
1034 2138 1254 2173 Graecorum
1279 2137 1371 2179 diis,
1396 2136 1557 2178 arcanis,
1582 2135 1704 2177 sacris,

193 2185 350 2232 ipsisque
366 2185 508 2231 insuper
532 2197 553 2220 a
571 2187 656 2221 Iove
685 2186 797 2231 gestis
824 2197 934 2232 supra
955 2185 1091 2221 modum
1112 2197 1134 2220 a
1152 2186 1372 2220 Graecorum
1391 2195 1452 2219 ore
1484 2182 1681 2218 decantatis
1692 2194 1707 2225 3-

193 2234 318 2268 horum
338 2232 508 2279 siquidem
523 2234 669 2268 omnium
688 2233 867 2268 historiam
891 2234 1108 2268 Graecorum
1126 2244 1296 2279 sequaces
1316 2232 1487 2278 Cecropis
1505 2235 1622 2266 aetate
1640 2242 1703 2265 re-

195 2280 383 2315 centiorem
409 2280 601 2322 affirmant3
625 2281 790 2316 instituta
817 2292 901 2316 vero
939 2292 960 2315 a
983 2280 1083 2315 nobis
1103 2284 1295 2327 temporum
1318 2280 1427 2314 series
1445 2283 1482 2314 et
1501 2289 1616 2314 eorum
1640 2289 1705 2312 ac-

196 2334 318 2363 curata
336 2327 517 2373 dispositio
543 2327 693 2373 Cecropi
712 2334 839 2363 natura
864 2327 1034 2374 ancipiti,
1059 2339 1160 2373 quem
1185 2327 1333 2373 primum
1357 2331 1439 2361 ante
1456 2338 1513 2361 res
1542 2326 1588 2360 ad
1604 2325 1705 2361 Ilium

195 2380 317 2420 gestas
338 2386 446 2408 annos
466 2374 607 2409 circiter
624 2379 802 2410 trecentos
832 2379 869 2411 et
892 2375 1149 2423 quinquaginta
1167 2375 1309 2409 Atticae
1338 2374 1531 2421 imperasse
1551 2376 1704 2408 ‹conten-

196 2421 271 2464 dit,
295 2422 418 2456 Mosen
437 2425 659 2456 coaetaneum
678 2423 815 2458 asserit·

289 2479 384 2515 Sane
403 2479 628 2514 absurditatis
646 2480 771 2515 allatae
791 2481 858 2515 sibi
877 2480 949 2527 ipsi
958 2480 1150 2515 Eusebium
1166 2483 1291 2515 testem
1311 2491 1389 2515 esse
1405 2479 1510 2515 facile
1529 2478 1705 2520 conficiet,
1733 2512 1737 2515 ,

196 2526 260 2575 qui
287 2527 355 2562 alia
385 2526 509 2573 quavis
541 2527 758 2570 eruditione,
791 2532 864 2562 tum
888 2540 930 2562 ea
959 2528 1124 2569 maxime,
1149 2527 1303 2574 quaein
1339 2527 1518 2562 veteribus
1551 2525 1707 2561 historiis

196 2573 426 2620 agnoscendis
442 2579 615 2616 versatur,
634 2574 759 2609 leviter
779 2576 889 2610 fuerit
906 2576 1068 2610 imbutus.
1094 2576 1209 2610 Unum
1230 2575 1319 2609 enim
1337 2575 1403 2609 hoc
1420 2574 1599 2620 solumque
1622 2585 1707 2607 con-

196 2621 354 2657 futandis
372 2621 448 2656 eius
465 2621 606 2667 scriptis
623 2622 814 2664 sufficeret,
842 2622 932 2668 quod
949 2628 1001 2657 tot
1022 2622 1254 2657 litteratorum
1270 2622 1424 2657 virorum
1443 2620 1626 2656 sententiis
1644 2620 1708 2654 ad-

196 2673 382 2711 versetur,
408 2680 577 2714 suumque
596 2669 707 2713 ipsius
729 2674 954 2703 commentum
975 2670 1067 2703 nullo
1088 2670 1232 2715 antiquo
1251 2669 1449 2704 testimonio
1468 2669 1651 2715 probatum
1670 2669 1707 2702 in

197 2716 346 2751 'medium
367 2715 539 2759 intrudat.
588 2715 694 2750 Dicta
719 2717 849 2762 quippe
880 2716 1050 2761 plurium,
1075 2717 1143 2751 imo
1176 2728 1261 2751 vero
1295 2721 1495 2751 cunctorum
1525 2714 1709 2749 sententiis

199 2763 377 2810 opposita,
402 2762 464 2798 vix
484 2774 526 2797 ac
542 2774 586 2797 ne
604 2763 666 2796 vix
686 2763 844 2808 quidem,
870 2763 938 2797 nisi
961 2763 1077 2798 valido
1104 2764 1277 2798 rationum
1300 2763 1616 2809 agminestipata,
1644 2762 1708 2796 ob-

198 2810 365 2854 trudere,
390 2821 475 2845 sano
495 2815 532 2845 et
548 2814 646 2844 recto
664 2809 792 2844 iudicio
809 2810 986 2844 utentibus
1009 2810 1045 2844 in
1061 2822 1157 2846 more
1182 2811 1332 2858 positum
1352 2814 1417 2846 est.
1467 2812 1516 2846 At
1539 2821 1625 2845 vero
1642 2809 1709 2843 tri-

199 2858 266 2893 bus
287 2869 331 2893 ex
353 2857 566 2904 argumentis
586 2856 653 2891 sibi
678 2856 748 2903 ipsi
767 2857 980 2902 veritatique
1003 2858 1154 2893 voluisse
1180 2859 1299 2893 fucum
1319 2858 1462 2901 facere,
1485 2856 1613 2892 exinde
1637 2867 1709 2891 ma-

200 2905 378 2941 nifestum.
427 2904 514 2939 Cum
534 2904 626 2939 enim
647 2904 765 2939 varias
790 2915 898 2939 annos
926 2905 1128 2940 numerandi
1159 2906 1315 2941 rationes
1345 2906 1389 2940 ab
1407 2904 1581 2940 Hebraeis
1609 2914 1712 2937 usur-

175 2956 177 2959 ’
202 2952 281 2999 pari
299 2958 336 2989 et
352 2963 456 2988 unam
473 2951 612 2999 quidem
637 2952 832 2995 excedere,
857 2951 981 2995 aliam,
1005 2963 1107 2999 quam
1127 2957 1298 3001 sequutus
1316 2957 1383 2996 est,
1408 2952 1560 2989 deficere
1576 2954 1711 2988 statue-
