1800 3236
263 148 368 202 558
729 154 985 201 GEORGII
1010 154 1298 204 SYNCELLI

757 269 805 311 K
820 269 908 312 ΟΣ
913 270 975 312 Μ
985 268 1022 311 Ο
1038 271 1079 310 Y
1118 270 1158 312 E
1171 270 1281 314 TH.

294 345 510 392 Ἰουδαίων
537 341 574 389 κ’
606 343 922 405 ἂρχιεράτευσεν
946 346 1152 399 Ἰανναῖος
1181 346 1203 392 ὃ
1233 349 1304 392 καὶ
1326 346 1602 410 Ἀλέξανδρος
1620 349 1691 410 ἔτη
1713 350 1766 398 λ’.

404 421 481 462 τοῦ
501 417 547 460 δὲ
563 413 795 474 κόσμουνῆν
811 417 903 468 ἔτος
920 415 1060 478 ‘ez-¹73³.

223 495 258 532 D
367 487 571 538 Ἰανναΐος
601 487 701 539 τοὺς
731 487 904 539 λοιποὺς
932 487 1141 547 ἀδελφοὺς
1172 490 1241 533 καὶ
1260 497 1462 548 συγγενεῖς
1489 490 1645 548 ἀνεῖλε,
1680 511 1767 550 μη-

103 570 150 607 V.
172 570 244 607 235
268 560 366 605 δένα
398 562 473 603 τοῦ
503 558 647 616 γένους
675 556 1023 614 ὑπαλειψάμενος.
1070 559 1139 602 διὰ
1161 565 1285 604 τοῦτο
1311 563 1382 604 ’καὶ
1411 566 1541 605 πᾶσαι
1563 562 1607 606 αἶ
1624 562 1796 616 πόλεις5

255 631 471 676 Ἰουδαίων
512 628 753 685 ἀπέστησαν
786 629 944 682 αὐτοῦ,
983 628 1034 680 ἃς
1067 629 1135 673 διὰ
1161 629 1442 690 Κλεοπάτρας
1472 633 1633 692 μητρὸς
1647 634 1764 677 Ἀλε-

259 700 439 759 ξάνδρου
460 699 711 757 ἐπέστρεψε,
750 696 1084 756 συμμαχούντων
1102 702 1346 758 Αἰγυπτίων
1367 702 1497 763 αὐτῷ.

359 771 560 821 Ἰανναΐος
581 769 679 821 ὀξὺς
696 772 765 813 καὶ
783 768 988 828 ὑβριστὴς
1007 772 1075 814 καὶ
1097 769 1355 829 ἀγριώτατος
1370 768 1421 829 ἦν
1441 772 1623 832 σφόδρα.
1661 778 1764 818 τοῦ-

256 861 332 887 τον
364 842 404 886 οἱ
433 839 727 892 κολακεύοντες
747 840 1023 899 Ἀλέξανδρον
1053 841 1191 899 ἔλεγον
1201 875 1215 896 ,
1253 843 1323 886 διὰ
1342 843 1389 887 τὸ
1412 848 1488 900 τῆς
1503 843 1670 901 γνώμης
1689 845 1761 897 ὃξύ

257 916 326 959 καὶ
345 910 663 968 ἀνεμπόδιστον,
703 912 743 955 οἳ
763 912 808 955 δὲ
827 917 1047 968 μισοῦντες
1069 914 1299 973 Θρᾳκιδᾶν,
1339 911 1397 964 ὥς
1416 913 1689 960 ἀδικώτατον.
1773 923 1800 959 14

360 982 490 1028 ,Κατὰ
522 980 700 1033 τούτους
730 982 829 1033 τούς
856 980 1037 1040 χρόνους
1058 981 1315 1042 Κλεοπάτρα
1350 986 1510 1042 Σαλίνη
1540 985 1639 1037 τοὺς
1663 992 1763 1029 παΐ-

258 1057 336 1106 δας
358 1054 636 1110 ἀποβαλοῦσα
655 1053 765 1096 καθ’
788 1052 941 1109 ἑαυτὴν
961 1053 1074 1105 ἔδοξε
1085 1053 1335 1110 βασιλεύειν,
1370 1053 1619 1115 ἐπιτρόπους
1641 1056 1763 1113 ἔχου-

99 1136 141 1172 Ρ.
165 1135 235 1175 295
259 1143 316 1170 σα
337 1122 413 1169 δύο
445 1128 528 1168 τῶν
540 1123 756 1168 Ἰουδαίων
769 1123 961 1168 Ἀνανίαν
988 1126 1056 1167 καὶ
1077 1126 1288 1180 Χελκίαν,
1327 1124 1466 1169 πάντα
1487 1126 1539 1169 τὰ
1562 1127 1660 1170 κατ’
1684 1127 1763 1171 αὗ-

255 1197 334 1254 τὴν
355 1197 630 1249 διοικοῦντας,
670 1194 729 1237 δι’
755 1189 812 1239 ὧν
827 1194 1030 1246 Ἰανιάἴος
1052 1197 1253 1253 ψιλωθεὶς
1273 1195 1381 1254 αὐτῇ
1405 1195 1654 1253 συμμάχους
1674 1200 1762 1242 Αἷ-

253 1267 454 1327 γυπτιόυς
492 1265 583 1322 ἴσχε
629 1264 738 1309 κατὰ
782 1267 1072 1322 Παλαιστίνης
1086 1279 1096 1288 ·
1145 1267 1213 1309 καὶ
1247 1270 1331 1310 τῶν
1372 1267 1759 1324 ἀποστατησάντων
1772 1277 1800 1314 11

250 1338 465 1383 Ἰουδαίων
494 1336 570 1387 τὰς
599 1334 737 1387 πόλεις
761 1335 973 1394 ἀφανίζων
1002 1338 1072 1379 καὶ
1097 1335 1197 1387 τοὺς
1218 1333 1426 1394 ὁμογενεῖς
1448 1337 1631 1396 ἀφειδῶς
1653 1339 1759 1383 ἄπο-

253 1407 454 1468 σφάττων
475 1407 595 1465 μέχρι
615 1411 820 1465 γυναικῶν
840 1408 908 1450 καὶ
938 1408 1126 1461 παίδων,
1166 1405 1398 1464 ἀρξάμενος
1419 1408 1502 1452 ἀπὸ
1525 1414 1608 1452 τῶν
1629 1410 1760 1468 πέραν

248 1477 464 1538 Ἰορδάνου
484 1476 645 1522 πόλεων
667 1480 736 1522 καὶ
759 1478 1014 1532 Ἐσεβοῦντα
1034 1476 1377 1534 καταλαβόμενος
1385 1513 1400 1533 ,
1431 1479 1684 1534 Ἀμμωνΐτίν
1712 1498 1757 1524 τε

252 1553 322 1595 καὶ
365 1553 596 1605 Μωαβῖτιν
624 1548 837 1603 ἐπελθών,
876 1550 1038 1607 Δῶρα,
1076 1548 1153 1605 τὴν
1188 1548 1294 1606 πρὸς
1327 1557 1414 1600 τοῖς
1441 1549 1603 1608 Ἄραψι
1640 1551 1759 1595 Πέλ-

344 1640 380 1676 3.
406 1635 508 1687 ,ετῐοζ
533 1649 580 1673 m.
675 1639 710 1674 6.
736 1634 857 1673 αὐτοῦ
879 1637 922 1673 Β.
949 1632 1020 1673 ἀπ’
1044 1633 1168 1672 αὐτοῦ
1191 1637 1239 1672 G.
1346 1639 1379 1675 8.
1405 1641 1582 1682 Ιανναῖος
1600 1651 1644 1676 m.
1669 1639 1758 1674 Vul-

348 1699 394 1733 go
425 1687 645 1726 Ιωοινναῖος.
674 1686 857 1727 ἰωαυαῖος
886 1686 929 1719 Β.
1037 1684 1101 1721 καὶ
1130 1680 1311 1733 ’ὑβριστής
1339 1698 1404 1721 om.
1428 1687 1471 1721 Β.
1569 1691 1624 1723 10.
1656 1689 1757 1733 θρα·

343 1735 456 1771 κιδᾶν
473 1735 514 1768 Α.
538 1731 731 1778 θρακιδοὶν
750 1734 791 1768 B.
822 1731 1026 1781 Θρᾳκηδᾶν
1046 1733 1094 1768 G.
1217 1736 1259 1769 11
1280 1737 1316 1768 et
1333 1734 1423 1777 559,
1451 1736 1508 1770 10.
1543 1734 1660 1779 Vulgo
1676 1738 1758 1771 Σα-

343 1780 439 1828 λήνη
468 1785 505 1816 et
531 1780 699 1828 Σαλήνῃ.
850 1783 906 1816 12.
941 1778 1188 1827 ἀποβαλοῦσα
1219 1781 1261 1816 Β.
1306 1779 1575 1829 ἀποβάλλουσα
1601 1783 1650 1816 Gr.

349 1831 404 1867 13.
430 1828 578 1875 χελκίαν
596 1829 638 1864 Β.
659 1828 828 1864 Χαλκίαν
847 1828 894 1864 G.
991 1828 1047 1864 14.
1073 1832 1282 1870 Ιωανναῖος
1298 1829 1346 1864 G.
1439 1830 1495 1866 15.
1519 1827 1757 1875 ἀποστησάν-

346 1890 424 1913 των
442 1877 491 1913 G.
588 1878 645 1912 18.
669 1876 783 1922 Vulgo
796 1876 1014 1921 Αμμοινίτην
1033 1888 1072 1912 τε
1087 1876 1149 1912 καὶ
1168 1877 1390 1924 Μωαβίτην.
1413 1876 1577 1912 Correxit
1594 1877 1756 1924 Scaliger

348 1936 386 1973 p.
402 1926 460 1962 72.
573 1925 631 1962 19.
664 1925 794 1973 Δῶρα]
822 1925 950 1971 δώραν
965 1924 1008 1958 Β.
1033 1924 1146 1970 Vulgo
1166 1924 1342 1972 Δώῤῥαν.
1450 1922 1536 1971 τὴν]
1561 1936 1600 1961 τε
1619 1925 1682 1961 καὶ
1704 1926 1752 1960 G.

799 1996 951 2037 ANNI
987 1997 1206 2037 MUNDI.

301 2053 507 2090 Iudaeorum
525 2054 686 2101 pontifex
697 2054 746 2102 20
763 2054 933 2090 Iannaeus
945 2078 956 2097 ,
981 2053 1042 2101 qui
1062 2053 1164 2089 etiam
1182 2052 1402 2096 Alexander,
1424 2051 1525 2088 annis
1541 2054 1612 2097 30,
1635 2052 1754 2089 mundi

369 2113 454 2137 vero
474 2103 579 2140 5397.

348 2148 519 2184 Iannaeus
538 2149 690 2196 reliquos
708 2160 790 2183 suos
809 2148 938 2183 fratres
957 2150 994 2182 et
1013 2148 1310 2193 consanguineos,
1334 2147 1426 2182 nullo
1451 2159 1534 2183 suae
1553 2147 1674 2193 stirpis
1693 2159 1754 2183 re-

251 2195 337 2231 licto
351 2223 360 2240 ‚
386 2197 587 2240 interfecit,
612 2209 680 2243 qua
702 2196 746 2231 de
764 2207 867 2231 causa
882 2195 1088 2230 Iudaeorum
1117 2196 1281 2230 civitates
1302 2201 1449 2230 cunctae
1477 2195 1522 2230 ab
1540 2206 1580 2229 eo
1609 2196 1752 2230 defece-

252 2246 356 2285 runt,
380 2255 466 2289 quas
485 2244 696 2290 Cleopatrae
713 2243 830 2279 matris
842 2242 1030 2278 Alexandri
1051 2242 1241 2277 Ptolemaei
1257 2242 1434 2277 industria
1453 2245 1489 2277 et
1498 2242 1752 2288 Aegyptiorum

251 2290 389 2326 viribus
407 2291 600 2326 auxiliariis
619 2292 684 2326 sub
701 2291 882 2337 imperium
898 2289 1015 2324 redire
1034 2291 1160 2335 coegit.

348 2338 520 2373 Iannaeus
540 2339 658 2374 acerbi
676 2338 800 2380 animi,
823 2338 867 2372 ad
883 2336 1031 2370 iniurias
1064 2336 1230 2383 proclivis
1255 2340 1292 2371 et
1308 2336 1460 2372 moribus
1481 2347 1588 2383 supra
1613 2335 1751 2371 modum

251 2386 405 2432 agrestis
424 2387 562 2428 extitit3
586 2397 686 2432 quem
719 2385 763 2420 ob
791 2384 896 2419 animi
919 2384 1167 2419 vehementiam
1188 2390 1224 2419 et
1246 2383 1428 2419 infractam
1454 2384 1602 2419 indolem
1629 2384 1752 2419 adula-

252 2437 348 2469 tores
382 2432 614 2469 Alexandrum
626 2459 638 2477 ‚
669 2431 800 2467 inimici
832 2432 1051 2467 Thracedam
1064 2456 1075 2475 ‚
1111 2443 1176 2467 ceu
1204 2431 1249 2468 ad
1277 2431 1423 2467 iniurias
1458 2434 1655 2478 promptum
1685 2442 1750 2466 vo-

251 2482 390 2517 cabant.
464 2513 470 2517 .

347 2528 414 2564 His
429 2526 642 2573 temporibus
653 2526 840 2572 Cleopatra
851 2525 978 2562 Salene
995 2525 1115 2561 liberis
1133 2525 1266 2562 amissis
1279 2538 1386 2573 penes
1397 2538 1436 2562 se
1450 2524 1631 2572 imperium
1650 2535 1751 2559 omne

253 2575 461 2623 assumpsit,
485 2575 624 2610 ludaeis
646 2575 779 2609 duobus
796 2574 930 2609 Anania
947 2579 983 2610 et
1001 2574 1146 2609 Chalcia
1164 2586 1278 2610 rerum
1296 2585 1433 2609 suarum
1462 2572 1750 2620 procuratoribus

253 2624 451 2667 institutis,
475 2622 672 2669 iisdemque
703 2634 759 2657 res
789 2634 904 2656 omnes
932 2623 975 2657 ad
997 2634 1070 2657 eam
1098 2626 1298 2668 spectantes
1323 2619 1663 2661 administrantibus,
1687 2630 1751 2665 per

255 2683 342 2718 quos
363 2672 532 2707 lannaeus
551 2670 602 2705 illi
620 2669 821 2705 foederatus
836 2669 918 2704 belli
936 2670 972 2704 in
990 2670 1222 2705 Palaestinam
1245 2668 1327 2704 moti
1347 2668 1540 2714 Aegyptios
1559 2666 1627 2701 sibi
1656 2678 1753 2701 com-

255 2719 394 2766 paravit
412 2718 634 2762 auxiliarios;
658 2729 802 2764 quorum
825 2716 927 2751 armis
943 2717 1166 2763 perduellium
1185 2718 1392 2754 Iudaeorum
1409 2717 1514 2751 urbes
1545 2715 1638 2760 cepit
1658 2718 1694 2748 et
1712 2713 1750 2748 in

252 2766 417 2802 mulieres
443 2778 486 2802 ac
511 2778 640 2813 pueros
670 2765 876 2802 crudelitate
903 2769 1040 2800 exserta
1069 2765 1280 2801 contribules
1307 2776 1390 2800 suos
1414 2774 1530 2798 omnes
1565 2762 1750 2796 inhumane

253 2814 434 2850 mactavit.
481 2813 632 2848 Iniurias
648 2818 764 2849 autem
781 2813 873 2848 ultus
900 2817 956 2847 est
975 2813 1089 2859 posito
1109 2825 1131 2848 a
1159 2812 1314 2849 civitatis
1344 2817 1440 2847 trans
1459 2810 1639 2846 Iordanem
1670 2820 1751 2862 qae-

253 2861 368 2896 vitiae
384 2861 550 2904 exordi03
574 2861 736 2908 cepitque
756 2861 967 2896 Esebuntem
987 2873 1029 2895 ac
1048 2861 1130 2896 inde
1148 2861 1185 2897 in
1203 2860 1428 2897 Ammanitem
1460 2862 1496 2892 et
1522 2859 1558 2893 in
1574 2856 1751 2893 Moabita-

256 2918 333 2945 rum
351 2909 507 2945 excurrit
530 2909 730 2957 regionem;
766 2909 896 2945 Doram
917 2908 1131 2956 expugnavit
1157 2913 1194 2945 et
1208 2909 1340 2945 Pellam
1362 2906 1535 2944 Arabibus
1560 2902 1749 2942 contermi-
