1800 3236
238 161 342 215 536
421 146 427 149 “
717 167 968 214 GEoRGn
995 166 1280 214 SYNCELLI

338 279 431 326 Ἐπὶ
459 274 613 324 τούτου
658 282 735 324 τοῦ
768 280 981 324 Φιλίππου
1011 279 1141 331 Τίτος
1166 275 1382 336 Ῥωμαίων
1416 278 1651 338 στρατηγὸς
1678 281 1737 331 εἷς

237 351 509 399 Μακεδονίαν
550 349 689 394 ἐλθών
726 356 876 408 κρατεῖ
896 350 973 405 μὲν
994 351 1101 408 χειρὶ
1131 348 1396 395 Μακεδόνων
1422 351 1492 395 καὶ
1522 347 1604 393 ὑπὸ
1632 348 1736 395 Ῥω-

201 424 391 481 Βμαίους
426 422 598 477 τίθησι,
636 424 868 476 συμμαχῶν
886 419 1057 480 Ἀννίβα
1089 421 1157 463 καὶ
1182 421 1488 478 Καρχηδονίοις
1511 419 1619 464 κατὰ
1631 418 1736 465 Ῥω-

237 494 375 550 μαίων
408 490 703 546 συνθεμένοις,
743 486 904 547 ὅμηρόν
924 507 968 533 τε
1000 487 1226 546 λαμβάνειν
1241 490 1490 549 Δημήτριον
1509 490 1582 535 τὸν
1602 491 1734 535 αὐτοῦ

236 565 398 618 παῖδα,
434 558 692 618 ’ὑπαγόμενος
717 561 786 603 καὶ
805 561 1175 616 ,Λακεδαιμονίους
1194 562 1262 604 καὶ
1283 561 1382 614 τοὺς
1402 560 1572 612 λοιποὺς
1582 559 1763 618 Ἕλλη-5

237 651 315 685 νας
357 631 657 693 φιλανθρωπία
696 630 767 674 καὶ
809 628 1017 690 πραότητι
1053 632 1124 675 καὶ
1173 631 1332 676 συνέσει
1380 631 1457 690 τὴν
1493 632 1735 691 ἐλευθερίαν

238 703 432 763 παρέσχε.

345 771 454 817 Τότε
466 770 777 830 Ἐρατοσθένης
795 771 1043 830 ἓγνωρίζετο.

272 841 536 891 Μακεδόνων
557 839 607 893 ις’
629 843 868 898 ἐβασίλευσε
887 841 1077 902 Περσεὺς
1097 838 1168 901 ἔτη
1191 838 1231 899 η’
1251 843 1320 887 καὶ
1337 845 1476 900 μῆνας
1491 838 1553 887 θ’.
1590 845 1668 886 τοῢ
1689 842 1735 886 δὲ

377 911 536 970 κόσμου
556 907 609 970 ἦν
626 912 718 964 ἔτος
737 910 882 973 Ιετκγῖ·
1747 923 1793 959 10

338 983 432 1030 Ἐπὶ
462 980 615 1028 τούτου
649 987 726 1027 τοῦ
755 981 954 1041 Περσέως
980 981 1034 1026 τὰ
1063 980 1325 1027 Μακεδόνων
1345 981 1620 1027 καταλέλυται
1642 983 1737 1039 περὶ

205 1054 322 1113 Οτὴν
350 1051 529 1099 Πύδναν
557 1052 665 1097 κατὰ
699 1050 853 1111 κράτος
877 1050 958 1096 ὖπό
982 1051 1196 1109 Ῥωμαίων
1213 1051 1494 1110 ἡττηθέντων.
1530 1050 1666 1109 ἥγεῖτο
1690 1053 1737 1095 δὲ

237 1130 325 1171 τῶν
351 1120 676 1183 στρατευμάτων
705 1124 904 1180 Αἰμίλιος
930 1120 1116 1180 Μάρκος
1144 1127 1220 1180 τῆς
1245 1121 1460 1180 Ῥωμαίων
1492 1127 1651 1179 βουλῆς
1679 1120 1736 1173 εἷς

241 1194 323 1252 ὢν,
362 1193 533 1253 ἄριστος
558 1190 771 1244 ὑπατικός.
815 1187 940 1244 οὗτος
965 1192 1135 1252 Περσέα
1167 1193 1310 1246 λαβὼν
1345 1190 1593 1248 ζῶνταᾶμα
1614 1194 1734 1237 δυσὶν

238 1266 348 1317 υἱοῖς
374 1265 444 1309 καὶ
471 1267 549 1326 μιᾷ
581 1265 765 1323 θυγατρὶ
795 1260 1009 1308 aczadas-ve
1038 1262 1114 1321 τὴν
1136 1261 1400 1309 Μακεδόνων
1429 1264 1648 1320 βασιλείαν
1677 1265 1735 1314 εἷς
1746 1269 1792 1306 15

236 1334 400 1393 Ῥώμην
419 1331 616 1392 ἀπήγαγε.

273 1402 537 1453 Μακεδόνων
566 1401 615 1457 ιζ’
641 1403 880 1461 ἐβασίλευσε
914 1402 1252 1462 Ψευδοςοίλιππος
1279 1400 1371 1455 ἴτος
1399 1401 1455 1449 ἕν.
1493 1406 1569 1448 τοῦ
1596 1403 1642 1447 δὲ
1661 1400 1734 1448 κό-

377 1492 488 1533 σμου
509 1469 561 1532 ἦν
579 1473 672 1526 ἴτυς
685 1471 822 1538 ,ετκδῖ

518 1584 752 1644 Αἰγύπτου
780 1585 858 1634 καὶ
879 1554 1205 1644 Ἀλεξανδρείας
1232 1586 1442 1644 βασιλεῖς.

210 1686 242 1722 D
276 1671 499 1735 Ἀῗγόπτου
529 1675 597 1718 καὶ
617 1673 927 1734 Ἀλεξανδρείας
947 1673 1145 1731 τέταρτος
1164 1672 1405 1729 ἐβασίλευσε
1423 1675 1690 1730 Πτολεμαῖος
1709 1669 1732 1716 ὅ
1742 1683 1791 1719 20

383 1742 638 1804 Φιλοπάτωρ
659 1743 729 1803 ἔτη
752 1743 814 1799 ιζ’,
850 1748 928 1789 τοῦ
954 1744 1000 1787 δὲ
1020 1741 1178 1799 κόσμου
1201 1738 1367 1800 ἦνέτος
1389 1740 1522 1805 ‘'moy'-

340 1835 376 1872 3.
400 1832 605 1879 συμμαχῶν
622 1831 793 1878 Scaliger.
815 1831 932 1877 Vulgo
949 1833 1167 1877 συμμαχεῖν.
1296 1827 1434 1879 ἄννίβα
1448 1829 1511 1867 καὶ
1527 1831 1570 1866 Α.
1596 1827 1735 1878 οἷννιβά

343 1880 408 1916 καὶ
426 1881 470 1915 Β.
493 1880 634 1928 Αννίβα
651 1877 693 1916 δὲ
715 1881 763 1916 G.
866 1881 1140 1927 Καρχηδονίοις
1154 1897 1202 1904 —-
1219 1878 1466 1924 συνθεμένοις
1485 1899 1531 1904 -
1551 1877 1735 1927 λαμβάνει

345 1927 519 1972 Scaliger.
562 1927 661 1963 Libri
687 1927 958 1974 καρχηδονίους
981 1946 1028 1953 —
1057 1924 1313 1971 συνθεμένους
1339 1945 1387 1953 -0
1413 1923 1627 1972 λαμβάνειν.

337 1976 397 2013 13.
421 1973 474 2017 εἷς
487 1973 552 2020 ὢν]
573 1973 626 2018 εἷς
644 1969 698 2012 ὦν
708 1975 752 2010 Β.
773 1976 827 2017 εἰς
843 1973 889 2013 ὃν
909 1975 958 2011 G.
1053 1975 1111 2013 18.
1129 1971 1236 2021 ,ετλβ’
1254 1985 1298 2008 m.
1392 1975 1450 2010 19.
1467 1974 1676 2020 αἰγυπτίων
1688 1973 1733 2009 Β.

335 2056 391 2092 Εο
410 2058 581 2103 regnante
594 2055 700 2091 Titus
726 2055 948 2101 (Quintius)
967 2054 1113 2091 Romani
1141 2053 1214 2089 dux
1242 2052 1418 2089 exercitus
1443 2053 1668 2100 expeditione
1697 2054 1734 2090 in

243 2103 485 2140 Macedoniam
501 2108 663 2150 suscepta
679 2103 802 2138 bellico
820 2104 947 2138 robore
965 2102 1176 2138 Macedones
1206 2101 1394 2147 profligat,
1418 2101 1500 2136 belli
1531 2101 1734 2136 societatem

244 2150 416 2185 adversus
432 2150 633 2186 Annibalem
649 2153 686 2185 et
704 2149 1000 2196 Carthaginenses
1020 2147 1167 2184 Romani
1186 2148 1333 2183 nominis
1365 2148 1483 2183 hostes
1507 2159 1582 2182 cum
1606 2149 1734 2183 Roma-

243 2195 300 2231 nis
318 2196 409 2231 inire
441 2197 537 2243 cogit
559 2201 596 2232 et
629 2196 779 2232 foederis
806 2197 958 2231 obsidem
975 2195 1146 2231 Demetrii
1159 2194 1268 2230 filium
1295 2194 1449 2229 abducit.
1497 2194 1735 2230 Lacedaemo-

243 2242 312 2277 niis
329 2246 443 2278 autem
462 2249 500 2278 et
516 2243 657 2290 reliquis
681 2244 894 2278 Graecorum
916 2243 1145 2285 humanitate,
1172 2240 1437 2277 mansuetudine
1455 2244 1491 2277 et
1507 2241 1649 2278 solertia
1665 2241 1734 2278 sibi

246 2289 379 2325 usitata
397 2290 461 2325 sub
478 2302 610 2325 manum
627 2289 740 2325 missis
757 2289 950 2325 libertatem
966 2288 1121 2335 reliquit.

339 2335 396 2371 Eo
413 2339 570 2382 tempore
585 2337 837 2372 Eratosthenes
853 2336 1110 2372 celebrabatur.

292 2382 519 2420 Macedonum
538 2394 603 2420 rex
615 2385 662 2421 16
680 2383 831 2420 Perseus
850 2382 948 2418 annis
967 2384 989 2419 8
1006 2386 1043 2418 et
1057 2381 1229 2419 mensibus
1246 2381 1291 2425 93
1317 2384 1395 2417 erat
1411 2392 1515 2428 porro
1530 2381 1650 2417 mundi
1670 2393 1734 2418 an-

362 2441 430 2465 nus
443 2430 549 2467 6323.

338 2474 472 2511 Perseo
490 2478 659 2522 regnante
675 2486 696 2510 a
715 2475 926 2512 validissimo
942 2475 1174 2511 Romanorum
1189 2474 1348 2511 exercitu
1364 2474 1594 2511 Macedonum
1620 2475 1734 2521 impe-

247 2520 336 2558 rium
357 2522 404 2558 ad
427 2522 586 2570 Pydnam
612 2522 761 2558 deletum
785 2528 851 2558 est.
897 2523 1070 2558 Romanas
1096 2522 1191 2558 acies
1209 2522 1350 2557 Marcus
1369 2522 1537 2558 Aemilius
1567 2522 1734 2557 senatorii

247 2568 379 2604 ordinis
396 2581 438 2605 ac
457 2569 575 2605 consul
599 2568 747 2614 optimus
771 2568 931 2605 ducebat.
978 2570 1049 2605 Hic
1070 2570 1238 2605 Perseum
1257 2568 1372 2604 vivum
1400 2580 1474 2604 cum
1492 2569 1574 2604 filiis
1599 2568 1733 2604 duobus

247 2616 411 2651 masculis
427 2620 463 2651 et
482 2616 557 2652 filia
571 2616 674 2651 unica
693 2619 830 2662 captum
848 2617 992 2652 Romam
1011 2617 1157 2654 abduxit
1178 2627 1315 2663 unaque
1334 2615 1560 2652 Macedonum
1587 2627 1733 2661 regnum

247 2662 447 2698 universum
463 2663 592 2698 Romae
610 2662 768 2698 subdidit
786 2663 963 2709 potestati.

294 2709 525 2747 Macedonum
542 2720 605 2746 rex
625 2711 669 2748 17
686 2709 1001 2757 Pseudophilippus
1023 2720 1112 2744 anno
1129 2720 1219 2753 uno,
1241 2707 1358 2745 mundi
1373 2719 1457 2744 vero
1478 2709 1583 2747 5332.

641 2780 816 2835 Aegypti
844 2786 885 2822 et
911 2780 1178 2821 Alexandriae
1206 2794 1331 2834 reges.

296 2847 450 2894 Aegypti
465 2847 776 2934 5eg75ssexandriae
802 2859 865 2885 rex
883 2847 908 2885 4
926 2848 1146 2885 Ptolemaeus
1169 2848 1377 2896 Philopator
1401 2846 1501 2884 anuis
1521 2848 1589 2892 17,
1617 2846 1733 2884 mundi

364 2906 447 2931 vero
561 2921 570 2931 .
