1800 3236
224 194 292 241 92
697 196 954 243 GEORGII
982 159 1293 242 SYNCELLI'

431 308 485 354 ιδ’
521 311 686 364 Ictum,
724 310 769 361 ἐξ
790 303 840 353 οὗ
859 311 1069 362 Λατῖνοι,
1110 306 1151 352 οἳ
1170 308 1238 351 καὶ
1254 304 1464 363 Ῥωμαῖοι.

433 378 480 425 ιε’
511 379 692 436 Ῥόδιος,
732 381 776 432 ἐξ
796 373 845 423 οὗ
862 377 1025 423 Ῥόδιοι.

320 450 393 495 Ἐκ
421 449 584 496 τούτων
614 451 928 509 ἀφωρίσθησαν
962 453 1082 506 νῆσοι
1104 451 1188 492 τῶν
1208 447 1346 496 ἐθνῶν
1365 448 1408 492 ἓν
1428 451 1557 507 τῇέγῇ
1580 446 1736 502 αὐτῶν,

222 521 396 573 ἕκαστος
423 522 531 566 κατὰ
548 526 742 580 γλῶσσαν
767 520 931 574 αῧτῶν,
970 520 1012 562 ἐν
1034 525 1127 569 ταῖς
1154 521 1309 576 φυλαῖς
1332 517 1473 562 αὐτῶν
1493 520 1562 561 καὶ
1585 519 1628 562 ἒν
1650 525 1739 569 τοῖς

185 593 393 639 Divum
413 593 564 647 αὐτῶν,
603 590 658 643 ὥς
678 608 806 650 φησιν
827 588 853 647 ἡ
876 587 1033 648 γραφή,
1074 586 1180 644 ὄμοῢ
1199 587 1303 646 ἔθνη
1326 586 1618 647 ἑβδομήκοντα
1639 585 1729 632 δύο.
1743 592 1766 629 5

326 665 421 707 Εἰσὶ
451 664 496 707 δὲ
528 664 596 707 καὶ
623 662 662 706 οἱ
679 660 864 720 Κύπριοι
895 661 939 704 ἐκ
959 665 1044 704 τῶν
1063 661 1268 704 Κιτιαίων
1291 661 1360 703 καὶ
1381 660 1420 706 οἳ
1443 662 1486 705 ἐν
1509 664 1569 720 τῷ
1595 663 1737 720 βορρᾷ

220 731 428 793 ὁμόφυλοι
449 738 534 778 τῶν
556 733 695 778 αὐτῶν
713 720 943 786 Ὶ(ιτιαι’(ον,
984 730 1064 774 εἴτ’
1093 725 1169 774 οὖν
1186 728 1426 786 Ῥωμαίων,
1464 732 1532 774 καὶ
1553 730 1606 774 τὰ
1629 729 1736 786 ἔθνη

218 810 296 862 τῆς
315 802 540 859 Ἑλλάδος,
579 804 688 861 πλὴν
714 807 799 848 τῶν
815 799 1153 858 μετοικησάντων
1179 800 1357 860 ὕστερον
1379 802 1467 845 ε’κεΐ
1476 805 1643 846 Σαϊτῶν
1665 802 1736 844 καὶ

219 873 560 932 κατοικησάντων
595 874 673 932 τὴν
716 878 792 931 τῆς
814 870 1016 923 Ἑλλάδος
1042 870 1304 931 μητρόπολιν
1333 870 1524 930 Ἀθήνας
1562 873 1631 915 καὶ
1659 871 1736 922 τὰς

206 944 386 1003 ,Θήβας
425 947 638 991 Σιδωνίων
671 945 752 1003 γὰρ
783 938 899 988 οὗτοι
929 942 1093 987 ἄποικοι
1120 944 1164 986 ἐκ
1186 941 1370 999 Κάδμου
1402 947 1479 988 τοῦ
1493 940 1730 1000 Ἀγήνορος.
1748 947 1793 982 10

201 1005 259 1060 βοὶ
280 1017 324 1060 δὲ
337 1018 550 1060 Χαλδαῖοι
574 1017 743 1074 Τυρίων
765 1016 866 1059 εἶσὶν
890 1013 1054 1058 ἄποικοι
1069 1013 1200 1057 καὶέἴ
1213 1031 1317 1064 τινες
1336 1013 1454 1057 ἄλλοι
1477 1015 1535 1065 εἷς
1552 1011 1735 1061 Ἑλλάδα

217 1085 479 1146 μετῴκησαν.
517 1086 571 1130 τὰ
592 1087 637 1131 δὲ
656 1091 731 1130 τοῦ
748 1083 902 1144 Ἰάςιεθ
924 1084 1030 1141 ἔθνη
1064 1084 1147 1128 ἀπὸ
1171 1086 1370 1141 ΖΙΙηδείας
1393 1085 1472 1136 ἕως
1500 1089 1577 1128 τοῦ
1612 1082 1735 1128 ἕσπε-

79 1156 121 1192 Ρ·
146 1156 194 1194 50
219 1159 310 1216 ρίου
326 1157 525 1202 Ὠκεανοῦ
538 1157 822 1216 κατέσπαρται
842 1155 1052 1212 βλέποντα
1077 1155 1182 1212 πρὸς
1203 1159 1370 1214 βορρᾶν
1390 1154 1543 1207 οὕτως·
1565 1157 1730 1213 ΖΙίῙῆδοι,

211 1228 433 1284 Ἀλβανοὶ,
479 1230 714 1286 Γαργανοὶ,
758 1227 967 1286 Ἐρραῖοι,
1007 1226 1238 1285 Ἀρμένιοι,
1269 1224 1517 1282 Ἀμαζόνες,
1554 1228 1730 1281 Κολλοὶ,

217 1300 452 1356 Κορζηνοὶ,
490 1299 758 1356 Δενναγινοὶ,
797 1295 1108 1352 Καππάδοκες,
1147 1295 1452 1356 Παφλαγόνες,
1493 1299 1729 1354 Ταβιέννοι,
1746 1309 1791 1346 15

216 1368 432 1425 Χάλυβες,
479 1367 720 1428 Σαρμάται,
762 1370 940 1430 Θρᾷκες,
979 1369 1222 1421 Mona-ovo),
1261 1370 1523 1427 Βαστρανοὶ,
1563 1373 1735 1426 Σαυρο-

216 1438 365 1496 μάται,
395 1440 602 1498 Ἰλλυριοὶ,
636 1443 859 1495 Μαιῶται,
895 1436 1080 1494 Σκύθαι,
1123 1442 1302 1497 Ταῦροι,
1345 1437 1605 1492 Μακεδόνες,
1635 1438 1735 1482 “El-

215 1515 359 1567 ληνες,
385 1509 582 1569 ’Ἰστριοι,
619 1512 825 1563 Δαυνεΐς,
870 1510 1065 1562 Οὖεννοὶ,
1099 1507 1284 1566 Ἰάπυγες
1293 1543 1307 1564 ,
1346 1511 1596 1568 Καλαβροὶ,
1631 1509 1735 1554 Ὀπ-

217 1582 344 1634 πίκοὶ,
378 1583 581 1634 Λατῖνοι,
621 1581 661 1624 οἷ
681 1582 749 1624 καὶ
767 1578 980 1637 Ῥωμαῖοι,
1011 1577 1184 1633 Γάλλοι,
1224 1580 1351 1624 οἱκαὶ
1374 1584 1590 1634 Κελταΐοι,
1627 1583 1732 1625 Λυ-

212 1659 411 1710 γιστΐνοι,
448 1653 726 1710 Κελτίβηρες,
754 1650 942 1710 Ἴβηρες,
981 1648 1162 1705 Γάλλοι,
1202 1650 1456 1706 Ἀκυτιανοὶ,
1491 1650 1724 1711 Ἰλλυρικοὶ,
1740 1663 1787 1698 20

311 1742 345 1779 1.
371 1740 486 1776 κιτίοι
502 1741 544 1776 Α.
569 1739 705 1785 Κήτιοι
726 1752 771 1776 m.
857 1740 892 1776 3.
919 1735 984 1774 'Eu
1001 1736 1163 1785 τούτων]
1190 1740 1323 1778 Genes,
1342 1740 1390 1783 X,
1412 1741 1448 1778 5.
1545 1742 1578 1778 6.
1605 1738 1648 1777 δὲ
1665 1740 1730 1777 καὶ

309 1788 349 1827 οὶ
371 1790 414 1823 Α.
438 1787 502 1824 καὶ
526 1800 589 1822 om.
611 1790 659 1824 G.
764 1788 798 1824 7.
818 1783 900 1831 Ιεἴτ’
923 1780 1007 1831 οὖν]
1034 1785 1154 1833 ἥτουν
1177 1789 1220 1823 Α.
1244 1788 1307 1824 καὶ
1326 1790 1402 1823 τῶν
1433 1787 1597 1834 Scaliger
1622 1790 1726 1835 ρ.12.

381 1837 439 1872 11.
478 1835 515 1872 εἴ
542 1848 641 1877 τινες
679 1835 851 1880 Scaliger.
886 1834 928 1870 οῖ’
955 1847 1053 1877 τινες
1085 1836 1135 1871 G.
1249 1837 1305 1871 12.
1338 1836 1536 1882 Μηδείας]
1571 1837 1728 1883 Μηδίας

307 1882 483 1929 Scaliger.
590 1885 647 1920 13.
684 1879 806 1924 οὕτως
837 1881 919 1920 add.
940 1884 984 1918 A·
1102 1881 1158 1920 14.
1190 1880 1381 1928 Ἐρραῖοι]
1416 1882 1563 1930 ἐρραιοὶ
1588 1888 1631 1920 Α.

309 1928 504 1975 οἶμαζῶνες
528 1931 570 1966 Α.
594 1930 792 1974 Αμάζωνες
816 1931 865 1964 G.
959 1929 1112 1977 Κολλοὶ]
1141 1929 1280 1976 Κόλχοι
1305 1930 1455 1976 corrigit
1479 1930 1652 1976 Scaliger.

310 1980 367 2014 16.
394 1977 593 2015 Μοσσυνοὶ
613 1979 786 2025 Scaliger.
810 1977 1006 2014 Μοσσονοὶ
1032 1979 1080 2012 G.
1165 1980 1221 2017 18.
1248 1975 1423 2023 Οὕεννοὶ]
1450 1978 1611 2023 Οὐερνοὶ
1633 1979 1726 2014 Sca-

306 2025 409 2071 liger.
438 2021 580 2063 Οὗννοι
592 2038 636 2063 m.
735 2028 792 2063 19.
817 2025 854 2061 oi
881 2025 943 2061 καὶ
958 2022 1009 2062 Ῥ.
1029 2025 1203 2073 Scaliger.
1229 2026 1265 2062 οὶ
1284 2038 1349 2061 om.
1363 2026 1410 2061 G.
1506 2030 1726 2074 Λυγιστῖνοι

308 2073 480 2120 Scaliger.
502 2072 702 2121 λογιστινοὶ
719 2076 761 2111 Α.
796 2073 1014 2121 Λυγιστινοὶ
1038 2074 1087 2110 G.
1191 2075 1253 2111 20.
1285 2072 1498 2112 ἄκοιτιανοὶ
1524 2076 1568 2111 A.
1600 2070 1725 2112 Ἀκου-

307 2122 419 2158 τανοὶ
442 2122 616 2170 Scaliger.

497 2191 555 2230 14.
582 2192 693 2236 Citii,
717 2206 738 2230 e
761 2205 831 2241 quo
852 2193 992 2238 Latini,
1018 2193 1082 2242 qui
1101 2196 1139 2230 et
1155 2193 1314 2230 Romani.

498 2242 554 2277 15.
579 2240 755 2285 Rhodios,
780 2254 800 2277 e
817 2253 884 2287 quo
899 2241 1040 2276 Rhodii.

308 2286 363 2321 Ab
389 2286 445 2323 his
473 2287 608 2323 divisae
634 2293 714 2324 sunt
746 2289 880 2324 insulae
907 2290 1066 2336 gentium
1083 2288 1121 2324 in
1137 2288 1344 2335 regionibus
1364 2288 1457 2333 suis,
1484 2287 1722 2335 unusquisque

213 2333 402 2369 secundum
421 2335 572 2381 linguam
590 2348 706 2380 suam,
731 2336 767 2371 in
785 2337 943 2372 tribubus
974 2342 1010 2372 et
1040 2336 1076 2371 in
1106 2336 1307 2371 nationibus
1333 2336 1425 2382 suis,
1449 2336 1500 2374 ait
1532 2336 1722 2384 scriptura.

214 2381 347 2415 Omnes
365 2394 450 2417 vero
467 2383 567 2418 simul
584 2383 808 2430 septuaginta
826 2383 917 2419 duae
935 2384 1096 2419 nationes
1119 2389 1354 2420 numerantur.

308 2428 398 2464 Sunt
413 2429 517 2464 etiam
536 2430 660 2476 Cyprii
677 2443 721 2466 ex
739 2431 950 2466 Citiaeorum
968 2443 1097 2478 genere
1109 2455 1120 2474 ,
1145 2430 1276 2478 quique
1295 2432 1341 2467 ad
1359 2432 1506 2467 Boream
1523 2430 1584 2466 siti
1599 2430 1721 2466 horum

213 2474 441 2519 Citiaeorum,
461 2476 497 2512 id
517 2483 571 2512 est
587 2478 827 2521 Romanorum,
851 2484 933 2514 sunt
949 2478 1173 2520 contribules,
1194 2478 1283 2514 sicut
1299 2484 1336 2514 et
1353 2478 1530 2514 Graeciae
1547 2478 1720 2522 nationes,

211 2526 356 2570 praeter
367 2524 486 2559 Saitae
494 2529 609 2559 tamen
622 2525 772 2560 colonias
789 2525 824 2560 in
842 2538 915 2561 eam
928 2526 1140 2561 deducentes
1150 2538 1192 2560 ac
1205 2526 1381 2561 Graeciae
1391 2525 1599 2572 metropolin
1611 2526 1722 2560 Athe-

211 2581 276 2606 nas
300 2573 338 2605 et
361 2571 506 2606 Thebas
536 2572 616 2606 olim
640 2578 877 2619 occupantes;
902 2573 1123 2608 Sidoniorum
1149 2572 1241 2608 enim
1265 2578 1347 2608 sunt
1366 2573 1478 2608 coloni
1493 2584 1570 2607 cum
1587 2573 1720 2607 Cadmo

211 2617 383 2662 Agenoris
393 2618 466 2653 filio
486 2619 673 2666 deportati.
697 2620 869 2655 Chaldaei
879 2632 1019 2666 quoque
1032 2621 1220 2666 Tyriorum
1239 2626 1321 2656 sunt
1337 2620 1461 2663 coloni,
1481 2625 1517 2655 et
1539 2619 1570 2654 si
1587 2619 1648 2666 qui
1661 2619 1721 2654 alii

210 2663 247 2699 in
266 2664 456 2701 Graeciam
467 2667 769 2712 transmigrarunt.
793 2668 978 2702 Caeterum
990 2667 1142 2713 Iapheth
1152 2667 1310 2708 nationes
1329 2680 1351 2703 a
1368 2667 1488 2704 Media
1501 2666 1546 2702 ad
1557 2665 1720 2701 occiden-

209 2710 314 2746 talem
333 2724 443 2759 usque
464 2725 627 2749 oceanum
645 2714 827 2761 dispersae
842 2719 922 2749 sunt
940 2718 976 2749 et
999 2715 1042 2750 ad
1060 2716 1208 2750 Boream
1229 2719 1402 2761 vergunt:
1428 2715 1550 2757 Medi,
1579 2713 1719 2759 Albani,
1776 2712 1782 2753 ¹,

211 2759 398 2804 Gargani,
424 2760 587 2803 Errhaei,
611 2762 765 2804 Armeni,
789 2763 993 2806 Amazones,
1021 2761 1156 2805 Colchi,
1181 2763 1361 2806 Corzeni,
1381 2761 1596 2807 Dennagini,
1621 2761 1718 2808 Cap-

210 2806 380 2852 padoce8‚
404 2807 667 2854 Paphlagones,
700 2807 900 2852 Tabienni‚
926 2808 1137 2855 Chabybes,
1166 2810 1373 2852 Sarmatae,
1405 2810 1594 2852 Thraces,
1618 2809 1718 2844 Mos-

211 2853 316 2895 soni,
341 2854 529 2898 Baetrani,
553 2855 801 2898 Sauromatae,
823 2855 960 2902 Illyrii,
983 2856 1204 2899 Maenades,
1231 2858 1408 2903 Scythae,
1433 2856 1569 2899 Tauri,
1594 2857 1719 2891 Mace-

209 2900 341 2943 dones,
365 2901 518 2944 Graeci,
542 2903 661 2946 Istrii,
683 2903 913 2945 Daunenses‚
937 2903 1080 2945 Hunni,
1106 2904 1270 2950 Iapyges,
1299 2904 1456 2947 Calabri,
1479 2903 1623 2950 Oppici‚
1648 2903 1718 2938 La-

211 2947 277 2984 tini
308 2954 345 2986 et
366 2948 531 2994 Romani,
557 2950 654 2987 Galli
683 2951 742 2999 qui
767 2955 803 2986 et
830 2950 975 2996 Celtae,
998 2950 1170 2998 Ligures,
1207 2951 1424 2996 Celtiberes,
1447 2952 1595 2999 Iberes,
1618 2951 1718 2988 Galli
1772 2977 1783 2989 .
