1754 3236
384 224 407 249 *w
548 208 1085 258 CHRONOGRAPHIA.
1521 202 1590 255 51

78 322 300 387 κησάντων
327 325 408 385 τὴν
426 324 656 372 Χαλδαίαν
669 338 680 349 ·
717 325 792 381 ζῆν
811 322 858 368 δέ
878 320 1036 374 αὗτοῦς
1054 316 1248 375 ἀτάκτως
1268 316 1411 382 ὥσπερ
1426 323 1481 368 τὰ
1499 329 1587 382 θη-

74 401 175 460 ρία..
201 399 246 443 ἐν
263 397 321 442 .δὲ
345 402 416 459 τῷ,
436 395 593 457 πρώτῳ
625 395 802 455 ἐνιαυτῷ
828 396 1014 454 φανῆναι
1044 394 1090 438 ἐκ
1111 398 1189 451 τῆς
1206 395 1396 454 ἐρυθρᾶς
1412 393 1585 441 θαλάσ-

73 486 154 527 σης
182 468 292 514 κατὰ
334 468 409 513 τὸν
443 466 686 528 ὁμοροῦντα
718 463 852 510 τόπον
883 468 939 524 τῇ
966 466 1225 526 Βαβυλωνίᾳ
1262 467 1377 518 ζῶον·
1398 464 1622 525 ἄφρενονῐ)

44 594 46 596 μ
76 537 252 597 ὀνόματι
280 537 460 596 Ὠάννην
472 572 487 594 ,
523 536 674 589 καθώς
709 538 780 581 καὶ
810 532 1128 594 Ἀπολλόδωρος
1158 533 1397 595 ἱστόρησεν
1416 536 1466 596 τὸ
1498 538 1584 593 ’μὲν

44 609 176 661 εὸλον
193 614 319 666 σῶμα
329 609 423 667 ἔχον
433 607 599 666 ἷχθνόος,
618 606 702 652 ὕπὸ
725 608 771 651 δὲ
787 606 865 664 τὴν
881 605 1070 665 κεφαλὴν
1087 615 1440 666 παραπεφυκυῖαν
1450 606 1583 665 ἄλλην

73 680 259 741 κεφαλὴν
283 678 484 725 ὖποκάτω
512 684 590 738 τῆς
615 682 692 723 τοῦ
727 675 880 735 ἰχθύος
908 680 1121 736 κεφαλῆς,
1160 680 1230 722 καὶ
1258 676 1395 730 πόδας
1428 669 1584 735 ὅμοίως

75 748 311 811 ἀνθρώπου
323 784 339 807 ,
378 747 732 810 παρακεφυκότας
756 749 803 792 δὲ
831 750 876 792 ἐκ
903 753 981 805 τῆς
1013 747 1145 806 οὗρᾶς
1165 753 1242 793 τοῦ
1269 747 1443 806 ι’χθύος·
1480 748 1586 794 εἶναι

74 823 122 867 δὲ
139 822 256 883 αὐτῷ
279 822 425 882 φωνὴν
448 819 681 882 ἀνθρώπου
692 853 707 875 ,
745 818 822 876 τὴν
843 819 890 863 δὲ
907 816 1045 863 εἰκόνα
1065 818 1198 864 αὐτοῦ
1218 818 1277 863 ἔτι
1297 822 1371 863 καὶ
1390 824 1465 865 νῦν
1487 823 1584 864 δια-

75 891 401 953 φυλάσσεσθαι·
426 897 552 937 τοῦτο
578 893 638 947 δὲ,
675 892 794 951 φησὶ,
825 889 874 934 τὸ
898 891 952 943 ζιῖ
954 907 1015 945 ον,
1036 889 1115 947 τὴν
1134 890 1213 947 μὲν
1235 888 1396 950 ἡμέραν
1418 892 1583 950 διατρί-

17 977 64 1014 10
73 969 164 1022 βειν
171 963 279 1021 μετὰ
289 967 374 1008 τῶν
386 961 642 1022 ἀνθρώπων,
667 960 865 1018 οὐδεμίαν
885 961 1052 1020 τροφὴν
1061 959 1418 1021 προσφερόμενον,
1442 980 1584 1022 παρα·
1593 968 1640 1007 V.
1661 969 1711 1009 23

74 1033 239 1079 διδόναι
260 1051 307 1078 τε
318 1041 406 1086 τοῖς
427 1031 672 1093 ἀνθρώποις
688 1029 949 1092 γραμμάτων
967 1033 1037 1076 καὶ
1052 1029 1326 1090 μαθημάτων
1349 1035 1418 1077 καὶ
1429 1038 1584 1090 τεχνῶν

73 1107 356 1151 παντοδαπῶν
378 1105 609 1164 ἐμπειρίαν,
649 1105 717 1148 καὶ
736 1100 899 1148 πόλεων
919 1103 1214 1159 συνοικισμοὺς
1234 1105 1303 1148 καὶ
1322 1104 1442 1164 ἱερῶν
1464 1088 1585 1163 ἱδρύί-

75 1192 183 1232 σεις,
222 1177 292 1220 καὶ
311 1173 452 1233 νόμων
473 1173 701 1234 εἰσηγήσεις
721 1175 790 1218 καὶ
809 1175 1064 1233 γεωμετρίαν
1085 1172 1318 1230 διδάσκειν,
1358 1176 1428 1219 καὶ
1454 1175 1582 1234 σπέρ-
1605 1178 1648 1215 P·
1667 1179 1715 1216 29

72 1265 192 1304 ματα
226 1248 295 1291 καὶ
319 1251 495 1306 καρπῶν
521 1244 764 1303 συναγωγὰς
780 1242 1071 1289 ὑποδεικνύναι
1080 1278 1095 1300 ,
1134 1247 1205 1289 καὶ
1234 1242 1422 1297 συνόλως
1444 1244 1586 1290 πάντα

17 1329 63 1367 15
74 1317 130 1362 τὰ
163 1317 273 1376 πρὸς
308 1315 519 1377 ἡμέρωσιν
550 1315 760 1374 ἀνήκοντα
783 1317 881 1371 βίου
905 1313 1187 1375 παραδιδόναι
1209 1323 1299 1367 τοῖς
1323 1314 1581 1375 ἀνθρώποις.

73 1387 158 1432 ἀπὸ
188 1388 235 1432 δὲ
264 1391 342 1432 τοῦ
374 1387 532 1447 χρόνου
565 1389 719 1432 ἐκείνου
743 1387 866 1431 οὐδὲν
885 1385 989 1431 ἄλλο
1011 1387 1210 1446 περισσὸν
1229 1385 1468 1446 εὑρεθῆναι.
1505 1392 1583 1432 τοῦ

74 1459 122 1502 δὲ
151 1456 275 1516 ἡλίου
308 1456 511 1512 δόναντος
544 1458 592 1503 τὸ
623 1459 727 1513 ζῶον
752 1459 920 1502 τουτονὶ
934 1455 1117 1515 Ὠάννην
1139 1461 1261 1502 δῦναι
1281 1455 1406 1502 πάλιν
1426 1459 1486 1510 εἷς
1505 1458 1581 1502 τιὶν

72 1526 328 1584 θάλασσαν,
367 1531 436 1574 καὶ
463 1530 542 1582 τὰς
558 1526 714 1580 νύκτας
741 1529 784 1573 ἐν
803 1534 863 1588 τῷ
883 1526 1048 1586 πελάγει
1071 1531 1343 1573 διαιτᾶσθαι·
1382 1526 1483 1572 εἶναι
1501 1528 1582 1587 γὰρ

74 1599 179 1644 αὐτὸ
215 1598 432 1658 ἀμφιζθιον.
469 1600 647 1659 ὕστερον
670 1600 716 1643 δὲ
733 1604 917 1657 φανῆναι
940 1600 1010 1642 καὶ
1034 1599 1154 1658 ἕτερα
1179 1601 1265 1653 ζῶα
1284 1597 1409 1659 ὅμοια
1426 1596 1580 1658 τούτῳ,

15 1672 166 1729 ωσπερὶ
193 1664 252 1714 ὧν
285 1670 328 1714 ἓν
361 1675 415 1730 τῇ
444 1675 529 1716 τῶν
559 1669 767 1726 βασιλέων
791 1669 1016 1728 ἀναγραφῇ
1043 1686 1149 1728 φησι
1176 1666 1390 1726 δηλώσειν.
1435 1669 1511 1713 τὸν
1537 1669 1584 1713 δὲ

72 1738 255 1798 Ὠάννην
283 1742 377 1799 περὶ
397 1746 540 1799 γενεᾶς
560 1742 631 1785 καὶ
653 1741 864 1791 πολιτείας
884 1737 1047 1799 γράψαι
1069 1742 1140 1784 καὶ
1165 1740 1440 1800 παραδοῦναι
1464 1737 1584 1784 τόνδε

73 1811 150 1856 τὸν
170 1809 293 1869 λόγον
313 1817 402 1863 τοῖς
422 1809 680 1871 ἀνθρώποις.

166 1889 206 1926 3.
229 1888 329 1932 ζῶον
349 1884 541 1934 ἅφρενον]
575 1887 762 1923 immanem
790 1886 928 1922 beluam
950 1884 1136 1922 Eusebius.
1161 1882 1301 1934 ,,ὄι’ρρεν
1319 1883 1366 1924 ὃν
1390 1885 1440 1921 Is.
1486 1885 1583 1922 Vos-

169 1935 243 1971 sius
268 1947 304 1982 p.
328 1934 434 1974 409.”
466 1938 679 1980 Anonymus.
785 1935 821 1972 5.
857 1932 956 1980 ἔχον]
984 1933 1147 1981 ἔχωνΑ.
1248 1936 1306 1970 10.
1332 1930 1517 1980 οὐδεμίαν
1540 1937 1582 1970 A.

169 1983 360 2030 μηδεμίαν
394 1983 442 2018 G.
554 1984 612 2019 12.
646 1981 914 2028 συνοικισμους
945 1993 990 2017 m.
1039 1978 1302 2028 συνῳκισμούς
1331 1983 1374 2018 A.
1428 1993 1585 2018 συνωκι-

171 2029 290 2076 σμοῦς
313 2031 361 2068 G.
456 2028 515 2067 14.
540 2026 815 2068 ὑποδεικνύναι
836 2032 880 2066 A.
904 2026 1171 2066 ὑποδεικνύειν
1195 2030 1244 2065 G.
1342 2028 1400 2066 15.
1425 2030 1513 2077 βίου
1536 2031 1580 2064 Α.

195 2079 256 2115 lov
280 2079 329 2113 G.
427 2078 483 2115 17.
511 2078 680 2124 τουτονὶ]
705 2081 776 2114 Aut
799 2079 915 2114 τοῦτο
943 2082 1005 2113 aut
1023 2077 1144 2114 τουτί.
1168 2089 1247 2112 eam
1265 2077 1403 2112 beluam
1423 2077 1582 2111 Oaunem

205 2125 358 2162 usebius.
430 2126 485 2162 18.
510 2123 551 2161 ἐν
573 2127 627 2175 τῷ
644 2125 794 2173 πελάγει
814 2127 857 2162 Α.
881 2122 960 2161 ἐκεῖ
981 2125 1028 2160 G.
1108 2125 1165 2162 19.
1190 2120 1286 2160 αὐτὸ
1310 2125 1353 2159 A.
1385 2121 1507 2161 αὐτὸν
1531 2124 1580 2159 G.

237 2171 361 2222 τούτῳ
385 2173 427 2208 A.
451 2170 598 2212 τούτων
622 2174 672 2209 G.
1083 2202 1086 2206 .
1240 2202 1243 2205 Α
1416 2187 1419 2190 -

74 2232 296 2269 incolentium
313 2232 568 2268 multitudinem
584 2234 780 2269 immensam
800 2230 997 2275 numerari,
1021 2242 1151 2278 eosque
1178 2230 1361 2266 brutorum
1387 2239 1483 2264 more
1503 2227 1580 2263 sine

75 2281 159 2327 lege
179 2280 324 2316 liberam
350 2280 458 2315 vitam
479 2280 619 2317 ducere.
666 2281 783 2315 Primo
820 2292 908 2323 anno
934 2292 954 2315 e
981 2278 1067 2315 mari
1090 2279 1195 2314 rubro
1226 2277 1272 2313 ad
1297 2276 1450 2312 vicinum
1479 2275 1582 2311 littus

76 2326 250 2374 Babyloni
282 2328 502 2374 contiguum,
528 2327 681 2364 animans
707 2327 844 2363 ratione
876 2326 1080 2362 destitutum
1111 2324 1312 2368 emersisse,
1337 2324 1495 2359 Oannem
1516 2335 1581 2357 no-

77 2374 193 2417 mine,
222 2379 258 2410 et
280 2379 322 2409 ut
350 2374 583 2421 Apollodorus
613 2375 758 2418 retulit,
778 2378 853 2409 toto
874 2385 1022 2420 corpore
1039 2374 1193 2420 piscem,
1218 2372 1311 2407 infra
1331 2370 1438 2417 piscis
1462 2375 1581 2416 caput,

79 2421 174 2457 aliud
193 2421 226 2457 ei
244 2425 350 2469 caput
373 2426 510 2458 enatum
531 2434 676 2468 gerere3
701 2422 808 2469 pedes
829 2422 995 2457 humanos
1015 2421 1052 2455 in
1071 2420 1146 2455 eius
1167 2431 1314 2466 corpore
1329 2418 1445 2460 cerni,
1470 2423 1507 2453 at
1524 2418 1581 2464 pi-

78 2469 149 2504 scis
164 2468 297 2504 caudae
321 2481 494 2511 annexos3
520 2481 638 2505 vocem
666 2470 750 2504 item
777 2474 814 2503 et
843 2467 1015 2515 loquelam
1038 2467 1185 2503 hominis
1210 2468 1244 2501 ei
1276 2465 1402 2508 fuisse,
1436 2464 1581 2510 eiusque

78 2516 184 2552 etiam
212 2528 292 2551 num
308 2516 413 2551 hodie
433 2516 561 2563 pictam
586 2515 768 2563 imaginem
784 2515 929 2552 servari.
978 2515 1058 2551 Hoc
1074 2515 1228 2550 animans
1260 2513 1415 2548 interdiu
1441 2512 1580 2558 quidem

78 2562 172 2598 nullo
194 2564 345 2598 admisso
367 2563 445 2598 cibo
463 2565 598 2598 versari
617 2563 710 2598 inter
729 2563 895 2606 homines,
920 2574 962 2598 ac
981 2562 1032 2597 eis
1049 2562 1247 2597 litterarum
1263 2564 1300 2595 et
1320 2559 1580 2606 disciplinarum

79 2609 237 2645 notitiam
250 2636 261 2653 ‚
287 2611 412 2646 artium
432 2611 684 2657 experimenta,
707 2610 844 2645 urbium
861 2608 1158 2652 constructiones,
1182 2607 1313 2653 templa
1332 2607 1490 2652 erigere,
1516 2617 1581 2651 po-

79 2669 164 2692 nere
191 2657 309 2704 leges,
333 2658 555 2704 geometricis
584 2657 790 2700 attendere,
814 2657 947 2692 semina
971 2657 1174 2703 fructusque
1201 2655 1388 2701 colligere,
1412 2666 1454 2689 ac
1486 2663 1580 2687 sum-

78 2703 195 2739 matim
215 2717 306 2754 quae
333 2717 446 2740 mores
467 2706 769 2740 mansuefacerent
790 2704 904 2740 omnia
932 2710 1231 2739 commonstrasse.
1282 2703 1337 2738 Ab
1369 2713 1411 2736 eo
1426 2706 1582 2745 tempore

78 2750 166 2785 nibil
189 2756 331 2797 praeter
347 2752 434 2787 haec
459 2752 503 2787 de
527 2751 587 2788 illo
615 2753 784 2788 auditum.
833 2751 916 2787 Sole
945 2751 1171 2786 occumbente
1198 2749 1352 2785 animans
1379 2747 1465 2782 illud
1483 2748 1583 2781 Oan-

11 2826 16 2829 .
80 2799 158 2832 nem
176 2798 220 2832 ad
250 2811 343 2834 mare
376 2799 556 2835 declinare
580 2803 617 2834 et
644 2798 680 2834 in
707 2811 750 2834 eo
773 2799 905 2845 mergi,
931 2803 1122 2845 noctesque
1146 2798 1211 2833 sub
1235 2797 1337 2843 aquis
1361 2806 1488 2840 agere,
1515 2804 1582 2827 ceu

81 2845 291 2890 amphibium
310 2847 436 2893 partim
460 2847 516 2881 hic
529 2872 539 2890 ‚
557 2846 637 2882 illic
659 2858 704 2881 ex
724 2850 839 2893 parte.
887 2845 1104 2881 Postremum
1130 2845 1200 2880 alia
1225 2841 1412 2879 animantia
1430 2841 1511 2876 huic
1530 2840 1583 2874 si-

80 2891 178 2926 milia
196 2891 285 2933 visa,
309 2893 354 2927 de
372 2893 498 2940 quibus
515 2894 552 2928 in
571 2905 691 2940 regum
700 2889 866 2929 'historiis
885 2893 1126 2938 evulgatur-um
1141 2893 1243 2939 plura
1258 2888 1453 2938 pollicetur.
1484 2887 1584 2922 Oan-

81 2942 159 2973 nem
178 2938 223 2973 de
241 2939 432 2985 originibus
461 2945 499 2976 et
527 2940 624 2976 vitae
650 2940 820 2987 regimine
850 2940 1035 2988 scripsisse
1059 2944 1096 2975 et
1126 2939 1216 2974 hanc
1246 2935 1389 2973 vivendi
1415 2934 1584 2971 rationem

81 2985 278 3021 hominibus
296 2987 499 3023 tradidisse.
673 2995 675 2997 '
1480 2991 1485 2994 '
