1800 3236
225 198 325 247 188
685 202 936 249 GEORGII
961 201 1069 248 SYN
1076 202 1248 247 CELLI

224 314 456 374 ἀναιρεθῇ,
494 312 676 373 ἀδελφὸς
715 312 818 359 εἶναι
857 314 1086 359 σκέπτεται.
1135 314 1426 357 ε’παινεθεῖσαν
1468 312 1515 357 δὲ
1546 308 1721 371 ἠγάγετο

227 383 405 445 Φαραώ.
443 383 552 429 οὕτω
583 384 662 443 γὰρ
684 382 912 442 Αἷγύπτιοι
940 385 1040 436 τούς
1058 388 1245 439 βασιλεῖς
1277 379 1573 441 ἓρμηνεύουσι·
1610 386 1679 427 καὶ
1699 382 1722 428 ὃ

223 457 300 514 μὲν
322 457 440 506 δίκας
460 454 565 498 ἴτισε
584 459 643 515 τῷ
663 459 753 514 θεῷ
767 468 777 478 ·
815 452 836 498 ὅ
861 457 886 497 δ
892 455 904 470 '
927 453 1015 509 ἅμα
1033 460 1123 504 τοῖς
1142 454 1262 504 ι’δίοις
1276 452 1470 511 Ἀβραὰμ
1487 452 1568 510 ἤδη
1589 458 1721 498 πλου-

219 531 305 571 τῶν
349 523 652 582 ἀπηλλάσσετο.
712 526 756 568 ἓν
795 524 977 568 Χαναὰν
1030 525 1370 580 διεπληκτίσαντο
1415 524 1606 580 ποιμένες
1645 528 1721 568 τοῦ
1756 575 1762 582 ⁴

219 614 264 641 τε
287 595 480 654 Ἀβραὰμ
514 597 583 638 καὶ
614 598 688 638 τοῦ
716 593 856 649 Λὼτ,
893 596 962 638 καὶ
997 592 1197 646 δόξαντος
1228 593 1372 644 αὐτοῖς
1402 593 1748 653 ἕχωρι’σθησαν,5

179 665 421 723 Βὲλομένου
449 665 562 710 Λώτ
588 665 631 709 ἓν
654 662 864 721 Σοδόμοις
887 666 1011 709 οῗκεῖν
1031 664 1091 708 δι’
1115 663 1270 722 ἀρετὴν
1289 665 1358 707 καὶ
1380 661 1532 716 κάλλος
1551 669 1627 721 τῆς
1646 668 1723 722 γῆς

219 735 396 794 ἐχούσης
429 736 547 779 πέντε
585 732 748 790 πόλεις,
791 732 987 790 Σόδομα,
1025 732 1255 793 Γόμορρα,
1284 733 1476 790 Ἄδαμα,
1513 737 1718 791 Σεβωεὶμ,

219 807 369 865 Σηγὼρ
380 840 394 861 ,
433 807 502 849 καὶ
526 803 757 855 τοσούτους
780 809 980 858 βασιλεῖς.
1018 802 1184 856 τούτοις
1204 804 1243 848 οἳ
1266 802 1547 863 πλησιόχωροι
1568 805 1723 848 τέσσα-

220 894 291 937 ρες
325 881 513 932 βασιλεῖς
543 873 692 934 Σύρων
712 876 973 933 ἐπολέμησαν
983 909 998 930 ,
1037 869 1096 919 ὧν
1123 872 1260 932 ἧγεῖτο
1282 875 1619 933 Χοδολλαγομόρ
1637 880 1722 931 βα-

220 947 358 998 σιλεὺς
382 944 545 1002 Αἷλάμ.
593 945 850 1001 συνέβαλλον
886 946 931 989 δὲ
960 945 1076 1002 παρὰ
1095 944 1172 1001 τὴν
1204 942 1432 989 θάλασσαν
1461 945 1539 1002 τὴν
1560 943 1717 1002 ἆλικὴν,
1735 957 1780 992 10

221 1017 250 1074 ἢ
283 1021 466 1061 καλεῖται
494 1021 569 1060 νῦν
601 1013 802 1059 θάλαττα
827 1013 976 1075 νεκρά·
1014 1016 1058 1059 ἓν
1082 1013 1217 1074 ταύτῃ
1247 1018 1420 1059 πλεΐστα
1441 1019 1527 1059 τῶν
1546 1020 1723 1072 θαυμα-

223 1089 325 1132 σίων
354 1087 571 1143 τεθέαμαι.
611 1083 726 1139 ζώων
756 1104 801 1129 τε
830 1086 910 1144 γὰρ
942 1085 1063 1130 οὐδὲν
1094 1087 1221 1129 ἐκεῖνο
1253 1085 1448 1143 φέρειτὸ
1469 1084 1614 1145 ὕδωρ,
1653 1087 1724 1130 καὶ

222 1159 358 1216 νεκροὶ
386 1157 462 1213 μὲν
492 1155 739 1215 ὑποβρύχιοι
759 1156 980 1215 φέρονται,
1020 1159 1166 1209 ζῶντες
1191 1156 1236 1199 δὲ
1257 1155 1352 1199 οὔδ’
1387 1154 1439 1199 ἂν
1460 1156 1615 1217 ῥαδίως
1638 1162 1724 1212 βα-

223 1230 453 1272 πτίσαιντο.
491 1225 633 1284 λύχνοι
668 1227 713 1270 δὲ
734 1225 943 1282 καιόμενοι
966 1227 1042 1283 μὲν
1064 1226 1351 1285 ἐπιφέρονται,
1387 1215 1653 1282 σβεννύμενοι
1676 1228 1723 1270 δὲ

68 1303 112 1339 P.
137 1301 204 1340 101
229 1296 522 1342 καταδύουσιν.
561 1294 750 1341 ἐνταῦθά
779 1298 880 1341 εἶσιν
914 1298 958 1341 αἱ
989 1301 1064 1355 τῆς
1092 1295 1311 1355 ἀσφάλτου
1348 1298 1501 1353 πηγαί·
1539 1298 1654 1356 φέρει
1677 1298 1722 1341 δὲ
1735 1307 1780 1344 15

221 1369 482 1427 στυπτηρίαν
526 1369 595 1412 καὶ
625 1366 752 1422 ἅλας,
792 1366 929 1426 ὀλίγον
970 1386 1011 1412 τι
1044 1371 1129 1411 τῶν
1164 1365 1302 1410 ἄλλων
1338 1367 1615 1425 διαφέροντα·
1653 1387 1724 1411 πι-

222 1438 304 1498 κρά
335 1456 379 1482 τε
408 1436 488 1496 γάρ
520 1439 607 1482 ἔστι
627 1440 695 1482 καὶ
719 1439 882 1494 διαυγῆ.
921 1437 1029 1483 ἔνθα
1048 1440 1075 1481 δ
1081 1437 1095 1453 ²
1124 1435 1176 1480 ἂν
1202 1435 1363 1495 καρπὸς
1386 1435 1542 1496 εὑρεθῇ
1561 1435 1722 1482 κάπνου

220 1509 345 1553 πλέον
375 1507 605 1567 εὑρίσκεται
630 1508 941 1566 θολερωτάτου.
979 1508 1027 1552 τὸ
1063 1508 1109 1551 δὲ
1137 1505 1252 1565 ὕδωρ
1285 1508 1399 1550 ἰᾶται
1431 1507 1533 1559 τοὺς
1554 1508 1724 1566 χρωμέ-

221 1597 321 1631 νους
355 1579 495 1639 αὐτῷ,
533 1576 644 1636 λήγει
675 1595 719 1622 τε
753 1581 878 1622 παντὶ
906 1577 1031 1622 ὕδατι
1060 1575 1224 1633 πάσχον
1247 1576 1301 1620 τοὶ
1325 1571 1504 1627 ἐναντία.
1542 1580 1578 1621 εἲ
1599 1579 1644 1622 δὲ
1661 1578 1723 1635 μὴ

216 1647 433 1709 Ἰορδάνην
475 1647 554 1705 εἶχε
585 1648 659 1693 τὸν
686 1649 879 1704 ποταμὸν
915 1648 1078 1708 τροφὴν
1110 1645 1168 1699 ὥς
1195 1645 1420 1706 πορφύραν
1453 1648 1782 1708 διατρέχονταέο

314 1739 350 1774 2.
377 1737 518 1784 φαραοῖ
535 1737 609 1773 ΑΒ.
711 1737 752 1773 3.
781 1737 899 1775 αἶ’τισε
918 1738 960 1773 Β.
1054 1737 1090 1774 4.
1123 1735 1440 1782 διεπληκτήσαντο
1464 1736 1509 1772 Β.
1614 1737 1648 1773 5.
1682 1748 1723 1773 τε

315 1796 382 1820 οιιι.
415 1785 463 1819 G.
565 1786 600 1820 7.
637 1783 797 1832 Σεβοεὶμ
821 1786 869 1823 G.
972 1786 1029 1821 10.
1063 1781 1270 1832 συνέβαλον
1295 1784 1341 1817 G.
1447 1785 1502 1820 12.
1538 1782 1644 1830 φέρει
1677 1782 1720 1821 τὸ

315 1829 421 1876 ὕδωρ
439 1832 480 1866 Β.
505 1829 548 1868 τὸ
570 1828 674 1878 ὕδωρ
696 1830 799 1877 φέρει
817 1834 867 1870 G.
964 1833 1023 1869 13.
1048 1829 1306 1881 βαπτήσαιντο
1332 1831 1373 1867 Β.
1469 1831 1525 1867 14.
1551 1831 1593 1868 δὲ
1614 1829 1722 1868 καιό·

316 1892 424 1926 μενοι
443 1877 509 1924 μὲν
526 1879 568 1915 Β.
589 1878 658 1926 μὲν
676 1877 870 1925 καιόμενοι
889 1881 930 1917 δὲ
955 1881 1003 1914 G.
1108 1879 1165 1915 15.
1200 1878 1293 1914 εἰσὶν
1316 1878 1360 1913 Β.
1394 1875 1435 1915 δὲ
1463 1879 1557 1916 εἰσὶν
1581 1880 1629 1915 G.

317 1929 374 1964 16.
399 1924 472 1963 ἅλα
494 1927 542 1964 G.
594 1936 597 1938 ’
636 1924 773 1974 ὀλίγων
795 1927 838 1962 Β.
934 1929 991 1964 18.
1014 1925 1221 1974 χρομένους
1240 1923 1335 1962 αὐτὸ
1360 1925 1404 1962 Β.
1497 1928 1556 1965 20.
1581 1923 1723 1973 διατρέ-
1765 1944 1769 1946 <

318 2034 435 2068 κοντα
456 2021 500 2057 Β.
524 2020 778 2069 διατρέφοντα
798 2023 839 2058 Α.
864 2019 1116 2068 διατρέφοντοι
1135 2024 1184 2060 G.

226 2091 358 2128 mulate
386 2095 532 2138 accepto
557 2098 726 2128 servatur.
783 2093 907 2128 Saram
931 2093 1042 2128 forma
1068 2093 1247 2129 laudatam
1277 2091 1422 2128 abducit
1458 2089 1621 2133 Pharao;
1654 2090 1722 2125 hoc

228 2139 361 2186 quippe
379 2139 515 2175 nomine
532 2151 636 2186 reges
661 2140 840 2187 appellant
866 2140 1059 2187 Aegyptiit,
1083 2146 1120 2175 et
1145 2141 1204 2176 ille
1230 2140 1366 2187 quidem
1386 2138 1487 2174 simul
1507 2150 1582 2172 cum
1602 2138 1721 2172 dome-

228 2186 328 2221 sticis
349 2198 476 2232 poenas
497 2187 562 2221 deo
584 2188 710 2230 solvit,
736 2188 911 2222 Abraham
932 2199 1016 2223 vero
1034 2199 1110 2223 cum
1125 2187 1293 2223 famulitio
1313 2187 1428 2221 multis
1448 2185 1580 2219 divitiis
1598 2189 1721 2219 auctus

227 2233 423 2268 dimittitur.
480 2234 647 2269 Pastores
666 2235 841 2270 Abraham
861 2239 898 2269 et
925 2235 1019 2269 Loth
1052 2235 1140 2270 rixis
1168 2235 1362 2281 pugnisque
1392 2231 1623 2274 contendunt,
1650 2231 1722 2277 ipsi

228 2285 343 2315 tamen
366 2280 531 2315 communi
551 2283 724 2316 sententia
741 2286 946 2327 separantur
969 2282 1013 2316 ab
1032 2281 1189 2325 invicem,
1212 2282 1301 2316 Loth
1321 2286 1466 2327 propter
1485 2285 1601 2313 terrae
1619 2279 1721 2325 quin-

227 2339 297 2373 que
317 2327 530 2369 civitatibus,
547 2328 725 2370 Sodomis,
750 2329 958 2371 Gomorrha,
982 2330 1127 2372 Adama,
1146 2329 1286 2363 Seboim
1305 2333 1340 2362 et
1361 2328 1486 2372 Segor‚
1508 2326 1722 2371 totidemque

227 2374 372 2419 regibus
399 2373 544 2420 insigni,
577 2376 770 2410 ubertatem
801 2381 838 2410 et
864 2382 1001 2421 gratam
1034 2376 1213 2422 planitiem
1251 2375 1411 2410 Sodomis
1441 2372 1601 2408 habitare
1639 2372 1722 2407 seli-

228 2426 347 2466 gente.
406 2421 471 2455 His
495 2422 601 2456 vicini
629 2423 795 2467 Syrorum
824 2434 927 2468 reges
955 2430 1123 2469 quatuo-r,
1155 2435 1300 2470 quorum
1321 2422 1391 2456 dux
1415 2421 1623 2467 praecipuus
1645 2423 1723 2454 erat

229 2467 523 2512 Chodollagomor
550 2480 614 2503 rex
642 2469 756 2512 Elam,
781 2470 911 2504 bellum
935 2470 1126 2505 intulerunt
1155 2475 1192 2505 et
1209 2470 1253 2504 ad
1274 2481 1368 2504 mare
1392 2468 1495 2512 salis,
1520 2478 1611 2501 nunc
1629 2477 1722 2500 mor-

228 2519 325 2550 tuum
341 2540 352 2557 ,
377 2526 498 2549 manus
518 2521 777 2550 conseruerunt.
822 2517 863 2550 In
879 2517 947 2551 isto
965 2518 1050 2553 mari
1075 2529 1175 2563 quam
1202 2517 1348 2563 plurima
1375 2519 1540 2561 portenta
1560 2513 1639 2548 visu
1665 2512 1722 2546 di-

229 2573 298 2606 gna
312 2561 509 2597 observavi.
557 2562 697 2596 Nullum
717 2563 868 2597 animans
888 2564 999 2599 nutrit
1019 2565 1093 2599 eius
1112 2576 1204 2610 aqua
1224 2570 1261 2599 et
1285 2566 1419 2598 mortua
1448 2560 1584 2608 quidem
1615 2559 1722 2594 cada-

226 2620 315 2644 vera
334 2608 371 2642 in
398 2620 474 2643 eam
499 2608 570 2643 cito
591 2614 812 2654 merguntur,
836 2610 921 2645 viva
949 2623 1033 2646 vero
1058 2623 1206 2657 corpora
1225 2614 1367 2645 enatant
1391 2620 1454 2643 nec
1485 2608 1590 2642 imum
1619 2606 1724 2640 facile

225 2659 374 2702 petunt3
399 2656 495 2690 faces
525 2655 689 2690 ardentes
718 2657 752 2690 in
777 2669 820 2691 ea
836 2669 968 2692 sursum
985 2659 1147 2693 feruntur
1162 2684 1172 2699 ‚
1198 2659 1393 2692 exstinctae
1418 2659 1633 2699 merguntur.
1681 2654 1723 2687 In

225 2702 345 2738 eadem
363 2701 541 2738 bituminis
562 2703 661 2748 origo
683 2707 720 2737 et
738 2703 902 2745 officina3
927 2705 1093 2750 producit
1109 2706 1242 2740 alumen
1262 2710 1298 2739 et
1322 2714 1464 2750 paucum
1483 2701 1608 2742 salem,
1636 2712 1723 2735 non—

226 2749 311 2785 nihil
337 2761 359 2784 a
386 2749 529 2795 reliquis
557 2749 818 2795 discrepantia,
855 2762 971 2786 amara
997 2757 1077 2786 suut
1107 2751 1196 2786 enim
1217 2757 1253 2786 et
1279 2750 1465 2797 pellucida.
1513 2748 1724 2792 Ubicunque

227 2797 324 2831 circa
350 2808 424 2831 eam
445 2797 578 2831 fructus
598 2796 772 2831 enascitur
790 2797 934 2831 turbido
953 2803 1086 2833 tantum
1101 2800 1194 2833 fumo
1221 2803 1352 2843 turget.
1398 2797 1496 2841 Aqua
1515 2795 1602 2829 haec
1622 2800 1722 2828 uten-

227 2843 322 2877 tibus
339 2844 524 2878 admodum
550 2842 697 2878 salubris
716 2847 771 2878 est
789 2855 830 2877 ac
849 2855 944 2878 more
961 2845 1104 2880 cuilibet
1121 2857 1234 2891 aquae
1255 2843 1431 2879 contrario
1450 2841 1659 2883 exsiccatur,
1685 2845 1722 2874 et

226 2889 295 2924 nisi
322 2890 503 2926 Iordanem
530 2889 576 2925 ad
599 2889 710 2925 instar
732 2891 886 2925 conchae
914 2892 1094 2926 nutritium
1117 2897 1154 2926 et
1175 2891 1374 2926 continuum
1394 2890 1567 2924 humorem
1587 2887 1721 2922 submi-

226 2936 430 2974 nistrantem
449 2937 598 2974 haberet
620 2949 663 2974 ac
678 2937 777 2973 velut
792 2936 1037 2973 exsiccationis
1054 2938 1210 2987 periculo
1230 2938 1453 2974 obsistentem
1464 2961 1474 2978 ‚
1499 2935 1601 2971 citius
1620 2946 1721 2982 quam

1248 3107 1275 3120 α’
