1800 3236
217 142 324 194 576
686 148 940 195 GEORGII
967 149 1256 196 SYNCELLI
1322 189 1324 192 .

219 280 380 317 σαντα,
416 260 650 320 στατηγοῦς
678 262 723 306 δὲ
754 263 823 305 καὶ
856 258 1088 320 Πάκουρον
1116 262 1191 305 τὸν
1209 263 1303 305 υἱὸν
1332 264 1375 305 ἐν
1393 267 1529 322 πολλῇ
1551 263 1723 320 δυνάμει

175 343 178 346 ’
217 333 324 393 πρὸς
341 337 468 377 τοῦτο
490 333 735 390 πέμψαντα,
774 332 932 375 στέλλει
953 330 1158 389 πρότερον
1183 333 1443 390 στρατηγοὺς
1463 333 1564 384 τοὺς
1580 333 1724 386 αὐτοῖς

217 403 588 460 ἀντιταξομένους,
629 397 687 447 ὧν
715 400 772 452 εἷς
800 397 853 458 ἦν
880 401 1174 456 1(ασβε’νδ“ιδος
1181 435 1195 456 ,
1235 400 1256 446 ὃ
1287 404 1356 446 καὶ
1386 402 1464 459 τὴν
1489 405 1604 461 νίκην
1617 402 1722 448 Ῥω-

1327 477 1348 486 ιν

182 476 362 533 Ομαιόις
392 471 727 532 διαπραξάμενος
757 472 855 529 περί
880 489 925 515 τε
952 473 1127 515 Λυδίαν
1146 474 1214 515 καὶ
1235 473 1278 516 ἒν
1296 491 1348 531 τῃ
1368 476 1543 531 Συριστὶ
1565 478 1722 518 καλου-

217 547 321 605 μένῃ
347 542 469 605 χώρᾳ
500 548 576 600 τῆς
594 543 911 602 Εὖφρατησίας.
951 543 1133 601 ἰσχυρῶς
1156 538 1229 586 οὗν
1248 541 1521 600 ἡττηθέντων
1537 548 1750 602 Περσῶνὸ

215 615 298 661 ὑπὸ
330 619 406 671 τῆς
420 613 640 658 Ἀντωνίου
663 615 732 657 καὶ
755 617 830 670 τῆς
845 610 1060 668 Ῥωμαίων
1078 617 1240 670 βουλῆς
1262 619 1509 672 στρατηγῶν
1527 613 1724 673 ’ῘΙρώδης

218 686 276 730 ἔτι
308 684 414 740 πρὸς
442 682 637 744 δεύτερον
670 682 928 740 ἕτοιμάζεται
957 681 1168 740 πόλεμον,
1207 687 1333 728 τοῦτο
1366 683 1630 740 πράττοντος
1653 688 1723 729 καὶ

209 756 447 802 Ἀντωνίου.

323 823 434 869 Τότε
463 823 515 882 δὴ
551 825 620 868 καὶ
647 823 879 882 Ἀντίγονος
911 823 1170 881 προπέμψας
1200 822 1416 867 Ἰουδαίων
1444 824 1545 876 τούς
1576 824 1723 878 εὔνους

215 902 439 955 κατηγορεῖ
470 893 667 953 εΗρώδου
697 896 766 939 καὶ
793 899 878 939 τῶν
908 894 1104 953 ἀδελφῶν
1140 894 1217 938 σὺν
1246 899 1307 954 τῷ
1335 892 1542 955 ζΥρκανῷ.
1584 894 1605 939 ὃ
1637 897 1718 955 γὰρ
1734 904 1779 940 10

209 966 406 1027 Ἡρώδου
426 965 565 1024 πατὴρ
589 965 861 1023 Ἀντίπατρος
884 963 968 1009 ὑπὸ
992 967 1195 1022 ,Μαλίχου
1219 962 1430 1024 φαρμάκῳ
1452 965 1722 1025 προδιεφθα-

217 1057 269 1097 ρη
285 1052 295 1062 ·
332 1037 433 1087 τοὺς
459 1040 797 1094 κατηγοροῦντας
824 1033 1019 1094 ἸΙρώδου
1041 1033 1386 1093 τιμωρησάμενος
1404 1034 1622 1087 Ἀντώνιος
1642 1037 1723 1093 τὴν

217 1107 350 1166 ἀρχὴν
363 1105 556 1165 ζΥρκανῷ
580 1109 648 1150 καὶ
662 1104 835 1164 Ἶ-Ιρώδῃ
854 1107 957 1157 τέως
979 1106 1229 1161 ἐβεβαίωσεν
1242 1139 1255 1159 ,
1297 1107 1353 1155 εἷς
1369 1104 1621 1162 Ἀντιόχειαν
1647 1106 1718 1153 ὦν.

178 1178 360 1223 Βῖπειτα
394 1174 594 1222 πλειόνων
624 1176 727 1220 κατ’
761 1175 902 1220 αὐτῶν
928 1176 1143 1220 Ἰουδαίων
1171 1173 1438 1232 ἐπιβοώντων
1459 1176 1620 1221 ἀνεῖλεν
1643 1177 1723 1220 αὗ-

215 1253 301 1294 τῶν
320 1248 420 1299 τοὺς
439 1247 714 1306 προῦχοντας,
1733 1256 1779 1293 15

323 1316 433 1362 Τότε
460 1319 529 1361 καὶ
559 1316 739 1377 Κασσίῳ
763 1315 872 1372 μετὰ
905 1315 982 1374 τὴν
1010 1317 1231 1375 Καίσαρος
1259 1315 1471 1374 ἀναίρεσιν
1494 1314 1721 1362 ὀκτακόσια

214 1395 291 1447 τῆς
318 1388 528 1439 Ἰουδαίας
561 1387 802 1447 ἀφελομένῳ
825 1384 1014 1431 τάλαντα
1035 1389 1266 1438 σπουδαῖος
1288 1386 1417 1446 ὤφθη
1437 1387 1716 1446 θεραπευτὴς,

215 1459 339 1518 ἡνίκα
369 1460 438 1503 καὶ
467 1457 667 1515 ΖΙῚάλιχον
701 1463 761 1518 τῷ
783 1459 979 1502 Κασσίου
996 1455 1235 1514 βουλήματι
1255 1455 1464 1516 φονεύσας
1487 1457 1561 1502 τὸν
1583 1458 1721 1502 Ἀντι-

216 1529 380 1589 πάτρου
412 1527 605 1573 θάνατον
620 1527 815 1588 Ἡρώδης
836 1529 1040 1584 ἐξεδίκησε
1065 1533 1140 1572 τοῦ
1159 1528 1319 1587 πατρὸς
1340 1528 1484 1572 αὐτοῦ.
1524 1530 1721 1584 διωχθεὶς

217 1602 264 1646 δὲ
292 1598 416 1644 πάλιν
449 1604 525 1656 τῆς
555 1599 687 1657 ἀρχῆς
717 1599 794 1644 σὺν
826 1603 887 1658 τῷ
903 1597 1094 1659 (Υρκανῷ
1117 1597 1367 1658 προσφεύγει
1380 1598 1612 1659 Ἀντωνίῳ,
1650 1601 1777 1645 καὶ20

216 1671 276 1730 μὴ
312 1671 475 1728 δεχθεὶς
496 1670 614 1730 παρὰ
637 1674 721 1714 τῶν
746 1669 964 1714 Ἰουδαίων
986 1674 1200 1729 κρατερῶς
1220 1668 1398 1727 μάχεται
1417 1668 1546 1714 αὐτὸν
1568 1671 1719 1713 διεκδι-

311 1795 346 1831 1.
368 1791 565 1840 πάκουρον
585 1793 627 1828 Β.
653 1790 881 1840 Πάκτουρον
903 1793 951 1828 G.
976 1787 1156 1838 Πάκορον
1173 1804 1217 1829 m.
1330 1793 1366 1830 3.
1402 1788 1722 1838 ἀντιταξομένους

311 1843 353 1878 Β.
383 1839 699 1886 ἀντιταξαμένους
724 1841 771 1877 G.
870 1840 1140 1888 Κασβὲνδιδος]
1165 1839 1227 1876 καὶ
1247 1842 1441 1882 Βεντίδιος
1459 1853 1492 1876 m
1509 1852 1552 1875 ex
1569 1841 1717 1887 losepho

313 1888 383 1925 vol.
407 1889 455 1924 ΙΙ.
482 1901 517 1936 p.
542 1891 600 1926 89.
634 1888 739 1923 Conf.
757 1888 825 1924 vol.
847 1888 875 1926 Ι.
900 1901 936 1936 p.
957 1890 1039 1926 728.
1063 1890 1145 1925 729.
1254 1892 1336 1932 τοῖς
1357 1888 1551 1934 Ρωμαίοις
1575 1889 1622 1922 G.

311 1935 348 1973 4.
370 1938 483 1984 λυδία
507 1937 550 1971 Α.
653 1938 807 1983 συριστῇ
825 1936 869 1972 Β.
967 1939 1021 1972 11.
1050 1933 1244 1983 διεφθάρη
1268 1937 1311 1971 Β.
1406 1938 1464 1974 16.
1489 1936 1654 1972 κασσίων
1673 1935 1717 1972 Β.

384 1986 442 2021 17.
465 1982 584 2031 ὤφθη
601 1984 642 2021 Β.
668 1981 755 2031 ὤθη
776 1985 823 2019 G.
920 1984 977 2021 18.
1001 1985 1054 2033 τῷ
1071 1986 1225 2032 Κασσίῳ
1250 1985 1299 2020 G.

221 2089 300 2124 dum
319 2090 491 2133 suadere,
513 2090 651 2136 iamque
679 2088 785 2124 duces
809 2088 1010 2132 nonnullos,
1034 2089 1274 2136 Pacorumque
1300 2087 1407 2124 filium
1431 2099 1507 2124 cum
1533 2100 1604 2123 non
1635 2100 1719 2123 con-

220 2137 404 2181 temnenda
425 2137 569 2172 militum
589 2149 691 2172 manu
712 2137 887 2172 Herodem
907 2137 1042 2172 misisse
1068 2138 1317 2183 comperisset,
1342 2137 1468 2180 duces,
1494 2147 1581 2182 quos
1608 2147 1720 2181 oppo-

221 2189 343 2226 neret,
368 2184 497 2230 elegit3
523 2196 665 2231 quorum
695 2196 782 2218 unus
812 2184 931 2219 extitit
949 2184 1156 2226 Ventidius,
1182 2184 1244 2229 qui
1270 2184 1314 2218 ad
1330 2183 1478 2229 Lydiam
1507 2187 1543 2217 et
1570 2185 1724 2228 provin...

221 2229 308 2265 ciam
329 2230 477 2275 Syriace
505 2232 630 2267 dictam
652 2231 921 2277 Euphratesiam
945 2231 1159 2276 praeclaram
1177 2230 1342 2265 Romanis
1368 2229 1583 2275 comparavit
1603 2229 1719 2264 victo-

219 2277 320 2312 riam.
367 2278 487 2312 Persis
507 2278 626 2324 itaque
645 2280 689 2314 ab
709 2278 850 2313 Antonii
869 2283 904 2313 et
922 2277 1065 2312 Romani
1085 2283 1225 2312 senatus
1245 2277 1393 2311 ducibus
1413 2288 1582 2312 armorum
1602 2278 1639 2312 vi
1654 2278 1719 2312 de·-

220 2324 380 2367 bellatis,
415 2325 459 2359 ad
494 2326 659 2371 praelium
687 2326 872 2360 secundum
910 2325 1143 2370 reparandum
1176 2323 1336 2360 Herodes
1374 2323 1526 2360 intendit
1557 2324 1718 2367 animum,

221 2371 313 2419 quod
332 2372 410 2418 pari
430 2372 599 2407 felicitate
624 2372 825 2419 exsequitur
846 2372 1026 2406 Antonius.

279 2443 282 2446 -
314 2418 369 2453 Ea
393 2423 604 2466 tempestate
619 2419 823 2454 Iudaeorum
845 2418 913 2453 sibi
942 2419 1087 2454 affectos
1112 2418 1149 2454 in
1167 2418 1342 2453 Herodem
1361 2418 1560 2465 fratresque
1578 2429 1717 2453 causam

205 2464 379 2502 ‘dicturos
398 2466 476 2512 pari
494 2478 568 2501 cum
586 2467 751 2513 Hyrcano
768 2465 911 2500 consilio
929 2466 1036 2500 mittit
1051 2466 1269 2512 Antigonus3
1295 2466 1483 2512 Antipater
1499 2465 1629 2512 quippe
1642 2466 1717 2500 He-

222 2513 317 2548 rodis
333 2518 435 2560 pater
448 2514 573 2549 veneni
592 2519 675 2560 potu
692 2525 712 2548 a
723 2512 876 2549 Malicho
893 2512 952 2548 diu
973 2514 1040 2547 iam
1052 2526 1072 2548 e
1091 2514 1202 2548 medio
1221 2514 1336 2548 fuerat
1356 2514 1525 2548 sublatus.
1575 2513 1630 2548 Ab
1643 2512 1718 2547 He·-

222 2560 320 2596 rodis
336 2561 593 2596 accusatoribus
613 2566 757 2596 exactae
775 2571 927 2606 poenae3
951 2562 1122 2595 Antonius
1140 2566 1254 2596 autem
1269 2560 1474 2596 Antiochiae
1492 2564 1575 2595 tunc
1593 2571 1718 2606 reper-

223 2611 281 2642 tus
299 2607 433 2643 Herodi
451 2613 488 2643 et
503 2608 666 2657 Hyrcano
684 2612 893 2654 potestatem
913 2619 1043 2642 omnem
1059 2608 1269 2643 commissam
1288 2608 1442 2643 declarat
1459 2612 1495 2642 et
1508 2607 1716 2642 Iudaeorum

223 2654 399 2690 Herodem
418 2655 508 2690 omni
523 2655 623 2691 vocis
641 2654 860 2690 contentione
875 2655 1129 2701 insequentium
1152 2655 1356 2702 praecipuos
1376 2654 1514 2690 occidit.

320 2702 449 2737 Eadem
468 2706 584 2738 aetate
602 2707 680 2749 post
699 2701 862 2737 Caesaris
880 2703 1020 2737 caedem
1039 2703 1172 2738 talenta
1190 2705 1260 2739 800
1279 2703 1322 2738 ab
1344 2701 1484 2736 Iudaeis
1499 2700 1622 2736 Cassio
1641 2700 1718 2736 exi-

225 2748 322 2794 genti
348 2750 523 2785 studiosus
546 2750 794 2798 Imperatorum
824 2749 981 2784 minister
1009 2750 1170 2785 adhaesit
1200 2750 1407 2796 Antipater;
1445 2748 1633 2783 Malichum
1652 2760 1718 2782 ve-

226 2807 266 2830 ro
288 2796 404 2831 Cassii
433 2797 584 2832 consiliis
611 2797 772 2833 occidens
801 2797 961 2831 Herodes
985 2797 1155 2842 genitoris
1173 2796 1351 2843 Antipatri
1371 2799 1513 2831 mortem
1539 2795 1634 2830 ultus
1651 2798 1716 2839 est.

227 2841 393 2879 Deiectus
417 2844 541 2897 {terum
573 2849 748 2892 potestate
777 2855 854 2879 cum
874 2844 1041 2889 Hyrcano
1068 2845 1113 2879 ad
1129 2845 1314 2880 Antonium
1343 2856 1381 2879 se
1407 2840 1553 2891 r'ecipit3
1576 2842 1717 2877 Iudaeis

226 2894 341 2927 autem
358 2890 411 2928 ini
424 2887 551 2929 aubiffi
567 2891 841 2932 detrectantibus
853 2916 864 2936 ,
889 2895 1010 2939 partes
1027 2891 1102 2928 eius
1121 2892 1227 2928 etiam
1247 2892 1342 2928 ferro
1368 2890 1460 2927 tueri
1486 2889 1625 2927 studuit
1643 2890 1718 2926 An-
