1800 3236
559 197 1083 256 CHRONOGRAPHIA.
1452 194 1554 247 499

73 299 345 354 Μακεδονίαν
373 304 519 360 τόποις
540 302 882 367 ’ἐπιστρατεύσας
889 341 902 365 ,
940 300 1222 365 συμμαχήσας
1255 307 1344 365 ἅμα
1376 310 1450 355 καί
1473 319 1592 356 man

72 383 158 422 τῶν
169 378 378 437 Ὀρεστῶν
397 379 624 436 λεγομένων
641 376 828 438 δυνάστῃ
847 380 938 436 περὶ
961 378 1039 436 τὴν
1053 377 1200 437 χώραν
1218 378 1324 422 κατὰ
1343 384 1429 424 τῶν
1449 385 1557 438 πλη-

73 446 289 506 σιοχώρων
309 446 555 508 βαρβάρων,
593 447 670 506 τὴν
689 446 879 505 ἡμίσειαν
900 447 1022 504 ἔλαβε
1039 446 1184 507 χώραν
1204 450 1273 492 καὶ
1290 446 1410 493 πόλιν
1428 449 1558 508 ἤγειρε

73 518 182 562 κατὰ
204 518 497 576 χρησμὸν,καὶ
525 519 740 574 βασιλείαν
770 519 813 562 ἔν
833 518 940 577 αὐτῇ
968 516 1277 576 συνεστήσατο,
1313 517 1366 575 ἣν
1386 519 1426 562 οἳ
1452 519 1558 563 κατὰ

43 588 190 645 5γένος
208 589 253 639 ἐξ
274 588 404 648 αὗτοῢ
427 590 495 632 καὶ
513 588 612 644 μετ’
636 587 764 633 αὐτὸν
787 588 1030 644 διεδέχοντο.
1069 582 1190 640 οὗτος
1212 586 1234 632 ὅ
1253 586 1455 647 Κάρανος
1475 588 1557 636 ἀπὸ

71 658 147 713 μὲν
173 655 426 715 Ἡρακλέους
452 656 509 702 ια’
541 654 617 715 ἦν,
657 657 740 702 ἀπὸ
783 659 829 702 δὲ
862 659 1055 715 Τημένου
1087 663 1162 702 τοῦ
1190 658 1294 713 μετὰ
1316 662 1401 703 τῶν
1420 657 1559 703 ἄλλων

67 725 351 786 Ἡρακλειδῶν
386 726 666 779 κατελθόντος
696 729 753 779 εἷς
781 727 1104 785 Πελοπόννησον
1134 729 1325 784 ἕβδομος.
1369 731 1559 785 γενεαλο-

70 801 191 855 γοῦσι
211 796 256 840 ‹5'
282 797 410 842 αὐτὸν
428 796 583 852 οὕτως,
623 796 680 850 ὥς
701 814 828 855 φησιν
856 795 879 842 ὃ
898 796 1119 856 Διόδωρος
1146 799 1213 841 καὶ
1232 798 1271 841 οἳ
1294 799 1448 851 >πολλοὶ
1475 801 1559 842 τῶν

72 867 367 925 συγγραφέων,
405 861 464 911 ὧν
502 866 560 918 εἷς
600 869 670 911 καὶ
703 865 968 922 Θεόπομπος.
1011 866 1211 926 Κάρανος
1242 869 1451 920 Φείδωνος
1478 870 1596 912 τοῧΟ

16 935 394 995 1οἈριστοδαμίδα
422 941 499 981 τοῦ
521 938 728 995 Μέροπος
749 942 824 980 τοῦ
851 938 1053 982 Θεοστίου
1071 942 1147 981 τοῦ
1167 939 1345 981 Κισσίου
1370 939 1446 981 τοῦ
1468 941 1559 994 Τη-

69 1007 197 1062 μένου
224 1011 300 1051 ‘roi
324 1005 628 1065 Ἀριστομάχου
660 1012 734 1050 τοῦ
759 1004 1035 1058 Κλεαδάτους
1065 1011 1141 1051 τοῦ
1159 1006 1316 1051 ’Ύλλου
1334 1011 1410 1051 τοῦ
1426 1005 1562 1065 Ἡρα-

69 1077 227 1128 κλέους.
264 1075 360 1120 ἴνιοι
379 1077 425 1120 δὲ
446 1076 596 1130 ἄλλως,
622 1078 738 1135 φησὶ,
763 1080 1063 1134 γενεαλογοῦσι,
1092 1075 1322 1135 φάσκοντες
1343 1074 1444 1120 εἶναι
1464 1074 1560 1120 Κά-

72 1163 200 1206 ρανον
218 1147 432 1197 Ποίαντος
455 1151 530 1190 τοῦ
548 1148 736 1205 Κροίσου
761 1151 836 1190 τοῦ
854 1149 1088 1191 Κλεοδαίου
1113 1151 1189 1191 τοῦ
1215 1144 1462 1205 Εὖρυβιάδα
1483 1150 1559 1190 τοῦ

70 1213 293 1272 Δεβάλλου
338 1221 414 1261 τοῦ
453 1214 691 1275 Λαχάρους
717 1220 792 1260 τοῦ
832 1216 1051 1272 Τημένου,
1090 1214 1138 1268 ὃς
1163 1218 1233 1260 καὶ
1262 1219 1472 1274 κατῆλθεν
1503 1218 1560 1266 εἰς

15 1294 60 1331 15
70 1283 408 1343 Πελοπόννησον.
455 1280 579 1338 οὗτος
616 1284 638 1330 ὃ
678 1284 879 1345 Κάρανος
904 1283 942 1329 λ’
971 1284 1042 1343 ἴτη
1071 1287 1332 1341 ἐβασίλευσε·
1368 1284 1477 1340 μεθ’
1513 1284 1560 1329 ὃν

71 1359 228 1408 Κοῖνος
255 1363 354 1408 παΐς
380 1356 450 1413 ἔτη
481 1353 558 1412 κη’.
595 1356 701 1412 μετὰ
738 1357 784 1400 δὲ
813 1359 963 1399 τοῦτον
984 1354 1005 1400 ὅ
1024 1356 1115 1407 υἱὸς
1134 1359 1359 1415 Τυριμμᾶς
1380 1353 1451 1412 ἴτη
1470 1351 1594 1410 με’,Β

71 1428 139 1471 καὶ
155 1426 231 1483 τὴν
243 1425 390 1483 λοιπὴν
406 1430 482 1482 τῆς
493 1426 765 1477 Μακεδονίας
785 1423 1064 1484 προσελάβετο
1071 1423 1231 1484 χώραν,
1255 1426 1324 1469 καὶ
1338 1423 1437 1467 καθ’
1458 1423 1574 1468 ὅλου

71 1496 149 1553 τὴν
169 1497 385 1552 βασιλείαν
401 1495 590 1552 ηὔξησεν.
618 1494 705 1539 εἶτα
721 1495 900 1553 Ἀργεῖος
918 1501 1016 1546 παΐς
1040 1499 1240 1551 Τυριμμᾶ
1259 1493 1330 1551 ἴτη
1351 1491 1431 1548 λδ’,
1449 1492 1558 1550 μεθ’

73 1564 122 1609 ὃν
144 1567 350 1616 Φίλιππος
373 1565 465 1616 υἱὸς
478 1565 658 1624 Ἀργείου
680 1564 749 1622 ἔτη
772 1562 844 1610 λε’.
884 1563 990 1624 πρὸς
1011 1562 1073 1616 οἷς
1091 1564 1283 1616 Ἀλκέτας
1304 1562 1326 1608 ὃ
1350 1566 1558 1607 Φιλίππου

164 1663 200 1701 4.
226 1662 489 1710 συνεστήσατο]
516 1661 764 1710 κατεστήσατο
784 1663 833 1698 G.
947 1664 981 1698 6.
1004 1659 1166 1709 τημένου
1182 1663 1226 1698 Β.
1250 1659 1403 1706 τιμένου
1423 1662 1465 1696 Α.
1495 1663 1561 1696 Τι-

162 1710 301 1757 μένους
324 1712 371 1746 G.
489 1713 523 1748 8.
555 1707 677 1753 οὕτως
698 1711 739 1745 Β.
772 1709 886 1754 Vulgo
908 1703 1031 1751 οὗτος.
1158 1709 1220 1745 καὶ
1244 1709 1379 1745 addidit
1399 1708 1559 1754 Scaliger

165 1771 201 1805 p.
221 1760 278 1794 57.
384 1760 419 1794 9.
446 1759 652 1800 Φείδωνος]
679 1758 792 1802 Vulgo
817 1758 993 1798 Φίλωνος.
1113 1758 1168 1792 10.
1187 1754 1474 1802 Ἀριστοδαμίὸα
1489 1756 1561 1790 τοῦ

163 1804 338 1850 Scaliger.
362 1801 715 1851 ἄριστοδαμηδάτου
743 1806 786 1838 Β.
811 1800 1159 1849 Αριστοδαμιδὰδου
1185 1804 1231 1840 G.
1322 1802 1494 1847 μέρωπος
1514 1802 1558 1837 Β.

237 1852 410 1897 Κισσίου]
436 1854 544 1888 κισοῦ
564 1854 607 1889 Β.
734 1849 896 1896 τημένου
914 1852 957 1886 Β.
989 1849 1150 1895 Τιμένου
1175 1850 1210 1884 G
1234 1849 1292 1885 hic
1313 1856 1349 1885 et
1364 1849 1468 1884 infra.

167 1900 225 1936 13.
250 1900 463 1937 Κλεοδαίου
480 1898 650 1944 Scaliger.
673 1898 847 1934 κλεοδέου
862 1898 903 1933 Β.
929 1898 1110 1934 Κλεοδίου
1129 1898 1176 1933 G.
1272 1897 1327 1932 14.
1351 1893 1560 1942 Δεβάλλου]

167 1945 351 1992 δαιβάλου
373 1947 417 1980 Β.
514 1948 570 1983 16.
593 1944 721 1988 κοινὸς
737 1946 810 1982 ΑΒ.
913 1944 1000 1980 Post
1019 1940 1039 1981 ὁ
1061 1943 1144 1986 ὐἱὸς
1172 1942 1368 1978 addebatur
1387 1941 1562 1988 Κάρανος

167 1991 231 2039 ἔτη
242 1990 284 2035 λ’,
297 2005 386 2039 quae
397 1993 528 2028 delevit
544 1992 716 2038 Scaliger.
813 1991 868 2027 18.
888 1991 975 2026 Post
985 1989 1143 2039 ηὔξησεν
1154 2001 1186 2025 m
1201 1990 1300 2025 addit
1309 1988 1391 2026 εἶτα
1402 1991 1561 2035 Περδίκ-

165 2053 235 2082 κας
247 2038 310 2087 ἔτη
326 2039 403 2086 μη’,
417 2044 452 2075 et
464 2039 557 2075 delet
569 2041 762 2086 proximum
777 2039 963 2085 Τυριμμᾶ.
1056 2040 1114 2075 19.
1131 2033 1284 2080 ἇλκετοὶς
1294 2038 1336 2072 Α.
1355 2034 1508 2078 ἆλκετοῖς
1517 2036 1558 2070 Β.

75 2119 179 2156 donia
203 2120 417 2167 provinciam
443 2119 666 2167 expeditione
692 2123 875 2166 suscepta,
909 2119 1113 2155 Orestarum
1138 2118 1189 2154 ita
1213 2118 1380 2153 dictorum
1408 2115 1560 2164 principi

75 2167 210 2203 cuidam
231 2168 306 2202 loco
328 2167 386 2202 illo
407 2178 484 2202 cum
506 2166 628 2202 vicinis
652 2166 742 2201 bello
764 2167 959 2201 decertanti
985 2178 1124 2212 operam
1150 2165 1243 2200 locat
1270 2170 1306 2199 et
1336 2165 1562 2199 auxiliaribus

75 2214 179 2249 armis
199 2215 262 2249 sub
281 2225 323 2249 eo
342 2218 514 2256 meretur3
539 2213 734 2259 acquisitae
753 2213 878 2248 deinde
902 2212 1056 2258 regionis
1082 2216 1215 2258 partem
1236 2211 1382 2247 mediam
1411 2211 1479 2246 sibi
1505 2210 1560 2244 vi-

75 2266 153 2296 ctor
179 2261 335 2296 vindicat
353 2265 388 2295 et
408 2261 540 2295 oraculi
560 2260 691 2294 monitu
713 2259 856 2295 civitate
875 2263 1234 2305 constructa‘regnum
1251 2258 1442 2300 instaurat,
1468 2256 1561 2303 quod

75 2307 198 2342 ordine
225 2308 389 2354 deinceps
416 2307 549 2354 posteri
578 2310 776 2341 tenuerunt.
824 2307 982 2341 Caranus
1006 2306 1074 2341 iste
1100 2307 1143 2341 ab
1172 2304 1325 2340 Hercule
1351 2305 1560 2344 undecimus,

76 2365 99 2388 a
128 2355 274 2389 Timene
312 2366 395 2389 vero
430 2357 466 2390 et
499 2353 697 2388 Heraclidis
731 2354 770 2388 iu
794 2353 1069 2400 Peloponnesum
1096 2352 1174 2388 olim
1208 2352 1475 2398 irrumpentibus
1506 2361 1563 2383 se-

75 2401 206 2447 ptimus
239 2405 450 2438 numeratur.
513 2401 668 2436 Generis
708 2400 783 2435 eius
822 2401 968 2442 seriem,
1007 2404 1100 2435 teste
1135 2398 1314 2440 Diodoro,
1355 2397 1560 2443 scriptorum

77 2447 259 2494 plerique,
285 2459 426 2494 quorum
451 2458 539 2482 unus
566 2453 621 2481 est
640 2447 908 2493 Theopompus,
931 2447 984 2481 ita
1008 2446 1219 2482 describunt.
1266 2445 1443 2486 Caranus,
1471 2443 1561 2476 Phi-

78 2494 178 2529 donis
202 2496 333 2536 frater,
356 2494 449 2528 filius
478 2494 776 2535 Aristodamidae,
808 2494 870 2528 filii
898 2493 1073 2540 Meropis,
1104 2492 1168 2528 filii
1185 2491 1367 2533 Theostii,
1391 2490 1454 2524 filii
1481 2489 1561 2522 cis-

77 2539 142 2583 sii,
173 2541 236 2575 filii
265 2540 441 2583 Timenis‚
475 2540 540 2575 filii
566 2540 815 2583 Aristomachi,
838 2540 903 2575 filii
930 2539 1126 2581 Cleodatis,
1147 2539 1211 2573 filii
1240 2537 1357 2583 Hylli,
1381 2536 1445 2570 filii
1470 2535 1560 2568 Her-

78 2588 176 2622 culis.
224 2587 355 2630 Aliter,
379 2587 494 2632 inquit
510 2587 655 2629 iterum,
678 2587 816 2632 generis
843 2587 1043 2622 laterculum
1069 2586 1257 2632 disponunt
1282 2584 1363 2625 alii,
1388 2583 1557 2616 Caranum

77 2634 243 2669 Poeantis
268 2634 374 2668 filium
402 2638 600 2668 asserentes
627 2644 670 2668 ex
696 2634 828 2669 Croeso
854 2634 947 2676 nati,
984 2634 1080 2668 cuius
1105 2637 1206 2679 pater
1233 2630 1419 2669 cumdius,
1455 2627 1557 2660 0¹0⁰·

79 2680 129 2714 dii
155 2681 400 2727 Eurybiadas,
441 2686 511 2714 tum
546 2679 646 2714 huius
675 2680 861 2724 Deballus‚
897 2680 999 2715 huius
1037 2681 1162 2715 iterum
1189 2677 1365 2713 Lacharus
1401 2685 1443 2708 ac
1479 2676 1558 2727 tan-—

79 2726 157 2761 dem
184 2727 369 2770 Timeoes,
411 2727 472 2773 qui
498 2737 576 2761 cum
605 2726 684 2762 aliis
708 2727 745 2762 in
771 2728 1043 2773 Peloponnesum
1072 2724 1261 2762 descendit.
1310 2722 1463 2755 Caranus
1488 2722 1558 2769 iste

79 2773 178 2808 annis
202 2774 349 2819 triginta
382 2785 525 2819 regnum
550 2773 685 2815 tenuit3
710 2786 809 2820 quem
833 2775 971 2809 Coenus
996 2774 1089 2809 filius
1112 2771 1210 2807 annis
1238 2767 1361 2813 viginti
1386 2769 1464 2800 octo
1490 2774 1558 2798 ex-

79 2819 194 2865 cepit3
217 2825 298 2866 P⁰St
321 2822 411 2855 hunc
430 2820 591 2866 Tyrimas
608 2820 706 2855 annis
730 2820 776 2858 45
803 2821 969 2868 reliquam
1000 2817 1238 2856 Macedoniam
1263 2812 1406 2860 imperio
1435 2810 1558 2864 adiun-

81 2865 135 2900 xit
153 2871 189 2901 et
212 2878 350 2912 quaqua
367 2878 489 2901 versus
508 2866 614 2901 auxit.
661 2866 796 2903 Deinde
811 2868 998 2903 Perdiccas
1015 2866 1113 2902 annis
1133 2863 1199 2904 48,
1222 2866 1296 2896 tum
1313 2862 1448 2904 Argeus
1467 2857 1559 2891 filius

78 2913 178 2948 aunis
198 2913 246 2950 34
264 2913 433 2949 successit
451 2913 635 2961 Philippus
656 2915 772 2961 Argeo
790 2919 894 2951 natus
921 2913 1022 2950 annis
1041 2913 1108 2954 35,
1138 2911 1294 2954 Aeropus
1311 2906 1478 2942 suffectus
1504 2907 1560 2938 est
