1800 3236
551 193 1075 242 CHRONOGRAPHIA.
1273 206 1275 209 ’
1320 221 1321 224 =
1462 185 1564 238 529

70 304 290 367 πᾶμφιλον
305 306 528 367 περίβολον
547 311 631 352 τοῦ·
645 307 757 366 ἱεροῦ
770 301 991 365 παρεκάλει
1012 306 1218 364 δεηθῆναι
1236 305 1334 359 τοὺς
1346 305 1566 366 Ἑβραίους

69 377 175 438 ὑπὲρ
200 378 346 425 αὐτοῦ.
381 378 662 435 θεραπευθεὶς
692 378 738 421 δὲ
760 384 853 428 ταῖς
866 376 1024 422 Ὀνείου
1044 380 1180 428 λιταῖς
1196 371 1269 435 ἧκε
1291 377 1396 436 πρὸς
1413 379 1564 423 Σέλευ-

69 466 144 493 κον
171 449 309 504 κενὸς,
345 447 551 506 ἀγγέλλων
578 448 633 492 τὰ
665 444 886 503 συμβάντα
912 446 1027 507 αὐτῷ
1041 459 1054 472 ·
1089 449 1158 491 καὶ
1179 447 1223 491 ἓν
1243 446 1410 500 τούτοις
1434 446 1456 493 ὅ
1479 449 1599 494 §eac

69 522 218 570 λευκος
242 521 439 579 τελευτᾷ,
480 516 536 569 ὥς
564 518 606 561 ἓν
634 521 687 576 τῇ
707 515 745 561 δ’
772 521 857 561 τῶν
880 519 1203 573 Μακκαβαῖκῶν
1220 519 1358 579 βίβλῳ
1378 519 1559 578 φέρεται.

40 591 117 636 5ἕν
148 590 196 633 δὲ
219 593 274 648 τῇ
291 586 336 644 β’
355 593 440 633 τῶν
456 587 597 632 αὐτῶν
617 591 939 642 Μακκαβαΐκῶν
958 588 1096 647 βίβλῳ
1120 587 1257 640 ἄλλως
1278 606 1367 640 πως
1386 589 1564 648 ἱστορεῖ-

67 676 139 703 ται
168 658 223 703 τὰ
250 657 358 702 κατὰ
382 658 458 703 τὸν
500 657 617 717 παρὰ
647 654 850 702 Σελεύκου
881 657 1086 701 σταλέντα
1122 657 1229 716 πρὸς
1257 656 1447 717 ἁρπαγὴν
1477 665 1563 704 τῶν

63 726 296 787 χρημάτων
319 726 579 787 Ἡλιόδωρον
602 727 676 772 τὸν
704 728 769 771 ε’πὶ
786 731 871 771 τῶν
886 725 1141 786 χρημάτων,
1178 726 1235 780 ὥς
1255 730 1323 772 καὶ
1344 729 1472 781 αὐτὸς
1485 731 1562 786 μὲν

65 801 216 855 βιαίως
239 797 436 857 ἁρπάζων
467 798 628 856 ἀνῆλθε
656 797 733 849 τὰς
745 801 891 856 χηρῶν
921 815 966 841 τε
995 799 1064 841 καὶ
1094 797 1292 856 ὀρφανῶν
1314 817 1563 859 παρακατα-

65 867 207 926 θῆκας
233 870 277 913 ἐν
293 873 356 929 τῷ
376 869 472 928 ἱερῷ
492 868 808 928 γαζοφυλακίῳ,
844 864 1063 911 ταλάντων
1085 867 1216 919 οὔσας
1232 871 1409 927 χρυσίου
1431 868 1471 915 σ’
1490 873 1560 914 καὶ

9 947 57 984 10
68 939 268 998 ἀργυρίου
293 936 335 982 υ’
368 937 532 995 μόνων,
571 939 615 982 ἕν
649 935 712 988 οἷς
749 938 824 981 καί
848 954 942 981 τινα
971 932 1025 994 ἦν
1053 941 1138 981 τῶν
1168 938 1308 983 αὐτῶν
1329 938 1562 997 χρημάτων

59 1007 270 1068 ’Υρκανοῦ
301 1013 378 1052 τοῦ
408 1010 580 1063 Τωβίου
606 1006 760 1066 ἀνδρὸς
781 1004 985 1064 ἐπισήμου
995 1039 1010 1061 ,
1050 1004 1108 1058 ὥς
1126 1007 1288 1060 Ὀνείας
1309 1007 1332 1053 ὅ
1349 1010 1460 1068 ἱερὸς
1482 1011 1561 1069 ἅρ-

59 1078 219 1136 χιερεῦς
245 1078 451 1132 ἀπέδειξε,
487 1079 555 1121 καὶ
586 1077 663 1134 οὐχ
690 1075 748 1128 ὥς
777 1078 922 1133 Σίμων
966 1075 989 1121 ὅ
1018 1075 1260 1136 κατάρατος
1290 1078 1556 1135 διεψεύσατο.

59 1153 214 1209 τοῦτον
251 1143 327 1194 οὖν
353 1146 632 1206 Ἡλιόδωρον,
670 1148 796 1206 φησὶ,
820 1148 890 1191 καὶ
919 1146 1020 1198 τοὺς
1048 1146 1128 1191 σὺν
1157 1147 1272 1209 αὐτῷ
1294 1147 1561 1209 δορυφόρους

56 1221 188 1271 ’ἵππος
203 1236 268 1271 τις
286 1218 468 1278 φοβερὸς
486 1219 687 1277 καλλίστῃ
703 1215 812 1275 σάγῃ
832 1217 1228 1274 διακεκοσμημένος,
1266 1218 1597 1279 φοβερώτερονῐ)

5 1298 52 1337 15
63 1289 168 1346 ἔχων
197 1289 273 1334 τὸν
299 1286 526 1345 ἐπιβάτην,
567 1290 635 1331 καὶ
666 1285 797 1346 ῥύδην
824 1284 1051 1345 φερόμενος
1070 1286 1364 1344 ἕξεδειμοῖτωσε
1382 1290 1462 1342 τὰς
1482 1292 1559 1347 ε’μ-

62 1361 299 1419 προσθίους
329 1360 516 1410 ἐνσείσας
547 1356 679 1409 ὁπλὰς
709 1357 824 1418 αὐτῷ
857 1359 925 1400 καὶ
953 1361 1006 1416 τῇ
1029 1355 1189 1418 ἐνόπλῳ
1203 1362 1460 1421 χρυσαυγείᾳ
1479 1364 1557 1404 τοῦ

60 1428 275 1485 ἔπιβάτου.
314 1431 359 1474 οῗ
382 1446 427 1473 τε
459 1428 577 1472 ἄλλοι
595 1427 791 1487 φανέντες
811 1427 1020 1486 ἐκπρεπεῖς
1036 1428 1105 1470 καὶ
1132 1432 1455 1485 καταπληκτικοὶ
1478 1428 1554 1474 δύο

60 1502 219 1544 νεανίαι
239 1500 510 1555 μαστίζοντες
529 1498 656 1542 αὐτὸν
676 1497 783 1541 κατὰ
806 1495 939 1541 νώτου
969 1499 1038 1540 καὶ
1057 1497 1242 1554 στέρνων
1265 1497 1434 1556 ἀφῆκαν
1454 1498 1555 1556 ἧμι-

60 1574 178 1627 θανῆ
193 1583 204 1595 ·
239 1567 344 1628 ὖπὲρ
376 1563 426 1612 οὗ
452 1568 525 1612 τὸν
555 1567 659 1612 θεὸν
690 1567 970 1622 ἓξιλεουμένου
990 1570 1065 1610 τοῦ
1080 1566 1240 1611 Ὀνείου
1257 1568 1297 1612 οἱ
1316 1568 1436 1613 αὐτοὶ
1457 1587 1556 1613 νεα-

3 1642 145 1686 Ξονιάι
175 1639 373 1698 φανέντες
409 1643 469 1698 τῷ
493 1635 728 1697 Ἡλιοδόρῳ
762 1635 875 1680 εἶπον
906 1636 1009 1692 ἔχειν
1035 1636 1171 1697 Ὀνείᾳ
1198 1642 1259 1698 τῷ
1279 1637 1464 1698 ἀρχιερεῖ
1477 1640 1555 1696 τὴν

67 1708 215 1770 χάριν,
254 1710 316 1753 δι’
347 1703 398 1753 οὗ
429 1709 478 1753 τὸ
503 1711 575 1765 ζῆν
596 1708 698 1765 ἔχει,
736 1709 805 1751 καὶ
828 1710 930 1751 πᾶσι
952 1706 1198 1764 διαγγέλλειν
1221 1707 1270 1752 τὸ
1303 1713 1423 1754 θεῖον
1448 1707 1555 1769 κρά-

151 1811 188 1846 2.
209 1809 307 1856 ταῖς]
332 1811 416 1849 ταῖς
433 1809 506 1845 τοῦ
526 1808 574 1843 G.
691 1808 727 1844 3.
752 1804 932 1853 ἀγγέλλων
948 1806 991 1842 Β.
1016 1803 1248 1852 ἀναγγέλλων
1268 1808 1317 1845 G.
1433 1806 1469 1844 4.
1493 1820 1553 1845 τε·

151 1859 279 1906 λευτᾷ.
299 1853 350 1899 ὥς
370 1855 410 1893 ἐν
427 1858 474 1904 τῇ
490 1855 524 1902 β’
543 1855 618 1892 τῶν
636 1856 920 1902 Μακκαβαῑκῶν
931 1853 1049 1896 ἄλλως
1066 1866 1145 1895 πως
1153 1854 1200 1889 G.
1293 1854 1326 1890 5.
1348 1852 1399 1904 β’]
1418 1855 1506 1903 Cap.
1516 1857 1552 1893 3.

223 1906 258 1942 7.
281 1902 363 1950 τὸν]
387 1905 463 1939 τῶν
480 1904 523 1938 Β.
637 1905 692 1939 10.
720 1904 796 1938 τῶν
814 1899 941 1938 αὐτῶν
957 1902 998 1936 Β.
1026 1899 1155 1938 αὐτῶν
1171 1901 1249 1936 τῶν
1279 1901 1319 1936 Α.
1343 1903 1453 1938 solum
1480 1901 1553 1940 αὖ·

152 1952 229 1988 τῶν
247 1952 295 1988 G.
319 1951 447 1988 αὐτῶν
465 1949 656 1986 delendum.
751 1953 808 1988 11.
833 1951 964 1997 τοβίου
988 1949 1030 1983 Β.
1126 1950 1182 1984 12.
1208 1945 1278 1994 οὐχ
1296 1945 1362 1995 οἷς]
1388 1947 1459 1995 οὐχ
1477 1949 1551 1987 ὁΑ.

222 2000 278 2036 15.
303 1997 576 2046 ἐμπροσθίους]
594 1995 869 2041 ἐμπροσθείους
886 1997 929 2031 Β.
955 1994 1246 2042 ἐμπροσθῆρους
1265 1996 1315 2031 G.
1408 1998 1465 2036 17.
1492 1996 1551 2035 εὖ·

150 2049 308 2093 πρεπεῖς
330 2047 380 2082 G.
487 2048 543 2084 18.
569 2044 694 2082 νώτου
715 2045 760 2080 Β.
783 2042 915 2081 νώτων
935 2045 982 2079 G.
1095 2041 1246 2091 οἱφῆκον
1268 2043 1317 2078 G.

53 2126 134 2163 nius
151 2126 359 2163 semianimis
374 2127 410 2163 in
431 2139 547 2162 carum
564 2126 684 2172 templi
714 2131 850 2172 septum
876 2123 1041 2161 decidens
1054 2150 1065 2168 ‚
1088 2124 1237 2160 Iudaeos
1266 2123 1311 2159 ad
1330 2135 1455 2170 preces
1484 2135 1550 2171 pro

55 2187 94 2210 se
111 2174 307 2209 offerendas
323 2175 544 2210 sollicitabat.
592 2174 685 2208 Hinc
699 2174 813 2209 Oniae
827 2172 920 2208 votis
934 2177 1110 2215 servatus,
1134 2184 1223 2217 quae
1241 2171 1306 2206 sibi
1323 2171 1546 2216 contigerant

55 2222 171 2268 palam
191 2221 297 2257 factis
316 2222 360 2256 ad
381 2222 564 2257 Seleucum
585 2232 748 2255 reversus
768 2225 844 2262 est3
869 2224 906 2254 et
920 2219 1014 2254 inter
1031 2219 1116 2254 haec
1135 2219 1303 2254 Seleucus
1322 2218 1414 2253 vivis
1439 2218 1549 2264 eripi-

54 2273 124 2304 tur.
171 2269 282 2304 Porro
301 2281 357 2304 res
376 2270 420 2304 ab
438 2268 627 2303 Heliodoro
644 2267 735 2313 regii
749 2267 877 2302 aerarii
893 2266 1093 2312 praeposito
1110 2270 1245 2310 gestae,
1270 2276 1346 2300 cum
1361 2277 1381 2300 a
1400 2265 1547 2300 Seleuco

54 2317 242 2350 thesauros
259 2321 426 2362 rapturus
443 2315 512 2350 fuit
527 2314 663 2356 missus,
685 2314 819 2349 ratione
837 2313 992 2348 nonnihil
1008 2312 1149 2347 diversa
1161 2312 1250 2347 libro
1263 2312 1547 2347 Maccahaeorum

55 2362 208 2398 secundo
229 2368 426 2398 narrantur.
472 2363 523 2397 Ut
544 2361 702 2396 nimirum
723 2361 903 2396 viduarum
925 2364 961 2394 et
980 2360 1207 2406 orphanorum
1227 2359 1391 2404 deposita
1409 2371 1429 2394 e
1445 2369 1546 2393 sacro

55 2409 306 2456 gazophylacio
325 2413 568 2455 asportaturus
594 2409 815 2443 adscenderit
839 2408 874 2442 in
890 2407 1072 2453 templum3
1095 2417 1240 2453 quorum
1257 2411 1373 2441 tamen
1397 2405 1546 2451 pretium

55 2456 133 2491 auri
153 2456 287 2490 talenta
307 2458 378 2492 200
401 2461 438 2491 et
463 2455 600 2501 argenti
619 2454 690 2491 400
717 2467 784 2490 non
817 2454 1022 2495 excederet,
1053 2454 1090 2487 in
1121 2453 1249 2498 quibus
1274 2453 1418 2498 insuper
1445 2455 1546 2487 erant

54 2503 230 2545 nonnulla,
249 2514 338 2548 quae
355 2503 398 2537 ad
418 2503 618 2549 Hyrcanum
641 2502 777 2536 Tobiae
796 2501 901 2536 filium
915 2500 1025 2535 virum
1040 2499 1198 2547 inprimis
1227 2499 1374 2534 nobilem
1391 2498 1545 2544 pertine-

56 2554 158 2592 rent,
180 2554 285 2596 prout
303 2550 414 2584 Onias
442 2562 541 2584 sacer
565 2549 722 2596 pontifex
749 2548 884 2583 sincere
911 2548 1192 2588 demonstrabat,
1215 2558 1282 2581 non
1308 2550 1348 2581 ut
1370 2543 1544 2580 mendaci-

53 2601 111 2632 ter
126 2598 361 2631 exsecrandus
377 2597 495 2631 Simon
515 2597 773 2631 enunciaverat.
821 2596 922 2631 Hunc
934 2594 1043 2641 igitur
1060 2593 1306 2634 Heliodorum,
1333 2592 1403 2634 ait,
1428 2595 1464 2625 et
1479 2590 1544 2624 ad-

54 2642 192 2678 iunctos
211 2644 380 2679 satellites
407 2655 519 2689 equus
541 2644 681 2688 quidam
709 2642 876 2678 terribilis
906 2640 1134 2677 ornatissimis
1159 2639 1312 2687 phaleris
1339 2639 1542 2678 instructus,

56 2701 294 2736 sessoremque
316 2691 420 2736 longe
436 2689 547 2736 magis
564 2690 775 2724 tremendum
791 2690 906 2725 ferens
919 2714 930 2732 ‚
954 2689 1084 2735 impetu
1104 2687 1139 2722 in
1157 2699 1233 2721 eum
1251 2687 1365 2727 facto,
1391 2683 1543 2718 anterio-

54 2736 153 2772 ribus
177 2738 328 2773 vibratis
358 2738 538 2779 calcibus,
571 2748 821 2783 aureorumque
847 2736 994 2771 sessoris
1026 2745 1197 2770 armorum
1223 2733 1383 2767 radiante
1405 2730 1543 2774 fulgore

55 2783 236 2819 exterruit.
285 2785 367 2820 Una
385 2785 532 2819 iuvenes
550 2784 620 2818 duo
638 2795 750 2830 aeque
771 2784 888 2830 specie
907 2795 950 2819 ac
967 2782 1064 2818 vultu
1081 2779 1252 2816 tremendi
1269 2778 1336 2812 visi
1355 2780 1456 2818 sunt,
1482 2774 1542 2830 qui

54 2830 281 2866 Heliodorum
299 2837 401 2877 tergo
421 2837 458 2866 et
474 2835 617 2878 pectore
633 2835 708 2866 toto
726 2842 863 2866 caesum
880 2830 1080 2866 semivivum
1098 2828 1333 2872 reliquerunt;
1361 2835 1422 2868 pro
1445 2833 1544 2856 cuius

54 2878 168 2912 salute
198 2878 291 2912 Onia
319 2878 469 2914 divinum
498 2889 622 2912 numen
646 2878 910 2925 interpellante,
934 2876 1038 2912 iidem
1067 2875 1210 2911 iuvenes
1238 2871 1326 2905 facti
1355 2868 1544 2924 Heliodoro

0 2934 1 2956 1
54 2923 230 2972 conspicui
258 2924 444 2967 dixerunt3
469 2926 616 2960 haberet
633 2925 749 2962 Ouiae
775 2924 933 2973 pontifici
957 2922 1128 2970 gratiam,
1159 2918 1258 2955 cuius
1281 2922 1412 2953 mentis
1433 2921 1540 2951 vitam

152 2983 287 3031 Georg.
312 2984 500 3030 Syuccllus.
523 2983 553 3019 Ι.
1205 2967 1263 3010 34
