1800 3236
253 114 358 166 650
524 186 530 190 Ι
732 123 988 172 saonen
1014 122 1306 173 sYNcssLm
1334 160 1338 164 .

215 240 249 279 D
365 233 478 287 Τοῦς
503 237 835 295 μαθηματικοὺς
860 235 1055 298 δεύτερον
1082 235 1275 297 ἀπήλασε
1306 241 1375 285 καὶ
1402 237 1667 303 φιλοσόφους
1694 247 1769 302 τῆς

246 302 424 364 Ῥώμης.
944 326 947 327 ’

363 380 454 435 Τῆς
469 374 638 429 Ἑστίας
658 384 771 437 τρεΐς
794 376 1003 437 παρθένοι
1028 378 1169 438 ἱέρειαι
1194 378 1568 440 κατεδικάσθησαν
1589 382 1767 429 ἁλοῦσαι

251 451 418 510 φθορᾷ.
468 449 538 491 καὶ
573 443 705 500 αὖθις
727 449 948 507 Κορνηλία
973 447 1001 505 ἡ
1024 448 1171 508 πρώτη
1203 456 1290 496 τῶν
1314 456 1390 510 τῆς
1411 451 1579 507 Ἑστίας
1600 456 1767 515 παρθέ-

250 536 335 564 νων
362 518 488 576 ἱέρεια
510 519 623 571 ζῶσα
646 517 867 578 κατωρύγη
894 523 1045 581 φθορᾷ
1066 527 1361 580 περιπεσοῦσα.
1772 534 1796 571 5

358 588 450 633 Ἐπὶ
482 587 614 633 αὐτοῦ
640 587 784 642 Δάκες
815 591 886 634 καὶ
912 594 1180 649 ,Νασαμῶνες
1210 592 1521 647 ἐπαναστάντες
1546 593 1768 653 Ῥωμαίοις

251 657 561 719 διεφθάρησαν.

355 730 623 787 Δομετιανὸς
646 728 930 791 ἐθριάμβευσε
949 732 1057 777 κατὰ
1083 738 1168 778 τῶν
1189 735 1349 780 Δακῶν
1373 737 1443 780 καὶ
1464 739 1507 780 Γ
1502 740 1707 795 ερμανῶν.

353 799 404 847 Ὁ
421 801 549 853 αὐτὸς
568 803 611 846 ἐν
630 810 723 854 ταῖς
740 800 908 848 πόλεσιν
931 802 1117 860 ἄμπελον
1136 804 1397 865 φυτεύεσθαι
1415 804 1597 852 ἐκώλυσε
1604 841 1619 863 ,
1659 810 1764 852 πολ-

249 868 350 923 λούς
369 890 414 918 τε
433 877 518 917 τῶν
541 872 804 932 εὐπατριδῶν
822 874 971 920 ἀνεῖλε.
1778 888 1800 925 1

92 954 137 991 P.
160 954 234 995 344
352 943 618 1001 Δομετιανὸς
640 944 742 996 τοὺς
770 945 854 989 ἀπὸ
873 946 1017 1003 γένους
1034 947 1182 1004 Δαβὶδ
1202 947 1470 1006 ἀναιρεῖσθαι
1489 948 1761 1008 προσέταξεν,

242 1013 318 1059 ἵνα
337 1013 400 1072 μή
425 1032 489 1066 τις
504 1014 722 1060 Ἰουδαίων
742 1020 964 1072 βασιλικοῦ
987 1017 1130 1075 γε’νους
1150 1018 1406 1078 ἀπολειφθῇ.

358 1080 498 1138 Οἷντος
540 1085 649 1142 μετὰ
690 1088 870 1146 Νέρωνα
915 1086 1108 1147 δεύτερος
1148 1089 1446 1148 ΧριστιανοὺςΙ
1475 1080 1639 1145 ἐδίωξε,
1693 1092 1765 1134 καὶ

244 1153 443 1214 Ἰωάννην
475 1155 551 1200 τὸν
583 1156 787 1215 θεολόγον
817 1157 968 1202 ἄπολιν
997 1159 1040 1203 ἓν
1069 1157 1241 1220 Πάτμῳ
1272 1164 1326 1219 τῇ
1358 1158 1474 1221 νήσῳ
1505 1159 1762 1220 περιώρισεν,

249 1226 359 1271 ἔνθα
396 1228 474 1284 τὴν
517 1226 788 1284 ἀποκάλυψιν
826 1227 1008 1288 ἑώρακεν
1017 1263 1031 1285 ,
1082 1228 1192 1282 ὥςὸ
1227 1229 1344 1289 ἅγιος
1373 1229 1605 1289 Εἶρηναΐός
1641 1250 1759 1291 φησι.
1777 1243 1800 1278 1.

249 1300 398 1342 πολλοὶ
429 1299 476 1342 δὲ
511 1300 783 1357 Χριστιανῶν
825 1297 1124 1360 ἐμαρτύρησαν
1165 1301 1275 1358 κατὰ
1307 1302 1598 1359 Δομετιανὸν,
1648 1301 1705 1354 (ὃς
1739 1301 1761 1347 ὃ

248 1369 450 1428 Βρέττιος
480 1369 642 1427 ἱστορεῖ
645 1404 657 1424 ,
696 1371 740 1414 ἓν
770 1368 832 1423 οἷς
855 1373 925 1415 καὶ
957 1373 1126 1416 Φλαυιά
1146 1371 1390 1429 Δομετίλλα
1411 1373 1618 1432 ἔξαδελφὴ
1639 1371 1762 1430 Κλή-

241 1457 395 1496 μεντος
418 1442 609 1485 Φλαυίου
630 1439 862 1497 ὑπατικοῦ,
901 1440 957 1494 ὥς
978 1443 1218 1501 Χριστιανὴ
1241 1445 1298 1495 εἷς
1317 1448 1446 1502 νῆσον
1464 1445 1654 1488 Ποντίαν
1678 1462 1760 1503 φυ-

244 1508 462 1568 γαδεύεται
478 1525 489 1535 ·
526 1510 656 1563 αὐτός
683 1529 727 1556 τε
749 1511 932 1570 Κλήμης
958 1511 1063 1572 ὑπὲρ
1087 1518 1281 1570 Χριστοῦ
1311 1515 1553 1575 ἀναιρεῖται.
1603 1513 1759 1559 τούτου

202 1582 292 1625 Βδὲ
320 1579 538 1640 Στέφανός
561 1600 623 1634 τις
651 1587 736 1627 τῶν
767 1584 1062 1643 ἀπελευθέρων
1094 1583 1176 1640 εἷς,
1225 1590 1278 1644 τῇ
1309 1586 1416 1645 πρὸς
1446 1585 1520 1631 τὸν
1551 1584 1758 1644 δεσπότην
1770 1595 1800 1631 Ξι

244 1651 387 1714 εὐνοίᾳ
421 1651 649 1709 Κλήμεντά
681 1653 925 1712 ἐνεδρεύσας
954 1655 1029 1700 τὸν
1059 1657 1325 1713 Δομετιανὸν
1357 1657 1488 1702 ἀνεῖλε
1507 1691 1521 1711 ,
1558 1661 1683 1714 τιμῆς
1714 1675 1758 1702 τε

241 1723 359 1783 παρὰ
377 1727 454 1781 τῆς
474 1722 707 1782 συγκλήτου
733 1723 900 1784 ἠξιώθη
922 1725 979 1778 ὥς
1002 1727 1174 1784 αἴσχους
1191 1726 1423 1784 Ῥωμαίους
1445 1726 1704 1780 ἀπαλλάξας.

336 1839 373 1874 8.
397 1836 489 1882 τῶν]
516 1836 632 1883 Vulgo
650 1835 707 1875 τὸ.
849 1839 974 1877 δοκῶν
1000 1840 1044 1876 Α.
1188 1842 1243 1877 10.
1275 1840 1393 1887 Vulgo
1411 1838 1663 1887 εὖπατρίδων.

337 1885 398 1921 20.
422 1884 518 1927 πρὸς
535 1884 600 1922 τὸν
621 1883 808 1935 δεσπότην
825 1900 870 1924 m.
895 1889 942 1937 τῇ
958 1887 1045 1937 περὶ
1069 1887 1142 1925 τοῦ
1161 1886 1361 1926 δεσπότου.
1483 1891 1543 1926 21.
1570 1887 1757 1937 κλήμεντα

337 1933 415 1968 Am.
439 1931 634 1981 Κλήμηντι
654 1935 704 1971 G.

337 2026 608 2065 Mathematicus
625 2028 854 2076 philosophos
873 2030 961 2065 urbe
982 2030 1160 2067 facessere
1179 2030 1330 2066 secundo
1350 2030 1467 2066 iussit.
1664 2063 1667 2065 ,

339 2074 505 2122 Virgines
520 2081 594 2112 tres
614 2077 745 2112 Vestae
765 2078 980 2119 sacerdotes,
1000 2079 1096 2124 quod
1116 2083 1233 2113 essent
1253 2083 1442 2121 scortatae,
1469 2078 1753 2113 condemnantur.

246 2120 466 2169 Rursumque
493 2124 656 2159 Cornelia
683 2125 846 2160 sacerdos
874 2125 1051 2172 virginum
1078 2126 1270 2161 Vestalium
1298 2126 1509 2174 praecipua,
1535 2130 1659 2172 stupro
1688 2126 1753 2160 ad·-

244 2168 348 2204 misso
360 2197 370 2212 ‚
395 2171 479 2206 viva
496 2171 531 2206 in
548 2177 677 2207 terram
701 2172 891 2209 defoditur.

339 2217 414 2252 Sub
435 2230 476 2252 eo
492 2218 581 2254 Daci
601 2224 637 2254 et
657 2220 876 2255 Nasamones
896 2221 988 2256 bello
1006 2221 1255 2256 tumultuantes
1273 2219 1519 2268 profligantur.

337 2263 393 2299 De
409 2263 516 2300 Dacis
533 2269 571 2301 et
590 2267 774 2302 Germanis
794 2267 1013 2303 Domitianus
1037 2269 1241 2315 triumphat.

275 2318 280 2323 “
308 2310 435 2392 tIldem
463 2311 501 2347 in
524 2313 667 2350 urbibus
693 2315 801 2351 vitem
825 2315 979 2362 plantari
1003 2316 1138 2357 vetuit;
1163 2313 1404 2362 patriciosque
1429 2314 1613 2350 nonnullos
1637 2327 1659 2350 e
1675 2314 1753 2351 vita

245 2369 306 2393 sus
323 2371 345 2393 u
359 2357 400 2393 it.

339 2404 570 2451 Domitianus,
593 2420 637 2443 ne
652 2408 732 2455 quis
749 2408 954 2445 Iudaeorum
971 2409 1064 2456 regii
1080 2409 1221 2456 generis
1239 2412 1453 2457 superesset,
1477 2411 1622 2444 cunctos
1639 2407 1751 2454 stirpe

243 2450 361 2487 David
377 2456 473 2489 ortos
489 2454 639 2491 interimi
657 2456 772 2492 iussit.

336 2500 407 2536 Hic
425 2507 506 2547 post
514 2503 692 2538 Neronem
708 2502 984 2549 persecutionem
1001 2503 1037 2539 in
1050 2503 1271 2540 Christianos
1288 2504 1397 2540 movit
1414 2504 1611 2540 secundam.
1644 2503 1749 2538 Ioan-

241 2558 320 2584 nem
337 2548 537 2596 theologum
556 2551 643 2585 urbe
667 2551 799 2598 pulsum
825 2551 862 2585 in
879 2551 1021 2587 Patmos
1042 2551 1210 2595 insulam,
1236 2552 1317 2595 ubi,
1343 2552 1488 2588 Irenaeo
1516 2555 1632 2593 teste,
1655 2550 1750 2585 divi-

240 2606 319 2630 nam
341 2596 479 2641 accepit
493 2597 761 2642 revelationem,
786 2598 975 2645 ablegavit.
1024 2599 1221 2635 Christiani
1249 2599 1406 2646 plurimi,
1430 2603 1470 2635 ut
1485 2598 1643 2633 Brettius
1660 2598 1751 2648 seri-

240 2641 314 2685 bit,
340 2643 406 2678 sub
424 2643 623 2680 Domitiano
641 2645 846 2692 martyrium
865 2646 960 2692 passi
981 2651 1081 2691 sunt3
1105 2647 1197 2683 inter
1215 2659 1303 2694 quos
1323 2647 1449 2682 Flavia
1463 2645 1644 2681 Domitilla
1665 2646 1749 2680 Fla-

239 2688 290 2724 vii
312 2689 502 2726 Clementis
524 2692 595 2728 viri
613 2693 803 2729 consularis
832 2694 1062 2736 consobrina,
1087 2695 1313 2730 Christianae
1329 2693 1414 2729 fidei
1436 2692 1574 2729 nomine
1598 2694 1636 2728 in
1653 2693 1747 2727 Pon-

238 2736 325 2772 tiam
340 2737 509 2784 insulam,
538 2740 636 2776 exsul
653 2741 879 2786 deportatur3
912 2741 1071 2777 Clemens
1097 2742 1175 2788 ipse
1204 2754 1267 2789 pro
1294 2741 1438 2777 Christo
1468 2739 1575 2776 vitam
1603 2740 1746 2776 amittit.

239 2784 359 2819 Huius
380 2785 582 2822 libertorum
599 2788 769 2834 quispiam
789 2788 989 2834 Stephanus
1005 2789 1162 2832 nomine,
1187 2802 1231 2825 ex
1250 2801 1313 2824 suo
1331 2788 1367 2823 in
1386 2788 1598 2823 Clementem
1615 2788 1746 2822 affectu

238 2831 376 2877 paratis
395 2833 534 2869 insidiis
548 2835 780 2871 Domitianum
796 2836 998 2879 interfecit3
1023 2837 1127 2883 isque
1145 2837 1238 2881 idem
1262 2835 1356 2883 quod
1375 2835 1544 2871 eiusmodi
1563 2835 1744 2884 opprobrii

238 2878 412 2918 foeditate
431 2881 605 2919 Romanos
619 2883 824 2928 liberasset,
847 2884 996 2920 honores
1016 2896 1038 2920 a
1060 2887 1184 2922 senatu
1204 2885 1368 2921 decretos
1386 2882 1536 2931 accepit.
