1800 3236
551 173 1078 222 CHRONOGRAPHIA.
1446 178 1451 181 '
1468 169 1571 220 513

551 291 834 339 Μακεδόνων
861 292 1071 350 βασιλεῖς.

109 374 375 424 Μακεδόνων
413 381 581 433 πρῶτος
607 379 846 434 ἐβασίλευσε
874 378 981 435 μετὰ
999 363 1272 437 Ἀλέξανδρον
1305 378 1515 427 Φιλίππου
1547 375 1571 427 ὅ

207 446 419 506 Ἀριδαῖος
441 447 512 505 ἔτη
533 446 580 502 ζ’.
618 454 694 493 τοῦ
718 450 764 492 δὲ
785 446 944 505 κόσμου
967 443 1019 506 ἦν
1037 448 1129 501 ἔτος
1148 446 1288 510 ,εροαῖ

178 518 458 575 Πολυπέρχης
479 518 570 570 υἱὸς
585 517 859 576 Ἀντιπάτρου
878 518 1009 564 ἀνεῖλε
1032 519 1105 563 τὸν
1116 518 1340 576 Ἀριδαῖον.
1589 518 1631 555 1’·
1653 518 1725 556 270

43 592 69 628 5
109 585 376 632 Μακεδόνων
405 585 450 644 β’
481 589 720 644 ἐβασίλευσε
752 587 1008 649 Κάσανδρος
1032 588 1102 647 ἔτη
1125 587 1202 634 23‘.
1239 592 1316 634 τοῦ
1337 588 1384 633 δὲ
1407 586 1568 647 κόσμου

208 652 262 714 ἦν
288 657 381 709 ἔτος
398 657 536 719 “9⁰⁷1'-

107 725 373 772 Μακεδόνων
414 726 451 786 γ’
493 730 768 785 ἐβασίλευσαν
798 731 944 781 παῖδες
971 726 1229 788 Κασάνδρου
1263 730 1471 781 Φίλιππος
1499 731 1570 774 καὶ

205 797 478 857 Ἀλέξανδρος
507 801 575 843 καὶ
592 799 861 859 Ἀντίπατρος
881 799 951 857 ἔτη
971 798 1022 858 γ’.
1059 804 1136 844 τοῦ
1159 801 1206 844 δὲ
1224 797 1382 860 κόσμου
1405 795 1457 857 ἦν
1476 799 1571 853 ἔτος

212 866 344 929 Ιερϋζ.

15 944 62 980 10
106 936 373 983 Μακεδόνων
391 935 431 982 δ’
447 939 690 995 ’ἐβασίλευσε
708 935 958 996 Δημήτριος
985 936 1257 996 ὅἈντιγόνου
1277 939 1572 999 Πολιορκητῆς

212 1006 235 1072 ὅ
258 1011 327 1052 καὶ
345 1013 421 1065 τῆς
431 1009 574 1060 Ἀσίας
593 1009 664 1066 ἔτη
683 1007 732 1061 ς’.
771 1013 846 1052 τοῦ
867 1010 912 1052 δὲ
931 1007 1091 1065 κόσμου
1113 1005 1164 1066 ἦν
1185 1009 1276 1061 ἔτος
1297 1007 1385 1071 1⁸⁰³·

105 1076 370 1123 Μακεδόνων
397 1076 430 1122 ε’
454 1080 694 1133 ἐβασίλευσε
717 1077 892 1137 Πύρρος
913 1084 1051 1137 μῆνας
1072 1077 1118 1132 ζ.

103 1147 369 1201 Μακεδόνων
390 1146 425 1201 ς’
445 1150 686 1204 ἐβασίλευσε
714 1150 973 1207 Λυσίμαχος
991 1149 1062 1207 ἴτη
1083 1146 1135 1208 γ’.
1174 1153 1252 1194 τοῦ
1270 1149 1316 1193 δὲ
1333 1145 1494 1207 κόσμου
1512 1143 1604 1208 ἦνΒ

209 1217 303 1271 ἴτος
325 1217 436 1280 ἐσς’.

14 1295 60 1332 15
103 1287 369 1334 Μακεδόνων
391 1288 425 1343 ζ’
445 1290 686 1346 ἐβασίλευσε
704 1292 973 1345 Πτολεμαῖος
995 1287 1017 1334 ὃ
1035 1286 1191 1348 Λάγου
1213 1287 1306 1342 ἴτυς
1327 1289 1382 1335 ἓν.
1418 1293 1496 1333 τοῦ
1521 1290 1568 1336 δὲ

205 1357 366 1416 κόσμου
384 1355 436 1416 ἦν
459 1359 552 1410 ἕτος
569 1357 671 1420 ,εσι’.

101 1428 369 1474 Μακεδόνων
381 1428 422 1486 η’
435 1432 676 1485 ἐβασίλευσε
695 1432 961 1484 Πτολεμαῖος
979 1429 1228 1488 Μελέαγρος
1243 1425 1425 1486 ἀδελφὸς
1443 1431 1566 1472 Πτο-

205 1502 378 1556 λεμαίου
399 1504 475 1543 τοῦ
494 1498 649 1557 Λάγου
670 1504 808 1555 μῆνας
831 1497 922 1544 δύο.

175 1569 267 1626 Τὴν
298 1571 572 1620 Μακεδονίας
600 1569 732 1627 ἀρχὴν
754 1569 1001 1626 Μελέαγρος
1017 1564 1337 1626 παραλαμβάνει
1360 1565 1467 1622 μετὰ
1487 1566 1566 1624 τὴν

10 1637 283 1698 2Οᾶναίρεσιν
310 1641 583 1695 Πτολεμαίου
602 1644 678 1683 τοῦ
699 1637 854 1696 Λάγου
877 1639 1063 1697 ἀδελφοῦ
1081 1638 1211 1681 αὐτοῦ
1221 1671 1235 1692 ,
1277 1635 1323 1680 ὃν
1344 1637 1475 1688 εὖθύς
1497 1638 1567 1681 ἕκ-

67 1709 272 1765 βάλλουσι
290 1709 538 1761 Μακεδόνες
552 1709 660 1765 μετὰ
685 1714 821 1766 μῆνας
841 1707 942 1764 δύο,
984 1706 1041 1759 ὥς
1061 1706 1226 1760 ἀνάξιον
1248 1707 1456 1766 φανέντα,
1496 1708 1567 1751 καὶ

69 1780 167 1825 ἄντ’
204 1780 334 1825 αὐτοῦ
362 1778 657 1837 βασιλεύουσιν
681 1779 977 1838 Ἀντίπατρον,
1016 1778 1267 1837 ἀδελφιδοῦν
1294 1778 1371 1834 μὲν
1387 1775 1566 1822 Κασάν-

161 1894 182 1929 1
208 1903 275 1928 om.
297 1892 340 1928 A.
469 1890 504 1928 4.
529 1890 789 1938 Πολυπέρχης]
820 1888 1084 1936 Πολυσπέρχης
1110 1901 1155 1925 ιιι.
1187 1886 1433 1935 Πολυπέρχης
1458 1888 1564 1924 etiam

159 1939 253 1974 infra
286 1939 417 1974 dicitur
441 1950 477 1986 p.
505 1939 577 1975 274
597 1940 631 1975 d.
688 1941 782 1974 Vera
809 1940 957 1974 nominis
987 1939 1164 1984 scriptura
1191 1936 1468 1982 Πολυσπέρχων
1497 1941 1562 1971 est.

233 1988 290 2024 12.
314 1988 385 2024 τοῦ
405 1984 447 2023 δὲ
470 1985 613 2032 κόσμου
641 1984 726 2035 ,εσς’
750 1986 832 2024 add.
854 1998 900 2026 m.
1011 1984 1070 2024 14.
1092 1981 1173 2036 ,εσξ
1196 1996 1241 2021 ιιι.
1363 1985 1420 2022 19.
1443 1995 1561 2030 μακε-

159 2033 294 2078 δονίας
311 2035 355 2072 Α.
379 2033 618 2072 Μακεδόνων
642 2035 691 2071 G.

609 2131 874 2174 Macedonum
904 2144 1030 2183 reges.

112 2196 339 2235 Macedonum
358 2210 423 2235 rex
442 2199 574 2247 primus
589 2203 670 2247 post
687 2199 918 2235 Alexandrum
942 2196 1098 2246 Philippi
1119 2195 1188 2233 fuit
1205 2194 1376 2232 Aridaeus
1399 2194 1498 2232 annis
1522 2195 1563 2238 7,

182 2246 299 2281 mundi
319 2259 403 2282 vero
418 2249 526 2284 5171.

157 2291 413 2340 Polysperches
434 2294 611 2340 Antipatri
628 2293 722 2329 filius
743 2293 928 2329 Aridaeum
945 2291 1135 2327 interfecit.

111 2337 340 2375 Macedonum
364 2353 426 2376 rex
449 2344 474 2378 2
498 2342 697 2377 Cassander
717 2342 816 2376 annis
833 2341 899 2383 19,
923 2339 1038 2374 mundi
1059 2350 1144 2373 vero
1162 2337 1268 2374 5178.

111 2384 362 2423 Macedonibus
378 2389 453 2424 loco
465 2389 572 2424 tertio
592 2401 695 2435 reges
712 2390 854 2423 fuerunt
871 2385 1060 2422 Cassandri
1077 2386 1144 2420 filii
1160 2389 1234 2430 tres
1245 2383 1450 2431 Philippus,
1473 2382 1559 2419 Ale-

181 2434 315 2469 xander
328 2440 366 2469 et
379 2435 567 2482 Antipater
577 2461 588 2478 ‚
613 2435 711 2470 annis
726 2438 750 2472 3
761 2461 771 2478 ,
794 2434 914 2470 mundi
934 2445 1019 2469 vero
1033 2434 1136 2470 5197.

107 2478 337 2516 Macedonum
363 2493 424 2517 rex
448 2482 471 2518 4
494 2483 708 2524 Demetrius,
727 2480 892 2528 Antigoni
914 2480 1026 2524 filius,
1047 2478 1259 2515 Poliorcetes
1280 2477 1421 2521 dictus,
1444 2475 1560 2524 quiet

181 2528 298 2562 Asiam
316 2529 451 2572 tenuit,
471 2531 570 2564 annis
590 2532 612 2565 6
625 2555 635 2571 ,
659 2529 774 2564 mundi
790 2540 875 2564 vero
895 2529 1001 2564 5200.
1045 2538 1058 2546 “

109 2572 341 2610 Macedonum
364 2587 427 2610 rex
450 2577 473 2612 5
497 2577 655 2622 Pyrrhus
673 2576 845 2611 mensibus
862 2577 908 2618 7,
932 2573 1050 2610 mundi
1068 2584 1152 2608 vero
1171 2583 1280 2607 annus
1293 2572 1400 2608 5206.

107 2619 341 2657 Macedonum
367 2634 428 2657 rex
451 2625 475 2659 6
499 2623 727 2668 Lysimachus
748 2623 847 2658 annis
864 2624 911 2664 3,
933 2620 1050 2656 mundi
1068 2631 1153 2655 vero
1171 2620 1276 2656 5207.

107 2668 337 2704 Macedonum
360 2681 423 2704 rex
447 2672 470 2706 7
494 2670 712 2704 Ptolemaeus
729 2670 821 2716 Lagi
838 2669 930 2705 filius
950 2680 1039 2703 anno
1056 2679 1145 2710 uno,
1170 2665 1286 2702 mundi
1304 2674 1387 2698 vero
1404 2661 1508 2698 5210.

108 2714 338 2796 Μαωξοιιιιιιι
361 2728 425 2752 rex
450 2718 472 2754 8
496 2716 716 2752 Ptolemaeus
742 2717 943 2763 Meleager,
973 2713 1166 2751 Ptolemaei
1183 2712 1275 2758 Lagi
1304 2711 1435 2750 frater,
1458 2717 1556 2741 men·

180 2763 211 2797 si
236 2774 276 2797 us
291 2765 326 2799 2.

152 2809 354 2845 Ptolemaeo
372 2809 462 2856 Lagi
479 2810 551 2845 filio
568 2809 660 2845 vivis
675 2810 833 2853 sublato,
856 2808 1121 2845 Macedonicum
1147 2804 1324 2852 imperium
1341 2801 1451 2836 frater
1478 2798 1555 2834 03⁰³

59 2855 241 2903 Meleager
257 2862 428 2903 occupat,
453 2868 576 2903 quem,
602 2869 667 2892 ceu
685 2869 795 2904 regno
813 2857 1011 2903 indignum,
1038 2859 1118 2902 post
1142 2862 1276 2888 menses
1303 2849 1410 2889 duos,
1435 2846 1555 2901 Mace-

58 2904 169 2944 dones
188 2903 273 2939 solio
293 2904 474 2939 confestim
500 2903 688 2949 deiiciuut,
711 2904 898 2953 Antipatro
921 2902 1078 2950 Philippi
1104 2901 1176 2936 filio
1205 2903 1243 2933 et
1268 2893 1458 2931 Cassandri
1487 2903 1555 2941 pa-

152 2962 285 3010 Georg.
309 2962 500 3009 Syncellus.
524 2962 555 3000 Ι.
1214 2960 1272 3002 33
