1800 3236
205 200 306 250 166
668 204 921 252 GEORGII
949 203 1235 252 SYNCELLI

720 307 889 361 Ἀβραὰμ,
914 309 996 355 ἔτος
1016 311 1183 359 πρῶτον.

303 384 437 445 Ὁμοῦ
467 386 562 432 ἀπὸ
582 391 659 433 τοῦ
689 391 987 443 κατακλυσμοῦ
1027 388 1093 430 ἐπὶ
1120 386 1169 430 τὸ
1201 388 1370 444 πρῶτον
1398 383 1490 438 ἔτος
1511 385 1707 446 Ἀβραὰμ

70 464 116 501 V.
138 463 183 502 71
209 455 280 515 ἴτη
311 455 434 519 7ᾼμβ’
446 491 462 514 ,
500 456 636 502 ὅπόσα
667 453 720 514 ’ἦν
753 458 825 502 καὶ
856 457 965 502 κατὰ
998 457 1076 514 τὴν
1101 459 1187 500 τῶν
1207 453 1243 500 0'
1267 454 1500 515 ἑρμηνείαν.
1537 455 1709 519 συνᾴδει

166 529 351 575 Ῑὶτοίνυν
383 533 438 589 τῇ
467 529 573 586 παρ’
608 526 731 585 ἡμῶν
762 525 990 586 ἀναγνώσει
1014 524 1041 584 ἦ
1062 526 1178 585 παρὰ
1196 528 1480 586 Σαμαρείταις
1498 529 1708 587 φερομένη

198 597 398 658 Ἐβραὶκὴ
426 597 569 657 γραφὴ
605 597 713 641 κατὰ
740 597 819 648 τὰς
852 595 1024 656 πρώτας
1043 601 1128 641 τῶν
1160 598 1265 640 ἐτῶν
1285 596 1507 650 ἀποδόσεις
1526 598 1607 653 τοὶς>
1624 598 1736 656 πρόὄ

203 674 282 727 τῆς
313 669 592 718 παιδοποιίας.
630 670 836 726 διαφωνεῖ
862 669 908 712 δὲ
927 667 1034 727 πρὸς
1054 667 1102 712 τὸ
1118 667 1335 712 Ἰουδαίων
1359 666 1582 727 Ἑβραῖκόν
1603 668 1710 719 ἔτεσι

200 737 281 798 χν’.
302 734 355 796 ἦν
371 739 452 798 γὰρ
474 738 529 782 τὰ
547 737 629 782 ἀπὸ
651 743 727 782 τοῦ
739 742 1046 794 κατακλυσμοῦ
1069 739 1135 782 ἐπὶ
1155 738 1203 782 τὸ
1218 743 1388 798 πρῶτον
1402 739 1495 791 ἔτος
1511 738 1709 799 Ἀβραὰμ

204 809 312 855 κατὰ
330 808 407 865 τὴν
432 812 518 853 τῶν
532 807 749 853 Ἰουδαίων
772 808 940 868 γραφὴν
959 809 1030 866 ἔτη
1051 806 1168 865 obss'.

302 877 415 923 Ἐπεὶ
441 879 584 922 ’τοίνυν
615 881 838 938 φαίνονται
872 879 980 923 κατὰ
1014 879 1063 924 τὸ
1100 875 1387 923 παλαιότατον
1401 876 1623 938 Ἑβραΐκδν
1631 913 1646 935 ,
1685 878 1710 924 ὃ

206 948 261 1006 δὴ
292 948 408 1008 παρὰ
435 951 719 1007 Σαμαρείταις
746 948 806 994 ἔτι
826 952 896 994 καὶ
918 954 994 994 νῦν
1021 948 1210 1004 σώζεται,
1244 953 1297 1008 τῇ
1325 953 1411 993 τῶν
1441 947 1478 994 ο’
1513 949 1708 1012 ἑρμηνείᾳ
1723 959 1770 995 10

205 1017 444 1078 συμφώνως
471 1019 511 1063 οἱ
539 1019 622 1063 ἀπὸ
653 1024 731 1065 τοῦ
761 1025 1060 1076 κατακλυσμοῦ
1092 1022 1162 1065 καὶ
1183 1021 1247 1063 ἐπὶ
1271 1019 1469 1078 Ἀβραὰμ
1494 1021 1602 1078 μετὰ
1633 1021 1712 1073 τὰς

77 1097 117 1134 Ρ.
142 1097 187 1135 89
211 1089 481 1149 προκειμένας
501 1093 587 1134 τῶν
607 1090 712 1135 ε’τῶν
737 1088 1020 1142 ἑκατοντάδας
1049 1093 1120 1135 καὶ
1143 1090 1217 1135 τὸν
1239 1090 1306 1135 ἐπὶ
1332 1088 1498 1143 τούτοις
1523 1092 1715 1151 ἀριθμὸν,

206 1161 362 1212 παῖδας
388 1160 681 1217 ποιησάμενοι,
705 1168 839 1213 ’ποῖος
880 1162 969 1220 ἐρεῖ
995 1159 1119 1220 λόγος
1147 1160 1248 1212 τοὺς
1281 1158 1445 1206 τούτων
1478 1162 1711 1221 πρεσβυτέ-

205 1247 332 1289 ρους,
368 1231 513 1290 καίπερ
544 1229 651 1276 ἴτεσι
678 1231 787 1276 πολὺ
819 1233 978 1276 πλείοσι
1011 1236 1097 1277 τῶν
1131 1231 1238 1289 μετὰ
1269 1235 1407 1276 ταῦτα
1433 1231 1708 1289 βεβιωκότας,

203 1298 477 1357 τάχισταέπὶ
507 1301 584 1358 τὴν
605 1303 875 1347 παιδοποιίαν
906 1304 1047 1348 ἐλθεῖν
1059 1336 1074 1358 ,
1111 1304 1182 1347 καὶ
1213 1301 1273 1359 μὴ
1292 1307 1456 1358 μᾶλλον
1480 1303 1589 1347 κατὰ
1609 1303 1710 1355 τοὺς
1723 1312 1769 1349 15

204 1371 322 1439 παρα
345 1377 432 1423 τοῖς
452 1368 487 1416 ο’
518 1373 875 1430 σεσημειωμένους
889 1371 1097 1433 χρόνους,·
1132 1371 1295 1418 τούτων
1313 1375 1339 1417 δ
1349 1372 1362 1389 ²
1395 1368 1469 1417 οὖν
1487 1375 1557 1418 καὶ
1581 1371 1602 1418 ὃ
1623 1372 1712 1418 σώ-

207 1452 338 1500 φρων·
363 1441 561 1499 λογισμὸς
599 1441 830 1500 ὑποβάλλει·
871 1451 1004 1499 νοεῖν,
1044 1443 1151 1489 ὥστε
1190 1441 1348 1501 ἀνάγκη
1391 1445 1713 1502 διημαρτῆσθαι

208 1509 424 1570 ὁμολογεῖν
450 1513 528 1570 τὴν
547 1514 624 1570 μὲν
645 1514 762 1573 παρὰ
777 1504 1000 1566 Ἰουδαίοις
1021 1514 1191 1574 γραφὴν
1211 1515 1254 1558 ἓν
1275 1521 1366 1565 τοῖς
1386 1514 1468 1558 ἀπὸ
1483 1514 1619 1571 Ἀδὰμ
1639 1517 1710 1559 καὶ

207 1582 275 1626 ἐπὶ
296 1582 490 1641 Ἀβραὰμ
511 1582 682 1643 χρόνοις
707 1584 826 1636 ἐκτὸς
856 1589 985 1644 τριῶν
1014 1587 1107 1644 περὶ
1138 1584 1213 1629 τὸν
1231 1582 1391 1643 Ἰάρεδ,
1429 1584 1506 1642 τὴν
1528 1586 1574 1630 δὲ
1594 1585 1713 1644 παρὰ

208 1655 492 1712 Σαμαρείταις
524 1655 567 1698 ἓν
601 1663 690 1707 τοῖς
708 1655 788 1700 ἀπὸ
806 1654 942 1712 Ἀδὰμ
963 1658 1032 1700 καὶ
1054 1656 1120 1701 ἐπὶ
1139 1655 1214 1699 τὸν
1234 1655 1531 1711 κατακλυσμὸν
1548 1654 1707 1713 μόνοις.
1721 1663 1770 1700 20

209 1722 264 1765 τοὶ
285 1723 367 1782 γὰρ
403 1723 485 1768 ἀπὸ
508 1729 585 1768 τοῦ
603 1731 901 1788 κατακλυσμοῦ
921 1728 990 1771 καὶ
1012 1727 1078 1770 ἐπὶ
1098 1725 1172 1771 τὸν
1189 1725 1386 1784 Ἀβραὰμ
1405 1725 1477 1783 ἔτη
1503 1725 1712 1786 σύμφωνα

169 1791 379 1852 Βεῧρηται
405 1798 458 1853 τῇ
486 1795 603 1854 παρὰ
621 1803 711 1848 τοῖς
732 1794 769 1840 ο’
788 1797 996 1856 φερομένῃ
1018 1801 1102 1841 τῶν
1125 1797 1230 1841 ἐτῶν
1249 1794 1482 1854 σημειώσει.
1517 1796 1713 1856 ἄντικρυς

301 1872 338 1908 3·
360 1868 432 1916 τὴν
453 1882 519 1906 οιιι.
545 1873 594 1909 G.
701 1874 759 1910 16.
791 1876 876 1915 τοῖς
896 1870 929 1911 o‘
952 1874 995 1909 B.
1027 1871 1121 1917 τοὺς
1140 1871 1172 1910 ο’
1199 1873 1248 1908 G.
1358 1874 1416 1910 17.
1451 1869 1641 1925 ἐπιβάλλει
1662 1875 1710 1909 G.

302 1918 657 2003 Βωδιέᾟαὸτῆσθαι
671 1921 723 1959 As
740 1922 1035 1969 διημαρτεῖσθαι
1050 1922 1094 1958 Β.
1121 1921 1380 1969 διαμαρτῆσαι
1403 1921 1452 1959 G.
1495 1950 1498 1952 v
1543 1924 1602 1960 21.
1632 1921 1711 1959 ἀπὸ

733 2038 896 2075 Abrahae
914 2038 1045 2086 primus
1062 2049 1185 2075 annus.

304 2093 444 2132 Summa
466 2107 488 2132 a
512 2094 645 2135 diluvio
663 2108 776 2144 usque
796 2097 840 2133 ad
867 2097 1015 2144 primum
1034 2098 1208 2134 Abraham
1232 2097 1313 2134 anni
1331 2097 1423 2142 942,
1447 2102 1536 2146 quot
1554 2098 1713 2135 nimimm

211 2139 309 2176 iuxta
326 2142 560 2190 Septuaginta
579 2144 860 2192 supputationem
886 2149 1121 2181 numerantur.
1169 2145 1333 2181 Usitatae
1352 2147 1475 2193 itaque
1500 2153 1643 2182 nostrae
1659 2147 1713 2182 le·-

212 2187 321 2224 ctioni
339 2189 533 2226 Hebraicus
551 2194 666 2227 textus
681 2204 702 2227 a
715 2191 943 2227 samaritanis
957 2197 1140 2239 receptus,
1165 2193 1278 2240 quoad
1295 2193 1526 2240 primas‘ante
1545 2192 1722 2240 procrea-'

211 2237 267 2269 tos
287 2235 415 2272 liberos
434 2249 600 2273 annorum
619 2238 880 2284 designationes
892 2265 902 2282 ‚
927 2242 1113 2282 consonat;
1137 2241 1182 2275 ab
1205 2240 1272 2275 alio
1292 2240 1401 2276 nihilo
1428 2240 1543 2276 secius
1562 2241 1712 2276 Iudaeo-

211 2292 287 2316 rum
303 2283 459 2320 manibus
478 2285 584 2332 vulgo
604 2286 689 2321 trito
707 2286 926 2322 textu·annis
945 2287 1015 2323 650
1030 2286 1202 2323 dissentit.
1250 2289 1282 2323 A
1302 2288 1436 2323 diluvio
1456 2287 1585 2335 quippe
1600 2299 1712 2335 usque

211 2327 259 2364 ad
276 2328 422 2377 primum
437 2332 611 2367 Abraham
630 2345 674 2367 ex
689 2333 895 2369 Iudaeorum
912 2337 1016 2368 textu
1036 2334 1116 2368 anni
1133 2336 1204 2371 292
1221 2336 1463 2372 censebantur.

306 2376 593 2424 Quandoquidem
613 2378 724 2425 igitur
752 2380 812 2427 qui
836 2380 966 2415 diluvio
997 2378 1208 2427 posteriore's
1233 2382 1408 2418 Abraham
1431 2383 1710 2429 praecesserunt,

210 2425 294 2468 post
322 2423 526 2471 designatas
547 2438 710 2462 annorum
739 2427 917 2463 centurias
945 2427 1235 2476 subiunctumque
1262 2429 1392 2465 eisdem
1419 2440 1597 2464 numerum
1626 2440 1712 2476 pro-

211 2470 280 2505 lem
307 2471 454 2517 primum
481 2479 730 2520 susceperunt3
762 2478 922 2522 tempore
948 2475 1106 2511 nimirum
1134 2476 1170 2511 in
1203 2477 1440 2512 vetustissimo
1468 2476 1710 2513 Hebraeorum

212 2517 402 2564 exemplari
421 2520 514 2566 quod
543 2520 636 2566 apud
655 2520 846 2556 samaritas
871 2522 975 2557 etiam
995 2535 1075 2558 num
1096 2529 1317 2566 asservatur,
1342 2535 1364 2559 a
1391 2535 1460 2571 quo
1484 2523 1713 2570 septuaginta

211 2563 449 2613 Interpretum
474 2567 624 2603 calculus
643 2568 738 2604 nulla
761 2573 864 2604 tenus
893 2569 1076 2613 dissentit,
1102 2582 1269 2616 quaenam
1295 2571 1389 2606 ratio
1414 2569 1561 2606 maiores
1581 2581 1713 2612 eorum,

212 2608 319 2646 multo
339 2612 527 2658 prolixiore
551 2614 628 2649 vita
647 2614 793 2650 donatos
806 2641 817 2657 ,
843 2615 887 2650 ad
907 2616 1037 2652 liberos
1059 2618 1295 2663 procreandos
1315 2617 1420 2653 citius
1443 2621 1480 2652 et
1499 2627 1567 2652 non
1593 2616 1714 2663 potius

213 2657 363 2705 signatis
388 2660 481 2707 apud
506 2661 743 2708 Septuaginta
761 2663 976 2708 temporibus
995 2664 1181 2700 festinasse
1208 2664 1401 2700 suadebit?
1423 2663 1592 2705 Inclinat,
1616 2667 1655 2698 ut
1675 2662 1712 2698 in

213 2716 289 2740 eam
311 2711 459 2743 mentem
479 2719 616 2751 eamus,
641 2709 807 2743 humanus
825 2710 903 2756 ipse
926 2723 1047 2746 sensus
1060 2738 1069 2754 ‚
1094 2719 1199 2758 atque
1216 2712 1270 2747 ita
1284 2712 1322 2747 in
1342 2710 1502 2759 ponenda
1519 2710 1562 2746 ab
1577 2710 1721 2746 Adamo,
1764 2715 1768 2719 “

212 2763 323 2802 usque
343 2753 389 2789 ad
407 2754 635 2795 Abrahamam
654 2766 817 2791 annorum
839 2756 998 2800 ratione,
1022 2762 1268 2806 praeterquam
1284 2759 1323 2795 in
1346 2757 1457 2793 tribus
1479 2757 1575 2792 circa
1592 2758 1712 2799 Iared,

213 2803 390 2846 receptum
414 2813 436 2837 a
463 2801 603 2838 Iudaeis
626 2806 781 2845 textum,
804 2815 941 2839 errasse
965 2805 1140 2840 fatendum
1167 2810 1244 2849 est,
1277 2818 1320 2841 ac
1348 2817 1426 2841 eum
1453 2804 1587 2851 pariter
1612 2803 1711 2838 cuius

215 2847 516 2892 apudSamaritas
531 2853 587 2885 est
605 2861 709 2895 usus,
734 2849 831 2885 cirea
846 2862 906 2886 eos
922 2851 983 2898 qui
1002 2853 1046 2886 ab
1063 2853 1194 2888 Adamo
1213 2864 1327 2900 usque
1345 2850 1391 2887 ad
1404 2851 1569 2887 diluvium
1587 2850 1713 2896 scripti

216 2898 295 2929 sunt
313 2894 456 2942 penitus
478 2895 670 2940 incertum3
694 2895 755 2931 alii
781 2909 929 2942 namque
951 2911 972 2932 a
990 2898 1121 2934 diluvio
1146 2911 1270 2935 versus
1295 2899 1469 2936 Abraham
1493 2898 1638 2943 vulgato
1655 2910 1713 2932 se-

217 2941 399 2989 ptuaginta
419 2943 651 2993 Interpretum
678 2944 811 2982 calculo
839 2956 1028 2981 consonare
1050 2952 1250 2984 noscuntur.
1300 2945 1513 2995 Oppositum
1543 2957 1627 2982 vero
1654 2956 1712 2980 er-
