1754 3236
146 185 214 232 38
614 179 866 228 GEORGII
895 176 1184 244 SYNCELLI

251 301 327 358 Τῷ
351 293 494 359 'ewa'
516 293 594 340 ἔτει
620 297 698 339 τοῦ
729 290 888 348 κόσμου
919 291 1019 334 Νῶε
1047 283 1100 345 ἦν
1130 288 1236 332 ἐτῶν
1262 283 1323 346 φ’.
1359 287 1430 332 καὶ
1465 284 1653 345 ἐγέννησε

107 375 262 430 Βτρεΐς
281 366 412 420 υἱούς.
460 371 520 427 τῷ
541 365 656 425 αὗτῷ
677 363 754 408 ἔτει
775 362 872 419 Σὴμ
893 357 1095 419 ἐγεννήθη
1119 363 1179 422 τῷ
1200 361 1312 404 Νῶε.

255 443 331 500 Τῷ
356 436 495 500 ,βρμεῗ
519 436 598 481 ἔτει
615 434 723 491 Χιὶμ
747 429 964 491 ἐγεννήθη.

255 514 330 569 Τῷ
357 506 499 570 Ιβρμζ
526 507 602 551 ἔτει
627 503 778 564 Ἰάφεθ
799 500 1015 561 ἐγεννήθη.
1053 495 1144 544 εἶτά
1171 514 1301 558 φησιν
1326 496 1354 556 ἡ
1375 497 1520 558 γραφὴ
1549 499 1659 553 ,,καὶ

152 580 235 627 εἶπε
258 579 399 639 κύριος
428 577 450 623 ὃ
479 578 603 632 θεὸς,
641 576 690 621 οὗ
716 574 776 632 μὴ
797 574 1022 631 καταμείνῃ
1041 570 1091 616 τὸ
1113 568 1277 626 πνεῦμά
1294 587 1379 626 μου
1408 571 1452 614 ἐν
1471 576 1560 621 τοῖς
1582 568 1692 612 οἷν-5

150 649 343 710 θρώποις
376 647 541 701 τούτοις
570 649 627 699 εἷς
656 646 730 691 τὸν
762 647 923 699 αῗῶνα,
975 643 1046 687 διὰ
1074 640 1124 686 τὸ
1155 639 1260 685 εἶναι
1295 640 1451 695 αὐτοὺς
1479 638 1660 700 σάρκας.

152 722 318 768 ἴσονται
338 721 384 765 δὲ
408 720 452 765 αἱ
470 718 622 778 ἡμέραι
641 717 782 762 αὐτῶν
802 714 950 761 ἑκατὸν
968 713 1121 759 εἶ’κοσιν
1143 710 1229 769 ἴτη.
1244 711 1271 732 ”

756 814 1049 874 Ἀφρικανοῦ.

249 908 381 967 Ἔγνω
399 911 482 952 πᾶν
498 905 519 952 ὅ
540 905 642 957 θεὸς
661 904 864 964 ἀφανίσαι
885 900 1000 957 ζώων
1019 900 1135 959 γένος
1155 899 1198 943 ἓν
1214 901 1514 958 κατακλυσμῷ,
1544 896 1665 942 ἀπει-

156 978 288 1038 λήσας
312 977 374 1039 ρκ’
401 977 471 1036 ἴτη
503 977 580 1034 οὐχ
607 973 924 1034 ὑπερβήσεσθαι
959 973 1060 1024 τούς
1084 968 1356 1030 ἀνθρώπους.
1404 969 1514 1027 μηδὲ
1543 987 1666 1026 νομι-
1679 977 1726 1014 10

34 1062 74 1097 P.
93 1062 141 1098 22
166 1053 302 1107 ζε’σθω
335 1048 497 1108 ζήτημα
526 1048 596 1092 διὰ
623 1047 672 1092 τὸ
694 1047 862 1090 πλείονα
879 1042 1035 1104 χρόνον
1063 1042 1183 1094 τινὰς
1202 1040 1381 1101 ὕστερον
1403 1045 1579 1097 βιῶναι·
1617 1039 1667 1085 τὸ

155 1123 236 1181 γὰρ
256 1119 467 1178 διάστημα
487 1123 563 1164 τοῦ
580 1116 736 1176 χρόνου
756 1116 916 1175 γε’γονεν
939 1113 1090 1159 ἑκατὸν
1113 1113 1183 1171 ἔτη
1210 1112 1331 1171 μέχρι
1354 1116 1432 1156 τοῦ
1455 1115 1669 1156 κατακλυ-

158 1197 270 1249 σμοῦ
289 1209 397 1236 κατα
419 1195 503 1235 τῶν
525 1188 787 1248 ἁμαρτωλῶν
808 1192 893 1231 τῶν
918 1184 1013 1230 τότε
1029 1200 1039 1210 ·
1077 1180 1188 1242 ἦσαν
1205 1184 1285 1243 γὰρ
1310 1185 1570 1234 εἷκοσαετεΐς.
1607 1186 1669 1243 τῷ

155 1266 255 1308 Νῶε
269 1262 338 1307 διὰ
352 1259 616 1318 δικαιοσύνην
630 1255 953 1317 εὗαρεστήσαντι
971 1256 1150 1314 κιβωτὸν
1160 1253 1343 1300 ὑπέθετο
1357 1251 1671 1299 κατασκεύασαι

155 1332 259 1385 θεός
272 1348 282 1358 ·
303 1334 370 1377 καὶ
382 1332 600 1390 γενομένης
619 1332 820 1388 εἰσῆλθον
831 1331 887 1381 εἷς
907 1328 1040 1386 αὐτὴν
1059 1324 1188 1379 αὗτός
1207 1344 1252 1371 τε
1262 1329 1362 1371 Νῶε
1374 1327 1444 1370 καὶ
1463 1325 1503 1370 οἳ
1519 1325 1619 1380 υἱοὶ,
1640 1322 1730 1382 ἦ15

156 1404 261 1463 γυνὴ
283 1407 351 1448 καὶ
366 1403 410 1447 αἶ
428 1401 605 1461 νύμφαι,
625 1403 694 1446 καὶ
711 1400 794 1445 ἀπὸ
811 1399 968 1453 παντὸς
990 1396 1096 1454 ζῶον
1109 1397 1280 1458 ἀπαρχὴ
1299 1399 1358 1450 εἷς
1371 1396 1579 1454 διαμονὴν
1592 1400 1669 1441 τοῦ

156 1475 312 1533 γένους.
350 1468 403 1531 ’ἦν
423 1475 469 1518 δὲ
487 1475 591 1518 ἐτῶν
612 1470 838 1525 ἑξακοσίων
861 1469 883 1516 ὁ
906 1473 1021 1526 Νῶε,
1046 1468 1114 1515 ὅτε
1135 1467 1158 1515 ὃ
1178 1468 1477 1526 κατακλυσμὸς
1496 1466 1669 1526 ἐγένετο.

160 1542 217 1597 εἷς
242 1546 287 1589 δὲ
307 1543 423 1602 ἔληξε
454 1544 503 1589 τὸ
533 1542 675 1603 ὕδωρ,
715 1540 742 1600 ἡ
773 1542 953 1600 κιβωτὸς
980 1539 1140 1601 ἱδρύθη
1175 1541 1242 1585 ἐπὶ
1271 1539 1328 1584 τὰ
1361 1538 1440 1599 ὅρη
1469 1538 1673 1599 Ἀραρὰτ,

125 1620 156 1655 Β
168 1614 290 1661 ἅτινα
311 1615 430 1672 ἴσμεν
450 1616 492 1660 ἐν
508 1615 694 1677 Παρθίᾳ
705 1647 719 1669 ,
758 1615 867 1667 τινὲς
885 1614 931 1658 δὲ
952 1613 997 1659 ἓν
1014 1615 1242 1664 Κελαιναῖς
1261 1615 1339 1669 τῆς
1359 1611 1551 1671 Φρυγίας
1569 1608 1679 1655 εἶναί

255 1713 291 1752 4.
317 1712 390 1752 ἔτει
409 1714 490 1752 add.
512 1716 556 1753 A.
652 1712 798 1763 γραφὴ]
823 1714 956 1753 Genes.
981 1713 1042 1759 VI,
1068 1714 1105 1751 3.
1181 1713 1217 1749 8.
1234 1708 1466 1760 Ἀφρικανοῦ
1488 1711 1533 1749 A.
1558 1714 1677 1758 Αφρι-

253 1761 371 1806 κοινός
394 1764 442 1800 G.
546 1763 602 1799 12.
627 1764 785 1810 σήμαινε
803 1762 915 1807 (corr.
941 1762 1164 1809 σημείωσαι)
1190 1760 1392 1809 ἑρμηνείαν
1413 1759 1501 1807 περὶ
1520 1760 1599 1796 τῶν
1620 1757 1675 1807 ρκ’

255 1809 351 1847 ἐτῶν
369 1823 488 1857 margo
513 1811 556 1847 A.
651 1813 708 1848 18.
733 1812 819 1847 Ποῦ
842 1809 987 1858 ἱδρύθη
1006 1809 1071 1847 καὶ
1090 1807 1253 1859 κιβωτός
1267 1820 1398 1856 ¹margo
1418 1809 1464 1845 A.
1512 1804 1675 1855 ἱδρύθη]

257 1857 425 1906 ὶδρύνθη
452 1861 495 1895 Α.
546 1907 549 1909 ¹
593 1859 650 1896 19.
675 1859 864 1901 κελαίναις
892 1859 935 1894 Α.

257 1940 356 1976 Anno
366 1938 485 1975 mundi
503 1938 559 1975 bis
575 1938 754 1977 millesimo
773 1940 961 1977 centesimo
972 1939 1241 1988 quadragesimo
1259 1938 1372 1986 primo
1382 1939 1587 1975 numerabat
1595 1938 1677 1975 Noe

165 1987 296 2023 aetatis
316 2000 402 2023 suae
421 1987 641 2035 quingentos.
689 1989 760 2024 Hic
779 1989 909 2025 liberos
926 1993 1002 2024 tres
1023 1987 1191 2035 suscepit.
1238 1986 1375 2023 Eodem
1390 1998 1482 2025 anno
1502 1987 1586 2024 Sem
1612 1999 1677 2023 na-

167 2040 225 2081 tus
245 2035 431 2118 effnrfflogis
448 2081 625 2118 millesimo
646 2082 833 2119 centesimo
853 2083 1120 2131 quadragesimo
1140 2085 1266 2130 quarto
1286 2081 1399 2120 Cham
1417 2083 1523 2119 natus
1544 2084 1612 2118 est.

263 2133 362 2165 Anno
379 2129 434 2164 bis
451 2129 629 2166 millesimo
650 2131 838 2167 centesimo
859 2130 1128 2178 quadragesimo
1155 2130 1304 2178 septimo
1325 2129 1455 2177 Iaphet
1482 2134 1582 2166 ortus
1611 2132 1680 2166 est.

170 2175 266 2212 Turn
285 2177 462 2223 scriptura
491 2177 633 2212 subdit:
666 2181 703 2214 et
729 2178 820 2214 dixit
845 2178 1003 2217 dominus
1032 2178 1137 2214 deus:
1162 2189 1258 2221 „non
1286 2178 1505 2225 permanebit
1532 2178 1681 2224 spiritus

171 2235 270 2260 meus
290 2223 327 2259 in
348 2223 543 2259 hominibus
558 2225 637 2260 istis
653 2224 689 2261 in
707 2231 906 2271 aeternum,
931 2227 1017 2275 quia
1046 2237 1170 2262 carnes
1199 2228 1299 2262 sunta
1329 2229 1502 2273 eruntque
1531 2225 1608 2263 dies
1634 2225 1681 2261 il-

169 2270 282 2308 lorum
301 2275 439 2307 centum
455 2272 584 2319 viginti
600 2272 801 2312 annorum”.

805 2346 1035 2387 Africanus.

201 2456 212 2467 ·
268 2410 479 2447 Universum
496 2411 719 2450 animantium
741 2426 852 2461 genus
872 2415 973 2462 aquis
991 2414 1118 2451 diluvii
1137 2426 1375 2452 consummare
1392 2415 1553 2452 decrevit
1580 2413 1682 2459 deus,

176 2458 375 2494 vlcesimum
392 2463 429 2494 et
446 2460 666 2496 centesimum
683 2474 807 2498 annum
824 2463 978 2499 homines
998 2475 1068 2499 non
1083 2470 1315 2511 superaturos
1340 2463 1505 2500 minatus.
1551 2462 1683 2499 Nullus

175 2517 282 2552 porro
303 2505 427 2541 dubius
445 2506 620 2552 haesitet,
644 2512 707 2544 aut
730 2510 968 2557 quaestionem
986 2511 1114 2546 anxius
1135 2515 1297 2555 moveat,
1321 2512 1474 2559 spatium
1499 2508 1568 2550 11οὸ
1585 2510 1684 2546 vitae

175 2553 343 2599 quosdam
360 2556 640 2600 praetergressos
659 2557 924 2604 contemplatus.
971 2558 1109 2595 Aetatis
1130 2558 1280 2606 quippe,
1304 2558 1569 2605 durationis-ique
1586 2557 1684 2594 vitae

175 2599 326 2655 spatium
342 2606 423 2646 post
439 2601 531 2636 solos
548 2607 685 2638 centum
704 2616 811 2639 annos
835 2605 968 2641 diluvio
995 2605 1150 2642 instante
1174 2606 1449 2649 terminandum,
1482 2604 1685 2653 peccatori-

176 2646 242 2682 bus
259 2647 459 2682 wcesimum
475 2647 542 2684 iam
560 2660 683 2685 annum
703 2652 911 2698 agentibu3‚
934 2652 970 2687 in
996 2653 1165 2689 scelerum
1186 2665 1353 2699 poenam,
1376 2653 1475 2689 velut
1500 2652 1574 2688 lata
1602 2664 1685 2688 sen—

177 2693 289 2730 tentia
305 2694 375 2729 fuit
389 2695 593 2741 praefixum.
643 2697 725 2733 Noe
742 2710 826 2733 vero
845 2699 889 2733 ob
904 2699 1113 2745 singularem
1134 2701 1303 2736 iustitiam
1323 2700 1391 2736 sibi
1407 2703 1546 2756 gratum
1567 2711 1684 2735 arcam

176 2743 381 2796 construere
398 2741 500 2777 iussit
523 2742 629 2778 deust
653 2756 764 2791 eaque
783 2746 942 2782 absoluta
965 2747 1117 2793 ingressi
1141 2751 1224 2783 sunt
1250 2748 1288 2783 in
1309 2759 1385 2783 eam
1410 2759 1489 2794 lpse
1509 2746 1613 2790 Noe,
1648 2751 1687 2784 et

178 2788 255 2831 filu,
276 2800 379 2844 uxor,
404 2792 442 2824 et
457 2801 578 2834 nurus,
597 2795 632 2826 et
652 2791 804 2827 selectae
821 2794 991 2839 quaedam
1007 2795 1052 2830 ad
1072 2795 1213 2842 generis
1229 2806 1348 2831 eorum
1367 2794 1523 2831 cuiusvis
1542 2806 1688 2830 conser-

178 2835 289 2870 vandi
308 2836 471 2872 fiduciam
490 2837 712 2874 animantium
734 2839 920 2886 primitiae.
967 2841 1170 2878 Imminente
1187 2854 1293 2890 porro
1312 2842 1446 2880 diluvio
1465 2853 1574 2878 annos
1589 2841 1687 2878 vitae

116 2906 122 2919 ,
181 2888 365 2918 sexcentos
386 2884 468 2919 Noe
492 2884 561 2920 iam
581 2885 771 2932 attigerat:
797 2887 896 2934 aquis
916 2900 1001 2924 vero
1031 2889 1315 2933 subsidentibus,
1339 2889 1377 2924 in
1401 2889 1574 2926 montibus
1591 2890 1687 2925 Ara-

181 2933 240 2966 rat
250 2954 262 2974 ,
286 2941 374 2977 quos
391 2943 470 2968 esse
486 2931 658 2970 Parthiae
675 2933 848 2979 novimus,
873 2936 1012 2984 quidam
1029 2937 1115 2974 licet
1133 2936 1307 2981 Celaenis,
1330 2937 1388 2974 vel
1404 2937 1442 2974 in
1458 2936 1561 2984 nigra
1568 2937 1687 2984 Phry-
