1800 3236
565 197 1093 245 CHRONOGRAPHIA.
1469 195 1573 246 549

79 307 226 357 σιλὲων
240 302 459 366 Ἀντιόχων
488 308 595 368 πρὸς
631 306 844 365 ἀλλήλους
867 312 944 353 τοῦ
961 311 1135 368 Γρυποῦ
1154 310 1224 354 καὶ
1241 314 1318 354 τοῦ
1338 314 1572 371 Κυζικηνοῦ

80 379 317 438 ἀναιρεθεὶς
334 383 504 441 τελευτᾷ
526 376 856 438 ἀρχιερατεύσας
868 377 939 436 ἴτη
959 376 1012 434 λ’,
1050 378 1157 424 κατὰ
1177 380 1223 424 δὲ
1234 379 1485 439 Ἀφρικανὸν
1497 382 1571 438 κζ.
1610 430 1612 432 ,

79 449 241 500 πολλὰς
267 446 477 508 μυριάδας
505 447 724 494 ταλάντων
742 450 919 508 χρυσίου
952 449 1021 494 καὶ
1052 448 1251 508 ἀργυρίου
1275 451 1493 508 συνέθαψε
1513 458 1573 514 τῷ
1602 460 1614 469 ‘'

79 520 227 575 Λαβὶδ
255 519 486 576 Σαλομών,
523 517 582 571 ὥς
605 534 732 578 φησιν
754 517 989 576 Ἰώσηππος
999 552 1013 574 ,
1052 519 1095 572 ἐξ
1115 513 1172 564 ὧν
1188 518 1382 578 Ἰωάννης
1401 515 1524 574 οὗτος
1549 521 1572 568 ὃ

45 590 149 634 5καὶ
174 587 378 647 “Ῡρκανὸς
406 588 491 634 ἕνα
509 593 587 634 τοῦ
606 586 746 647 τάφου
775 590 920 645 Δαβὶδ
944 587 1057 634 οἶκον
1078 588 1245 642 ἀνοίξας
1262 589 1344 635 ὕπὸ
1359 591 1574 649 Ἀντιόχου

78 657 429 718 πολιορκούμενος
459 657 516 710 ὥς
542 660 748 718 τρισχίλια
775 657 965 705 τάλαντα
990 663 1153 717 χρυσοῦ
1181 660 1384 706 ἀνείλατο.
1430 661 1606 707 ἴπειταΒ

79 729 137 772 δὲ’
156 730 225 773 καὶ
251 727 447 788 Ἡρώδης
478 729 606 773 ἄλλον
647 727 758 775 οἶκον
797 729 965 780 ἀνοίξας
1003 729 1141 773 πολλὰ
1171 728 1357 775 τάλαντα
1386 730 1566 791 ἐξήγαγε.
1591 743 1637 781 V.
1654 743 1723 782 231

77 805 173 851 ταῖς
204 799 251 843 δὲ
280 797 438 856 θήκαις
471 804 555 844 τῶν
587 799 727 844 αὐτῶν
754 799 962 856 βασιλέων
985 799 1054 844 διὰ
1072 797 1241 857 βάθους
1261 803 1574 860 μεμηχανευμὲ-

77 875 170 922 ναις
189 868 325 922 οὐδεὶς
341 869 660 930 προσεπέλασεν.

23 995 70 1031 10
360 979 593 1040 Αἰγύπτου
624 979 701 1026 καὶ
722 978 1053 1038 Ἀλεξανδρείας
1083 982 1291 1039 βασιλεῖς.

113 1059 335 1128 Ἀῗγῦπτου
362 1069 432 1113 καὶ
454 1067 762 1127 Ἀλεξανδρείας
789 1065 824 1120 ς’
852 1069 1091 1124 ἐβασίλευσε
1110 1072 1378 1126 Πτολεμαῖος
1397 1067 1420 1115 ὃ
1441 1070 1572 1114 Φιλο-

215 1137 363 1198 μήτωρ
387 1138 457 1195 ἴτη
475 1136 547 1184 λε’.
583 1143 660 1182 τοῦ
685 1139 731 1182 δὲ
751 1136 910 1193 κόσμου
932 1134 985 1195 ἦν
1009 1137 1101 1190 ἕτος
1121 1136 1247 1200 ‘ez-1152

176 1208 428 1268 Ἀφρικανὸς
448 1208 518 1266 ξ’τη
537 1206 592 1252 ια’
611 1206 722 1264 μόνα
740 1207 843 1267 λέγει
859 1212 935 1252 τοῦ
965 1207 1269 1268 Φιλομήτορος.

181 1283 448 1336 Πτολεμαῖος
485 1277 506 1323 ὃ
544 1277 798 1337 Φιλομήτωρ
839 1282 1006 1338 πρῶτον
1035 1277 1293 1339 Ἀλεξάνδρῳ
1315 1278 1392 1335 τὴν
1429 1283 1570 1337 θυγα-
1594 1283 1636 1320 Ρ.
1658 1284 1731 1321 290

23 1347 179 1407 15τὲρα
199 1347 479 1408 Κλεοπάτραν
511 1349 612 1400 δοὺς
642 1348 748 1408 πρὸς
781 1346 939 1406 γάμον,
978 1348 1117 1393 ἔπειτα
1150 1349 1220 1392 διὰ
1246 1348 1322 1405 τὴν
1337 1349 1571 1405 Ἀμμωνίου

77 1424 154 1463 τοῦ
182 1423 420 1479 στρατηγοῦ
453 1419 583 1463 αὐτοῦ
612 1418 836 1475 ἐπιβουλὴν
867 1426 1082 1475 συμμαχεῖ
1101 1419 1334 1478 Δημητρίῳ
1364 1418 1461 1462 κατ’
1494 1419 1573 1463 αὐ-

77 1494 170 1534 τοῦ.
208 1492 278 1533 καὶ
299 1488 319 1533 ὃ
343 1489 419 1545 μὲν
439 1490 546 1533 κατὰ
567 1489 643 1545 τὴν
672 1486 811 1544 μάχην
835 1488 1016 1533 ἐκπεσὼν
1036 1493 1111 1533 τοῦ
1132 1490 1261 1532 ἵππου
1286 1487 1569 1546 τιτρώσκεται,

71 1557 348 1617 Ἀλεξάνδρου
371 1559 416 1601 δὲ
436 1559 513 1613 τὴν
534 1558 718 1616 κεφαλὴν
737 1559 975 1600 ἐκκοπεῖσαν
996 1562 1279 1615 ψυχορραγοῦν
1301 1559 1473 1614 δέχεται.

113 1627 335 1688 Αἰγύπτου
364 1630 433 1672 καὶ
451 1627 759 1685 Ἀλεξανδρείας
789 1624 821 1679 ζ’
841 1628 1374 1684 ἔβασίλευσελΠτολεμαῖος
1393 1626 1415 1673 ὅ
1435 1628 1567 1688 Εὔερ-

22 1707 71 1745 20
218 1700 339 1758 γε’της
358 1697 428 1755 ἴτη
451 1696 528 1755 κη’.
567 1702 642 1741 τοῦ
667 1697 712 1740 δὲ
731 1693 890 1752 κόσμου
912 1691 962 1754 ἦν
986 1696 1076 1748 ἔτος
1094 1696 1244 1758 Ιετμθῖ

172 1801 208 1837 3.
234 1797 388 1845 χρυσίου
407 1797 471 1834 καὶ
493 1795 691 1843 ἀργυρίου]
716 1794 898 1842 ἀργυρίου
921 1794 985 1833 καὶ
1012 1796 1167 1843 χρυσίου
1192 1796 1240 1831 G.
1346 1795 1383 1832 4.
1406 1791 1427 1832 ὅ
1448 1794 1512 1832 καὶ
1527 1796 1570 1832 Β.

171 1847 238 1883 καὶ
263 1857 328 1881 orn.
355 1846 403 1879 G.
508 1847 542 1881 6.
566 1844 882 1890 πολιορκούμενον
901 1845 974 1879 ΑΒ.
1082 1844 1137 1880 13.
1163 1841 1255 1891 λέγει
1274 1842 1346 1878 τοῦ
1366 1856 1408 1889 φ.
1431 1843 1473 1878 Β.
1498 1844 1571 1879 τοῦ

174 1896 219 1931 Φ.
245 1892 338 1939 λέγει
354 1892 401 1926 G.
496 1890 552 1928 14.
576 1888 788 1939 ἀλεξάνδρῳ
807 1893 850 1927 B.
875 1890 1106 1938 Αλέξανδρον
1124 1891 1173 1929 G.
1271 1889 1342 1937 τήν
1359 1889 1567 1938 θυγατέρα]

171 1938 367 1988 θυγατέρα
386 1937 457 1987 τὴν
482 1940 530 1974 G.
643 1940 699 1976 15.
724 1939 892 1987 ἇμωνίου
915 1939 958 1975 Β.

80 2035 261 2073 Antiochis
284 2035 408 2080 Grypo
429 2038 465 2069 et
482 2032 658 2079 Cyziceno
673 2033 752 2080 ipse
776 2031 960 2068 discordiis
989 2042 1107 2067 eorum
1132 2029 1325 2078 implicatus
1344 2029 1567 2074 interficitur,

78 2083 283 2131 pontificatu
311 2082 358 2116 ad
388 2092 496 2116 annos
520 2081 688 2126 triginta,
712 2086 751 2115 ut
776 2092 859 2116 vero
889 2080 1006 2126 placet
1029 2078 1193 2113 Africano
1217 2078 1283 2120 27,
1309 2077 1452 2124 potitus.
1498 2079 1568 2113 Ar-

79 2130 178 2176 genti
195 2134 231 2165 et
252 2128 328 2164 auri
354 2128 531 2173 myriadas
559 2128 765 2163 talentorum
783 2127 896 2174 patris
916 2125 1032 2161 David
1048 2125 1208 2171 sepulcro
1230 2124 1479 2160 contumulavit
1498 2125 1569 2160 Sa-

78 2177 212 2219 lomon,
234 2180 275 2210 ut
290 2179 411 2210 auctor
428 2178 482 2209 est
493 2174 681 2221 Iosephusg
707 2186 750 2210 ex
762 2174 858 2209 cuius
880 2172 1031 2220 sepulcri
1047 2172 1239 2207 loculauno
1259 2176 1394 2218 aperto,
1420 2171 1567 2206 Ioannes

77 2224 139 2259 hic
163 2224 348 2269 Hyrcanus
378 2221 542 2257 Antiochi
568 2221 748 2257 obsidione
780 2225 978 2255 coarctatus
1008 2219 1212 2254 talentorum
1236 2218 1306 2253 tria
1331 2217 1441 2253 millia
1461 2218 1564 2255 eruit.

77 2271 181 2307 Hunc
201 2270 355 2305 imitatus
376 2269 543 2304 Herodes
573 2268 677 2304 alium
709 2268 849 2315 aperuit
871 2267 1039 2308 loculum,
1063 2271 1103 2301 et
1126 2277 1169 2300 ex
1189 2277 1231 2300 eo
1250 2264 1327 2300 auri
1343 2265 1476 2312 pondus
1498 2265 1566 2300 im-

78 2329 230 2353 mensum
250 2316 354 2351 eruit.
377 2316 543 2350 „Thecas
560 2327 644 2350 vero
667 2319 703 2350 et
720 2326 841 2361 regum
860 2314 991 2350 loculos
1009 2314 1053 2349 ob
1074 2312 1162 2349 artis
1178 2312 1338 2348 subtilem
1356 2316 1565 2349 structuram

80 2364 197 2401 nullus
218 2364 398 2410 hucusque
419 2362 536 2410 potuit
554 2362 742 2409 attingere.

470 2433 645 2487 Aegypti
675 2441 716 2473 et
740 2432 1008 2473 Alexandriae
1043 2445 1167 2486 reges·

125 2500 283 2548 Aegypti
296 2499 595 2585 5e42121exandriae
618 2513 683 2537 rex
705 2502 728 2539 6
745 2500 966 2539 Ptolemaeus
987 2500 1201 2537 Philometor
1229 2498 1328 2541 annis
1357 2498 1423 2542 35,
1446 2497 1563 2534 mundi

192 2561 276 2584 vero
320 2571 327 2581 ·
391 2573 400 2582 .

171 2597 288 2633 Annos
307 2595 350 2629 11
373 2593 464 2628 solos
480 2594 709 2629 Philometori
733 2594 890 2642 assignat
910 2594 1109 2631 Africanus.

170 2642 391 2678 Ptolemaeus
409 2640 621 2676 Philometor
648 2641 722 2676 filia
743 2642 928 2688 Cleopatra
946 2641 983 2677 in
1011 2642 1190 2686 coniugem
1206 2638 1400 2675 Alexandro
1430 2637 1559 2679 locata,

78 2700 200 2736 pacem
217 2693 254 2723 et
269 2687 454 2723 amicitiam
473 2699 549 2722 cum
568 2700 608 2723 eo
635 2688 757 2735 primis
781 2688 992 2735 temporibus
1021 2688 1148 2730 coluit;
1173 2698 1252 2722 mox
1267 2683 1435 2720 Ammonii
1458 2683 1560 2717 ducis

77 2735 257 2771 fraudibus
273 2735 355 2770 belli
376 2734 574 2770 societatem
600 2746 674 2770 cum
697 2735 874 2772 Demetrio
902 2735 1075 2771 hostiliter
1099 2745 1175 2769 eum
1198 2734 1386 2768 infestante
1413 2729 1562 2776 pacisci-

79 2786 157 2824 tur3
180 2785 216 2817 et
235 2781 293 2817 hic
310 2781 449 2827 quidem
468 2793 626 2828 pugnans
645 2786 682 2817 et
707 2794 797 2829 equo
818 2783 938 2830 lapsus
965 2782 1191 2820 vulneratum
1216 2782 1321 2824 caput
1344 2781 1457 2811 autem
1475 2776 1559 2811 Ale-

79 2828 212 2865 xandro
228 2832 440 2876 amputatum
458 2828 502 2863 ad
519 2840 558 2863 se
579 2828 716 2865 missum
734 2829 869 2865 iamiam
891 2829 1035 2864 animam
1051 2827 1251 2863 redditurus
1271 2823 1419 2870 accepit.

125 2875 337 2958 Aegyptidgt
355 2874 585 2961 Μεκὸαὲιὲὄίειο
608 2887 672 2914 rex
685 2877 709 2915 7
721 2877 939 2914 Ptolemaeus
955 2875 1153 2920 Euergetes
1183 2870 1352 2908 secundus
1371 2869 1470 2906 annis
1489 2870 1551 2912 28,

195 2933 273 2958 mun
298 2934 311 2958 ι
328 2933 411 2959 vero
526 2949 536 2958 .
