1800 3236
245 193 349 245 518
682 197 936 245 GEORGII
964 196 1252 246 SYNCELLI

243 318 378 374 χιερεῒ
390 312 460 357 καὶ
480 315 542 372 τῷ
563 310 660 372 ἱερῷ·
677 311 920 367 ἐξέπεμψεν,
959 308 1217 369 εὐχαριστῶν
1235 311 1297 370 τῷ
1317 311 1402 353 τῶν
1421 305 1532 353 ὅλων
1554 310 1657 368 θεῷ
1693 306 1750 352 τὰ

249 383 359 431 κατὰ
389 383 467 441 τὴν
496 379 693 427 διάλιθον
719 378 926 440 τράπεζαν
957 380 1036 438 τὴν
1069 384 1294 425 σταλεΐσαν
1311 377 1658 455 εῗςἹερουσὶὶὴμ
1681 380 1752 421 καὶ

248 455 299 501 τὸ
327 451 550 515 φιλότιμον
581 452 672 510 ἅμα
705 453 775 496 καὶ
794 448 1031 510 φιλόσοφον
1047 452 1319 507 Πτολεμαίου
1340 448 1577 508 Ἰώσηππος
1595 449 1757 507 ἱστορεῖ

248 522 531 584 καταπλήκτῳ
558 522 674 584 ἤχῳ,
713 520 826 574 ὅπως
857 539 903 566 τε
925 519 1176 579 Θεόπομπος
1206 519 1441 581 φιλόσοφος
1459 517 1751 580 παρεφρόνησε

247 593 466 653 τολμήσας
494 595 714 653 ἱστορῆσαι
744 595 838 652 περὶ
856 592 997 637 αὐτῶν
1016 594 1086 636 καὶ
1111 590 1340 644 Θεόδεκτος
1360 590 1636 650 στρατηγικὸς
1655 590 1784 634 {tv-5

249 665 408 728 φλῶθη
440 666 586 723 δρᾶμα
612 661 818 721 ποιήσας,
861 662 993 723 ἄμφω
1031 680 1076 708 τε
1095 660 1366 721 μεταγνόντες
1386 660 1601 720 ἵάθησαν,
1639 660 1755 719 Ἀρι-

90 742 132 777 P·
156 740 227 778 273
251 738 400 784 σταίου
422 734 514 788 ἑνὸς
531 739 617 780 τῶν
634 736 770 795 φίλων
793 731 1046 792 αἰτήσαντος
1063 735 1334 790 Πτολεμαίου
1355 731 1412 790 ιβ’
1429 731 1630 790 μυριάδες
1646 731 1755 775 Ἰου-

249 809 380 854 δαίων
411 803 635 864 ἒξωνήσεσι
665 808 898 863 βασιλικοῖς
914 802 1105 865 χρήμασι
1125 804 1242 862 παρὰ
1262 809 1338 849 τοῦ
1360 802 1675 861 στρατεύματος
1698 804 1757 853 εἷς

248 879 327 937 τὴν
343 877 553 924 Ἰουδαίαν
572 873 934 933 ἐξαπεστάλησαν,
973 873 1036 934 ρκ’
1060 877 1262 935 δραχμῶν
1285 873 1389 933 ὖπέρ
1412 872 1589 919 ἑκάστου
1611 875 1758 918 δοθει-

250 954 355 1005 σῶν,
393 946 452 1000 ὥς
472 946 575 992 εἶναι
595 946 649 991 τὰ
668 944 773 1005 ὑπὲρ
795 946 936 991 αὐτῶν
955 944 1091 1005 λύτρα
1109 944 1300 990 τάλαντα
1317 943 1395 998 υξ’.
1428 945 1665 1005 Ἀρισταῖον
1689 944 1759 988 καὶ
1770 951 1800 986 1(

245 1019 446 1079 Ἀνδρέαν
461 1016 537 1063 δύο
557 1018 823 1077 πρωτίστους
833 1013 1048 1075 ἀρχόντων
1068 1014 1090 1060 ὃ
1106 1015 1372 1075 Φιλάδελφος
1384 1016 1585 1073 ἐξέπεμψε
1594 1018 1761 1060 Πτολε-

251 1097 379 1148 μαῖός
408 1090 466 1141 εἲς
488 1086 766 1148 Ἰερουσαλὴμ
791 1087 897 1147 πρὸς
914 1085 1162 1146 Ἐλεάζαρον
1192 1087 1300 1143 μετὰ
1320 1091 1479 1132 σκευῶν
1496 1090 1668 1146 χρυσῶν
1691 1085 1762 1129 καὶ

253 1162 463 1206 διαλίθων
491 1163 659 1204 πολλῶν
690 1160 760 1204 καὶ
794 1157 989 1217 ἀργυρῶν
1014 1155 1236 1202 ταλάντων
1267 1155 1305 1216 ρ’
1331 1160 1401 1201 καὶ
1434 1157 1573 1202 ἄλλων
1596 1154 1761 1214 δώρων,

255 1233 386 1276 αἰτῶν
405 1233 611 1288 σταλῆναι
630 1228 747 1290 αὐτῷ
765 1228 842 1280 τὰς
859 1229 983 1280 θείας
998 1228 1166 1288 γραφὰς
1184 1230 1253 1272 καὶ
1272 1227 1432 1287 ἄνδρας
1451 1227 1610 1287 σοφοὺς
1630 1225 1763 1285 ἑρμη-

253 1299 478 1353 νεύσοντας
498 1300 656 1358 αῧτὴν,
696 1297 754 1352 ὥς
779 1297 1027 1357 ῗΙιῦσηππος.
1065 1303 1335 1355 Πτολεμαῖος
1359 1293 1482 1351 οὗτος
1503 1297 1524 1343 ὅ
1554 1294 1761 1342 Φιλάδελ-
1774 1305 1800 1342 1:

256 1389 338 1432 φος
375 1376 517 1415 πᾶσαν
554 1368 848 1427 πανταχόθεν,
886 1368 944 1422 ὥς
983 1371 1130 1424 εἰπεῖν,
1167 1367 1448 1429 συμφορήσας
1489 1371 1641 1426 βίβλον
1686 1372 1763 1425 τῆς

219 1446 249 1483 Β
265 1441 523 1499 οῗκουμένης,
559 1443 725 1507 σπουδῇ
746 1445 822 1486 τοῦ
846 1440 1076 1499 Φαληρέως
1091 1442 1343 1498 Δημητρίου
1363 1441 1505 1500 τρίτου
1525 1439 1763 1496 νομοθέτου

250 1512 514 1571 Ἀθηναίων,
563 1511 719 1571 ἀνδρὸς
753 1511 858 1569 παρ’
887 1511 1060 1570 ’Ἑλλησι
1095 1513 1354 1566 σπουδαίου,
1405 1512 1449 1555 ἓν
1487 1509 1551 1563 οἷς
1591 1512 1661 1554 καὶ
1687 1509 1765 1566 τὴν

252 1582 460 1643 Ἑβραίων
480 1582 662 1642 γραφὴν,
685 1580 742 1636 ὥς
763 1581 1056 1641 προτέτακται,
1076 1581 1154 1640 τὴν
1171 1583 1214 1626 ἓν
1225 1581 1515 1644 Ἀλεξανδρείᾳ
1535 1578 1765 1639 βιβλιοθήω

258 1672 334 1712 κην
363 1654 616 1711 καθίστησιν
635 1651 727 1713 ρλβ’
752 1651 998 1710 ὀλυμπιάδι,
1036 1647 1088 1711 ἧς
1111 1653 1401 1713 πληρουμένης
1432 1656 1618 1716 τελευτᾷ.
1667 1652 1800 1696 δέκαὲ

185 1767 188 1770 ⁴
258 1721 459 1785 μυριάδες
480 1725 642 1780 βίβλων
661 1719 795 1781 ἦσαν,
834 1723 892 1776 ὥς
913 1723 1019 1776 τινές
1037 1742 1181 1783 φασιν.

355 1802 391 1838 5.
417 1799 560 1846 αὐτῶν]
585 1797 705 1838 αὐτὸν
728 1800 770 1836 Β.
897 1799 1140 1846 στρατηγικὸς
1160 1801 1203 1837 Β.
1230 1799 1436 1848 στρατηγός
1459 1801 1508 1836 G.
1629 1800 1666 1836 7.
1690 1799 1769 1835 τῶν

358 1849 478 1896 φίλων
502 1860 568 1886 om.
593 1850 641 1886 G.
759 1849 796 1885 9.
818 1845 1000 1885 ίουδαίαν
1016 1850 1059 1886 B·
1087 1849 1277 1885 Ιουδαίων
1297 1850 1346 1884 G.
1465 1852 1520 1886 10.
1542 1845 1764 1894 Ἀρισταῖον]

286 1927 289 1931 .
360 1895 532 1938 ἀριστεῖον
551 1896 626 1930 ΑΒ.
651 1895 831 1942 Αριστέαν
858 1897 904 1932 G.
1043 1898 1100 1933 13.
1133 1896 1197 1934 καὶ
1223 1894 1344 1934 ἄλλων
1374 1894 1509 1943 δώρων
1533 1907 1598 1930 om.
1624 1896 1672 1930 G.

359 1945 417 1981 15.
442 1939 492 1985 ὥς
511 1943 552 1977 Β.
576 1941 680 1980 ώσοὶν
700 1943 748 1979 G.
875 1945 929 1980 16.
954 1943 1100 1994 ffi‘fflov}
1129 1945 1284 1994 βίβλους
1303 1945 1351 1981 G.
1477 1945 1533 1982 18.
1565 1941 1769 1988 ἅθηναίων

360 1991 404 2026 Β.
428 1992 625 2038 Αθηναίου
646 1992 694 2027 G.
797 1990 861 2027 καὶ
882 2003 949 2027 om.
967 1992 1018 2027 G.
1122 1995 1177 2028 19.
1202 1991 1272 2037 τὴν
1290 1993 1332 2030 Β.
1355 1990 1421 2028 καὶ
1439 1992 1487 2026 G.
1590 1991 1648 2027 20.
1673 1989 1766 2037 ρλβ’]

362 2037 441 2085 ρλοί
466 2051 511 2074 m.
626 2036 808 2085 μυριάδες
829 2040 968 2087 βίβλων
983 2050 1027 2075 m.
1052 2039 1242 2086 μυριάδας
1257 2041 1412 2089 βίβλους
1432 2040 1481 2076 G.
1503 2038 1643 2087 βίβλων
1664 2039 1770 2074 etiam

363 2097 408 2121 ex
426 2086 487 2122 AB
515 2088 707 2121 enotatum.
805 2088 866 2124 21.
891 2080 1004 2133 ἦσαν]
1031 2085 1136 2123 εἷσαν
1159 2088 1203 2125 Β.

294 2144 470 2181 ontificem
497 2149 534 2180 et
560 2145 726 2192 templum
750 2144 989 2181 universorum
1019 2145 1085 2180 deo
1104 2145 1240 2192 gratias
1268 2148 1409 2181 acturus
1438 2147 1674 2191 prosequutus
1703 2147 1770 2178 est.

293 2193 428 2228 lensam
449 2199 545 2228 certe
561 2192 687 2239 lapillis
707 2192 870 2239 pretiosis
891 2192 1114 2239 conspicuam
1133 2194 1177 2228 ab
1203 2204 1244 2228 eo
1275 2192 1311 2228 in
1333 2191 1550 2228 Hierusalem
1570 2191 1708 2226 missam
1734 2195 1772 2226 et

269 2238 417 2276 liberale
434 2251 590 2286 vereque
613 2239 887 2286 philosophicum
914 2240 988 2275 eius
1006 2240 1158 2274 studium
1173 2239 1268 2275 claro
1285 2238 1424 2274 dicendi
1451 2250 1582 2284 genere
1600 2238 1772 2284 Iosephus

272 2285 486 2330 selebi-avim
511 2291 619 2332 utque
634 2286 778 2333 insuper
795 2287 1044 2333 Theopompus
1066 2287 1296 2334 philosophus
1318 2286 1512 2321 huiusmodi
1531 2286 1636 2320 rebus
1660 2286 1773 2320 histo-

272 2332 348 2370 riae
366 2344 450 2369 suae
468 2333 609 2368 insertis
634 2333 809 2369 dementia
835 2334 1050 2369 laboraverit
1075 2338 1112 2368 et
1131 2333 1357 2368 Theodectus
1377 2333 1446 2367 dux
1465 2333 1622 2368 dramate
1639 2332 1683 2367 de
1700 2332 1771 2367 illis

273 2392 404 2417 vesane
421 2380 517 2415 edito
534 2379 705 2416 caecitate
722 2381 900 2427 perculsus
922 2386 999 2422 est,
1025 2384 1062 2415 et
1083 2381 1182 2416 ambo
1203 2380 1339 2427 pariter
1358 2380 1527 2416 audaciae
1554 2379 1771 2426 poenitentes

276 2426 390 2464 curati
406 2432 500 2470 sunt,
523 2431 644 2462 auctor
659 2426 749 2462 idem
766 2431 919 2465 enarrat.
959 2427 1039 2463 Uno
1054 2429 1193 2463 Aristea
1207 2434 1355 2474 rogante
1373 2428 1576 2463 Iudaeorum
1595 2426 1772 2474 myriades

278 2476 325 2515 12
342 2475 388 2511 ab
406 2474 563 2511 exercitu
581 2486 642 2509 eos
659 2474 727 2510 sibi
746 2474 982 2521 mancipante,
1008 2474 1181 2510 drachmis
1196 2475 1233 2509 in
1254 2474 1373 2522 capita
1392 2474 1530 2521 singula
1558 2476 1625 2511 120
1653 2473 1773 2521 pensis

278 2521 402 2605 Breffis
420 2532 550 2558 summa.
571 2521 616 2556 ad
642 2521 774 2558 talenta
794 2519 865 2558 460
883 2521 1117 2559 adscendente
1142 2522 1343 2569 redemptae
1367 2529 1404 2557 et
1431 2522 1469 2558 in
1489 2521 1650 2557 Iudaeam
1676 2525 1774 2566 post-

307 2569 411 2605 minio
430 2568 645 2606 amandatae.
692 2569 787 2603 Sane
803 2568 974 2604 Aristeam
993 2573 1029 2604 et
1044 2570 1216 2605 Andream
1232 2581 1414 2617 procerum
1430 2568 1637 2616 praecipuos
1653 2580 1675 2603 a
1688 2568 1775 2602 Pto-

279 2616 412 2652 lemaeo
431 2615 659 2662 Philadelpho
686 2627 763 2651 cum
782 2615 878 2650 vasis
907 2616 1021 2652 aureis
1049 2621 1086 2652 et
1110 2629 1320 2663 gemmarum
1349 2623 1475 2652 ornatu
1499 2615 1684 2662 pretiosis,
1708 2626 1775 2650 nec

281 2674 349 2701 non
365 2663 503 2710 argenti
516 2662 657 2701 talentis
673 2668 810 2699 centum
830 2675 948 2699 sacras
966 2663 1157 2710 scripturas
1177 2664 1245 2701 sibi
1265 2663 1387 2699 donari
1415 2667 1452 2699 et
1475 2664 1572 2698 viros
1597 2662 1774 2709 sapientes

281 2723 398 2748 earum
422 2712 476 2747 int
540 2714 633 2746 retes
651 2721 722 2747 una
740 2709 901 2745 exhiberi
921 2717 1081 2757 rogatum
1099 2711 1222 2747 missos
1238 2711 1408 2758 Iosephus
1426 2713 1603 2746 memorat.
1655 2709 1776 2744 Ptole-

279 2770 397 2795 maeus
414 2722 741 2813 isteef’hiladelphus
750 2757 858 2793 variis
870 2757 1100 2805 undequaque
1118 2763 1311 2802 terrarum,
1335 2758 1388 2794 ita
1405 2757 1528 2798 dicam,
1546 2756 1776 2804 comportatis

281 2805 381 2841 libris
393 2831 404 2848 ‚
427 2805 471 2841 ad
485 2817 571 2852 quos
590 2805 755 2848 divinam,
775 2808 816 2839 ut
830 2804 1088 2850 praemisimus,
1103 2806 1309 2853 scripturam
1322 2804 1491 2848 adiunxit,
1503 2804 1671 2840 Demetrii
1682 2803 1778 2839 Pha-

283 2852 372 2888 lerei
388 2851 601 2899 legislatoris
610 2851 704 2899 apud
717 2852 947 2888 Athenienses
957 2852 1056 2888 tertii
1072 2852 1143 2888 viri
1152 2854 1370 2889 Graecarum
1385 2851 1581 2887 litterarum
1592 2849 1779 2886 studiosis·

284 2899 359 2934 simi
375 2912 460 2935 cura
477 2899 718 2944 bibliothecam
728 2898 960 2935 Alexandriae
969 2898 1143 2934 instaurat
1153 2900 1363 2948 Olympiade
1376 2899 1458 2942 131,
1472 2910 1541 2945 qua
1552 2902 1701 2934 exeunte
1713 2897 1777 2931 de-

282 2947 389 2984 cessit
404 2946 539 2996 pariter
554 2959 575 2984 e
593 2947 678 2985 vita.
709 2946 905 2991 Librorum,
929 2949 969 2983 ut
985 2947 1094 2991 aiunt,
1107 2947 1280 2995 myriades
1292 2947 1412 2984 decem
1429 2946 1466 2983 in
1483 2957 1559 2983 eam
1576 2948 1776 2993 congestae.
