1800 3236
234 213 339 263 710
661 182 665 188 ’
709 215 964 265 GEORGII
991 216 1281 265 SYNCELLI

201 336 232 372 C
240 336 346 390 βοῦς
368 332 438 376 καὶ
455 329 731 389 βλασφημίαν
749 329 910 387 πολλὴν
938 327 1106 385 Ξβςοντος
1116 363 1131 384 ,
1169 330 1269 389 περί
1287 347 1333 374 τε
1352 333 1431 375 τοῦ
1456 326 1747 389 παντοκράτο-

238 421 313 463 ρος
333 406 439 447 θεοῦ
464 400 625 460 πατρὸς
644 402 714 444 καὶ
739 404 815 444 τοῦ
835 401 980 459 κυρίου
1000 397 1122 457 ἡμῶν
1139 399 1278 458 Ἰησοῦ
1300 404 1512 460 Χριστοῦ,
1549 401 1747 445 ἀπιστίαν

236 493 282 520 τε
312 472 472 530 πολλὴν
503 473 597 530 περὶ
627 475 703 515 τοῦ
735 474 987 529 μονογενοῦς
1016 470 1167 522 παιδὸς
1197 472 1329 516 αὐτοῦ
1367 474 1438 516 καὶ
1474 470 1745 531 πρωτοτόκου

237 543 377 601 πάσης
395 544 565 594 κτίσεως
581 545 659 586 τοῦ
682 539 1095 600 ε’νανθρωπήσαντος
1117 539 1244 600 λόγου
1255 577 1269 598 ,
1307 544 1365 595 εἷς
1388 542 1674 601 ἀναισθησίαν
1703 544 1749 587 δὲ

238 621 315 662 τοῦ
337 614 454 673 ἆγιόυ
487 610 749 669 πνεύματος,
790 608 1006 658 ἐλθόντων
1025 610 1287 672 ἑκατέρωθεν
1309 613 1415 673 πρὸς
1442 615 1545 671 ἐμοῦ
1568 616 1638 657 καὶ
1661 618 1778 660 τῶν5

237 683 500 746 γραμμάτων
523 686 594 728 καὶ
617 688 702 728 τῶν
729 684 1030 741 διαλεξομένων
1052 682 1265 729 ἕπε’στειλά
1287 702 1405 740 τινα,
1443 683 1502 737 ὥς
1525 683 1749 743 ἠδυνήθην

239 754 534 816 παρασχόντος
563 759 641 800 τοῦ
671 759 778 800 θεοῦ
810 753 1217 814 διδασκαλικώτερον
1245 753 1561 814 ὑφηγούμενος,
1602 749 1660 800 ὧν
1694 755 1751 799 τὰ

240 827 479 887 ἀντίγραφα
501 823 670 884 ἔπεμψά
691 843 770 871 σοι.
808 830 947 871 ταῦτα
964 827 1007 870 ἐν
1024 830 1085 887 τῷ
1109 826 1290 887 δευτέρῳ
1311 826 1536 879 διεξελθὼν
1554 828 1645 886 περὶ
1664 830 1751 882 βα-

239 901 474 956 πτίσματος
495 896 606 959 λόγῳ
629 897 737 957 πρὸς
755 895 927 948 Ξύστον
947 894 970 942 ὅ
989 901 1109 949 θεῖός
1127 895 1355 949 Διονύσιος
1374 897 1635 954 θαυμαστήν
1656 915 1751 942 τινα

239 971 446 1017 θεοπτίαν
469 970 513 1014 ἓν
538 973 597 1030 τῷ
622 969 751 1030 τρίτῳ
774 971 867 1027 περὶ
891 969 1191 1026 βαπτίσματος
1210 968 1373 1022 διέξεισι
1383 1001 1399 1025 ,
1423 968 1530 1030 πρὸς
1554 966 1747 1026 Φιλήμο-
1760 976 1800 1014 lc

241 1061 295 1086 να
317 1038 599 1102 πρεσβύτερον
613 1037 777 1098 Ῥώμης
794 1037 983 1100 γράφων.

205 1157 239 1194 D
263 1152 336 1201 Ἐκ
363 1157 448 1200 τοῦ
475 1151 588 1211 πρὸς
620 1150 856 1210 Φιλήμονα
890 1148 1196 1210 πρεσβύτερον
1216 1149 1397 1211 Ῥώμης
1423 1151 1580 1208 τρίτου
1608 1146 1751 1210 λόγου

354 1225 459 1282 περὶ
487 1224 789 1283 βαπτίσματος
816 1222 1066 1268 Διονυσίου
1093 1219 1412 1281 Ἀλεξανδρέως
1438 1222 1516 1268 καὶ
1543 1225 1623 1281 τῆς
1648 1218 1751 1268 κατ’

357 1292 500 1340 αὐτόν
533 1291 743 1352 ὁράσεως.

342 1381 447 1440 Ἐγώ
469 1383 514 1426 δὲ
536 1383 605 1427 καὶ
624 1388 713 1433 τοῖς
733 1377 998 1439 συντάγμασι
1024 1382 1093 1425 καὶ
1115 1387 1209 1433 ταῖς
1234 1378 1498 1440 παραδόσεσι
1525 1384 1611 1425 τῶν
1633 1379 1749 1439 αἶρε·
1763 1391 1800 1427 15

241 1458 368 1498 τικῶν
398 1452 590 1509 ἐνέτυχον
599 1486 613 1507 ,
648 1453 833 1512 χραίνων
862 1451 939 1508 μέν
965 1469 1050 1508 μου
1080 1452 1187 1511 πρὸς
1220 1451 1357 1510 ὀλίγον
1385 1452 1463 1510 τὴν
1491 1450 1636 1508 ’ψυχὴν
1658 1457 1752 1501 ταῖς

243 1521 504 1582 παμμιάροις
535 1523 676 1568 αὐτῶν
706 1520 988 1580 ἐνθυμήσεων
998 1556 1013 1577 ,
1050 1521 1195 1580 ὄνησιν
1225 1524 1271 1567 δὲ
1302 1521 1463 1581 ταύτην
1493 1522 1572 1566 ἀπ’
1610 1521 1751 1565 αὐτῶν

201 1596 203 1598 ’
242 1593 496 1652 λαμβάνων,
534 1595 584 1639 τὸ
605 1594 821 1652 ἐξελέγχειν
841 1592 998 1645 αὐτοὺς
1018 1594 1124 1653 παρ’
1158 1595 1329 1654 ἐμαυτῷ
1350 1595 1421 1638 καὶ
1452 1596 1595 1653 πολλῷ
1625 1591 1751 1636 πλέον

89 1677 134 1714 Ρ.
152 1677 222 1716 379
243 1664 565 1723 βδελύττεσθαι.
613 1666 681 1709 καὶ
711 1663 764 1722 δή
796 1681 908 1716 τινος
939 1664 1126 1724 ἀδελφοῦ
1157 1664 1453 1723 πρεσβυτέρων
1483 1664 1753 1722 ἀπείργοντος

243 1739 313 1782 καὶ
339 1736 629 1791 δεδιττομένου
653 1733 955 1795 συμφύρεσθαι
977 1740 1037 1796 τῷ
1057 1739 1134 1793 τῆς
1151 1736 1356 1795 πονηρίας
1378 1735 1519 1779 αὐτῶν
1530 1732 1747 1794 βορβόρῳ,
1761 1747 1800 1783 2(

242 1812 485 1865 λυμανεῖται
513 1806 594 1865 γὰρ
626 1806 704 1863 τὴν
737 1805 880 1863 ψυχὴν
913 1805 991 1862 τὴν
1032 1807 1242 1863 ε’μαυτοῦ,
1282 1808 1351 1850 καὶ
1382 1805 1528 1865 ἀληθῆ
1559 1805 1754 1863 λέγοντος

244 1876 303 1930 ὥς
325 1875 527 1939 ᾐσθόμην
534 1910 550 1933 ,
587 1875 730 1936 ὅραμα
758 1875 1030 1933 θεόπεμπτον
1057 1875 1300 1936 προσελθὸν
1333 1876 1544 1936 ἔπέρρωσέ
1567 1893 1644 1932 με,
1683 1876 1754 1919 καὶ

337 1979 374 2017 4.
400 1974 726 2025 άνθρωπήσαντος
749 1978 799 2014 G.
917 1976 972 2020 εἰς
996 1988 1063 2012 om·
1089 1977 1138 2013 G.
1282 1978 1340 2016 12.
1362 1977 1436 2014 τοῦ
1452 1987 1498 2013 m.
1521 1975 1591 2024 τῆς
1609 1975 1658 2013 G.

245 2060 458 2107 mistumque
486 2072 611 2107 agmen
635 2060 672 2095 in
696 2059 826 2095 domini
848 2059 960 2095 nostri
990 2059 1070 2095 Iesu
1095 2058 1231 2095 Christi
1257 2063 1392 2107 patrem
1411 2061 1448 2095 et
1467 2059 1568 2094 deum
1593 2057 1749 2104 omnipo-

245 2112 376 2143 tentem
395 2114 595 2151 evomente,
620 2107 714 2143 etin
733 2107 946 2153 unigenitum
972 2107 1048 2142 eius
1068 2107 1174 2142 filium
1201 2111 1238 2142 et
1266 2111 1450 2143 creaturae
1483 2105 1593 2141 omnis
1621 2104 1751 2151 primo-

246 2155 400 2200 genitum
415 2156 559 2190 verbum
579 2166 716 2190 carnem
731 2155 863 2190 factum
884 2156 1060 2190 defectum
1079 2166 1223 2198 omnem,
1247 2154 1283 2190 in
1303 2161 1458 2189 sanctum
1481 2164 1566 2189 veto
1588 2152 1750 2199 spiritum

246 2213 383 2247 sensum
408 2202 492 2238 fidei
517 2202 646 2237 nullum
677 2202 920 2248 depromente,
954 2202 1208 2238 confluentibus
1232 2202 1277 2238 ad
1306 2213 1360 2236 me
1383 2213 1458 2237 cum
1487 2200 1643 2246 scripto,
1677 2204 1750 2235 tum

246 2248 331 2283 viva
351 2260 439 2284 voce
456 2248 694 2284 dissertaturis
709 2249 902 2292 fratribus,
929 2261 1032 2297 quam
1058 2249 1175 2296 potui,
1201 2249 1359 2295 deusque
1375 2247 1525 2294 largitus
1542 2252 1598 2282 est
1617 2247 1752 2282 doctri-

245 2295 379 2331 namin
401 2296 561 2343 epistolis
583 2296 724 2343 aperui,
749 2297 1129 2343 quarumexemplaria
1146 2295 1301 2331 fideliter
1326 2296 1506 2341 exscripta
1529 2294 1620 2329 misi.
1651 2294 1752 2330 Haec

245 2346 398 2378 tractatu
423 2344 575 2378 secundo
602 2344 646 2379 de
671 2344 845 2390 baptismo
875 2344 922 2379 ad
948 2344 1099 2390 Xystum
1126 2354 1229 2378 sacer
1252 2341 1466 2388 Dionysius3
1497 2341 1616 2377 miram
1645 2353 1751 2387 porro

245 2389 341 2445 cii-ca
371 2389 580 2472 baptisimum
608 2389 777 2427 visionem
802 2390 908 2427 tertio
943 2391 988 2427 ad
1019 2390 1255 2427 Philemonem
1279 2390 1471 2426 Romanum
1505 2389 1751 2436 presbyterum

246 2448 352 2473 misso
375 2448 479 2473 narra
497 2463 507 2472 .

247 2509 311 2552 Ex
341 2508 530 2566 Dionysii
553 2507 828 2551 Alexandrini
858 2515 1039 2550 tractatu
1067 2508 1191 2550 tertio
1217 2508 1268 2549 de
1296 2506 1498 2564 baptismo
1527 2507 1583 2548 ad
1613 2505 1751 2548 Phile-

668 2582 832 2608 monem
853 2568 1004 2608 Romae
1022 2568 1321 2623 presbyterum.

586 2635 652 2672 De
674 2635 863 2672 visione
897 2636 1027 2672 circa
1059 2636 1188 2672 illum
1222 2635 1400 2675 habita.

342 2695 425 2743 Ego
446 2694 584 2744 quidem
604 2695 714 2731 libros
733 2696 777 2732 ab
794 2695 984 2731 haereticis
1005 2695 1118 2732 editos
1131 2723 1141 2740 ,
1166 2695 1430 2741 doctrinamque
1446 2692 1490 2729 ab
1510 2691 1564 2729 eis
1582 2690 1749 2728 traditam

249 2743 452 2779 evolvebam
472 2748 510 2778 et
526 2743 572 2779 ad
591 2744 700 2780 breve
725 2746 862 2789 tempus
881 2742 966 2779 licet
995 2742 1250 2779 scelestissimis
1277 2753 1398 2778 eorum
1423 2740 1657 2788 opinionibus¹
1671 2740 1751 2775 ani-

250 2802 338 2826 mam
363 2789 639 2837 inquinaverim‚
671 2802 715 2826 ea
743 2790 851 2825 nihilo
880 2790 994 2825 secius
1021 2790 1188 2826 utilitatis
1208 2789 1362 2825 accessio
1385 2788 1472 2824 mihi
1491 2788 1588 2823 facta
1606 2790 1684 2830 est,
1709 2788 1750 2821 ut

248 2838 315 2872 iam
332 2849 417 2873 ame
437 2838 514 2884 ipso
526 2837 638 2874 ,facile
654 2837 811 2873 refellam
827 2841 864 2873 et
879 2837 1066 2873 animosius
1081 2838 1185 2884 longe
1205 2847 1381 2884 respuam.
1409 2835 1517 2870 Certe
1534 2847 1579 2870 ex
1598 2834 1750 2881 presby-

247 2885 334 2921 teris
352 2885 464 2920 frater
481 2885 623 2932 quidam
641 2884 869 2932 prohibebat,
893 2889 930 2920 et
947 2897 991 2920 ne
1016 2884 1263 2933 perversitatis
1291 2884 1430 2919 illorum
1445 2893 1554 2917 coeno
1571 2880 1750 2922 foedarer,

247 2931 463 2968 deterrebat.
511 2932 617 2967 Virus
639 2944 785 2979 namque
809 2931 956 2967 animam
973 2933 1098 2968 sensim
1117 2931 1331 2979 pervadere,
1355 2933 1611 2976 eumque‘vera
1639 2938 1750 2962 enun-

248 2978 361 3015 ciasse
388 2979 456 3016 iam
483 2985 632 3028 experto
645 3006 656 3024 ‚
688 2980 779 3018 visio
817 2979 964 3016 caelitus
994 2979 1101 3017 missa
1122 2978 1342 3016 vacillantem
1365 2977 1511 3015 animum
1536 2974 1692 3012 firmavit
1713 2977 1751 3010 et
