1800 3236
205 159 311 209 626
672 159 926 207 GEORGII
953 157 1239 206 SYNCELLI

208 277 254 322 ἐν
287 273 443 334 ἐσχάτῃ
473 272 593 334 πενίᾳ
628 271 706 317 σὺν
719 269 951 331 Ἡρωδιάδι
972 275 1025 331 τῇ
1049 271 1287 328 μοιχαλλίδι
1308 266 1496 327 θνήσκει.
1533 270 1610 327 τὴν
1629 271 1709 329 γὰρ

209 344 501 405 ὃρχησαμίνην
542 341 671 401 κόρην
713 343 779 386 ἐπὶ
808 346 884 398 τῆς
915 341 1133 398 ἀποτομῆς
1165 345 1241 385 τοῦ
1267 338 1452 398 μεγάλου
1487 339 1709 400 προφήτου

208 413 455 476 προδρόμου
475 415 543 458 καὶ
560 416 796 468 βαπτιστοῦ
814 408 1012 456 Ἰωάννου
1034 413 1171 466 ζῶσαν
1190 412 1380 456 κατέπιεν
1401 408 1428 467 ἦ
1447 415 1512 468 γῆ.

171 495 203 532 Β
318 483 514 535 Φλάκκος
547 482 728 539 Ἀβίλιος
758 479 981 539 Αἰγύπτου
1012 481 1192 542 ἔπαρχος
1222 482 1443 532 παντοίαις
1470 488 1712 541 συμφοραῖς

206 555 255 601 τό
271 555 486 601 Ἰουδαίων
503 553 629 604 ἔθνος
651 553 936 608 καθυπέβαλε.
1716 558 1740 594 5

313 624 444 676 Γάϊος
478 621 708 683 ἀνδριάντα
732 621 886 667 ἑαυτοῦ
906 622 1014 674 Διὸς
1034 623 1263 681 ἐπιφανοῦς
1281 621 1542 677 καλουμένου
1565 621 1608 664 ἐν
1625 626 1714 671 τοῖς

205 693 509 757 Ἱεροσολύμοις
531 695 752 739 ἀναθεῖναι
769 695 999 754 Πετρωνίῳ
1019 698 1079 753 τῷ
1099 694 1259 750 Συρίας
1280 690 1446 751 ἐπάρχῳ
1469 691 1711 748 προσέταξε.

318 768 460 811 Φίλων
485 766 644 824 ἱστορεῖ
667 765 709 808 ἐν
731 768 790 824 τῷ
808 764 1142 823 ἐπιγεγραμμένῳ
1162 761 1271 822 λόγῳ
1299 760 1480 821 Φλάκκῳ
1505 761 1569 805 ὅτι
1585 778 1714 819 πρεσ-

209 837 329 895 βείαν
366 834 424 888 ὥς
454 837 545 895 περὶ
568 835 785 880 Ἰουδαίων
803 834 909 893 πρὸς
927 832 1058 878 Γάϊον
1077 831 1300 890 ἐποιήσατο
1313 866 1326 886 ‚
1362 829 1466 890 ὑπὲρ
1487 825 1545 876 ὧν
1570 829 1715 875 Φλάκ-

210 925 284 960 κος
307 907 528 958 Ἰουδαίοις
559 902 839 962 ἐπιβουλεύων
869 902 1038 949 εἰκόνων
1067 905 1136 948 καὶ
1169 901 1430 960 ἀνδριάντων
1457 905 1526 946 καὶ
1555 906 1714 958 βωμῶν
1730 907 1773 943 10

210 977 438 1023 ἀναθέσεσι
458 977 534 1028 τὰς
562 974 805 1033 συναγωγὰς
840 975 993 1030 ἐμίανε.
1041 972 1136 1018 τότε
1158 975 1228 1017 καὶ
1257 972 1279 1017 ὃ
1304 977 1389 1017 τῶν
1413 972 1716 1031 Ἀλεξανδρέων

211 1051 347 1107 δῆμος
365 1041 686 1103 συνεπιθέμενος
704 1046 901 1095 ποικίλως
916 1044 1147 1095 Ἰουδαίους
1166 1041 1376 1088 ἐκόλασεν.

174 1125 214 1171 C⁸
313 1115 547 1174 Ἰώσηππος
579 1118 648 1160 καὶ
684 1117 828 1159 Φίλων
859 1115 1098 1171 ἱστοροῦσιν
1131 1115 1174 1158 ἐν
1207 1121 1299 1165 ταῖς
1320 1111 1565 1168 ἁπανταχοῦ
1585 1129 1716 1156 συνα-

208 1195 362 1247 γωγαῖς
387 1187 600 1232 Ἰουδαίων
632 1182 887 1244 ἀνδριάντας
916 1187 986 1229 καὶ
1006 1182 1168 1236 εἰκόνας
1188 1188 1229 1228 Γ
1227 1187 1306 1245 α’ίῳ
1331 1185 1400 1228 καὶ
1418 1182 1591 1240 βωμοὺς
1611 1182 1715 1227 ἀνα-

208 1263 399 1316 τεθῆναι.
1729 1251 1772 1286 15

318 1324 498 1376 Τούτοις
538 1331 627 1376 τοῒς
650 1321 821 1383 χρόνοις
856 1324 1002 1380 Σίμων
1034 1321 1056 1368 ὅ
1088 1320 1224 1382 μάγος
1251 1321 1477 1381 Σαμαρεὺς
1506 1323 1549 1366 ἐκ
1573 1319 1718 1378 κώμης

210 1402 253 1444 Γ
249 1402 360 1442 ιτθῶ
383 1401 459 1453 τῆς
480 1396 721 1454 Σαμαρείας
741 1395 969 1453 ἀναφανεὶς
987 1395 1169 1446 πολλοὺς
1189 1392 1422 1451 ἐξηπάτησε
1445 1394 1630 1450 σημείοις
1647 1395 1717 1443 καὶ

209 1469 356 1528 τέρασι
386 1463 586 1523 ψεύδους,
621 1465 726 1524 πρὸς
754 1464 802 1510 ὃν
835 1466 1068 1520 Φίλιππος,
1106 1463 1164 1517 εἷς
1193 1469 1277 1509 τῶν
1301 1463 1388 1520 ἅμα
1419 1461 1623 1523 Στεφάνῳ
1654 1467 1715 1522 τῷ

210 1535 563 1597 πρωτομάρτυρι,
602 1540 770 1595 πρῶτος
813 1536 962 1588 ἐνστὰς
988 1534 1220 1595 κατῄσχυνε
1251 1535 1357 1591 μετὰ
1388 1534 1465 1591 τὴν
1495 1531 1715 1592 Στεφάνου

209 1610 419 1655 τελείωσιν
448 1604 654 1665 περιάγων
682 1605 763 1659 ἔξω
788 1610 865 1663 τῆς
886 1605 1183 1667 Ἰερουσαλὴμ,
1222 1603 1345 1664 ἡνίκα
1371 1605 1529 1662 λέγεται
1547 1609 1714 1663 πρῶτος
1725 1614 1773 1650 ΞΟ

303 1699 339 1735 1.
358 1696 572 1744 μοιχαλλίδι
582 1696 624 1731 B.
648 1694 841 1741 μοιχαλίδι
852 1694 901 1730 G.
993 1696 1030 1731 2.
1054 1696 1122 1742 τῆς
1140 1693 1336 1742 ἀποτομῆς
1353 1694 1395 1729 Β.
1420 1694 1467 1742 τῇ
1480 1691 1654 1742 ἀποτομῇ
1665 1694 1715 1728 G.

371 1744 407 1781 4.
441 1744 559 1789 Vulgo
583 1741 754 1790 Φλάγκος
764 1740 960 1790 Ἅγκύλιος.
993 1742 1225 1778 Emendatum
1243 1755 1286 1778 ex
1311 1742 1465 1778 Eusebio
1483 1754 1519 1788 p.
1538 1744 1621 1778 372.

302 1793 338 1829 5.
370 1792 656 1839 καθυπέβαλλεν
686 1791 729 1826 A.
873 1790 908 1826 6.
941 1789 1177 1836 καλουμένου
1204 1791 1277 1826 ΒΡ.
1311 1788 1530 1834 καλουμένῳ
1562 1790 1611 1824 G.

303 1841 340 1875 7.
364 1838 583 1884 ἀναθεῖναι]
610 1837 757 1885 ἀθῆνοιι
769 1837 842 1873 ΑΒ.
939 1839 973 1874 8.
994 1839 1029 1875 9.
1053 1838 1168 1884 Vulgo
1185 1835 1340 1884 Φλᾶγκιρ
1364 1842 1401 1872 et
1420 1833 1598 1882 Φλάγκος.
1624 1835 1715 1870 Vide

301 1885 490 1922 Eusebium
513 1899 550 1933 p.
569 1887 650 1922 372.
758 1887 813 1921 11.
841 1881 1037 1922 ἄνεθέσεσι
1059 1885 1104 1920 Β.
1211 1884 1295 1923 τότε
1315 1885 1393 1930 καὶ]
1418 1884 1481 1920 καὶ
1501 1896 1567 1919 om.
1584 1885 1632 1919 G.

305 1935 362 1969 12.
386 1933 563 1978 ποικίλως
584 1933 628 1968 Β.
657 1933 873 1974 ποικίλλους
889 1933 933 1968 Α.
958 1934 1155 1975 ποικίλους
1174 1932 1222 1968 G.
1337 1934 1392 1970 17.
1417 1931 1540 1980 γιτθῷ
1559 1931 1603 1966 Β.
1627 1943 1714 1976 γητ-

301 1981 366 2028 θῷ
384 1982 425 2015 Α.
451 1978 615 2025 Γητθαὶν
633 1981 682 2014 G.
830 1978 1065 2027 ἐξηπάτησεν
1087 1981 1128 2015 Β.
1154 1977 1322 2026 ἐξηπάτα
1342 1980 1390 2015 G.
1533 1980 1591 2016 18.
1617 1977 1712 2025 ἅμα]

301 2024 383 2073 ἅμα
399 2028 452 2076 τῷ
472 2028 522 2062 G.
628 2028 689 2063 19.
711 2026 919 2075 κατήσχυνε
937 2028 983 2063 Β.
1005 2028 1203 2074 κατίσχυεν
1222 2028 1272 2063 G.

209 2097 414 2133 Herodiade
435 2098 579 2134 moecha
598 2097 725 2133 missus
738 2116 756 2140 ,·
773 2102 930 2133 extrema
948 2100 1159 2144 paupertate
1180 2109 1322 2144 pressus
1345 2096 1457 2139 obiit3
1481 2095 1630 2142 puellam
1651 2105 1716 2129 au-

208 2149 279 2179 tem
298 2145 436 2181 choreis
459 2157 502 2180 ac
524 2145 640 2190 magni
666 2145 859 2191 prophetae
889 2145 1128 2191 praecursoris
1154 2150 1191 2180 et
1214 2144 1393 2192 baptistae
1417 2142 1558 2179 Ioannis
1585 2142 1714 2188 capitis

207 2191 422 2227 abscissione
439 2192 609 2227 celebrem
631 2195 729 2227 terra
742 2191 860 2227 vivam
879 2192 1082 2239 absumpsit.

165 2239 181 2245 ⁸
303 2238 451 2274 Flaccus
468 2239 603 2274 Avilius
621 2239 777 2286 Aegypti
802 2240 1002 2286 praefectus
1032 2238 1124 2275 omni
1151 2238 1386 2274 calamitatum
1415 2247 1548 2284 genere
1563 2235 1713 2271 Iudaeos

210 2285 367 2322 vexavit.

304 2331 413 2366 Caius
439 2330 621 2377 imaginem
650 2343 748 2367 suam
779 2332 876 2367 Iovis
899 2331 1052 2367 Illustris
1085 2335 1245 2368 vocatam
1270 2329 1524 2377 Hierosolymis
1553 2329 1713 2365 dedicari

135 2404 140 2409 -
210 2379 379 2415 Petronio
395 2378 521 2425 Syriae
540 2379 717 2424 praefecto
734 2380 770 2413 in
794 2380 966 2414 mandatis
987 2379 1098 2414 dedit.

305 2425 408 2461 Philo
425 2425 613 2472 opusculo,
637 2426 694 2461 cui
707 2425 857 2460 Flaccus
880 2437 1002 2460 nomen
1022 2426 1142 2466 dedit,
1166 2424 1211 2459 ad
1233 2423 1356 2460 Caium
1374 2436 1438 2471 pro
1456 2421 1596 2460 Iudaeis
1610 2424 1710 2468 lega-

211 2468 340 2508 ti6nem
358 2471 508 2508 subiisse
523 2477 656 2516 narrat,
683 2472 775 2518 quod
792 2472 939 2507 Flaccus
958 2471 1096 2508 Iudaeis
1116 2471 1302 2506 insidiatus
1326 2470 1500 2514 altarium,
1522 2471 1709 2516 imaginum

213 2520 543 2566 simulacrorumque
580 2519 738 2566 profanis
776 2519 1096 2554 consecrationibus
1127 2530 1247 2554 corum
1285 2530 1486 2565 synagogas
1517 2518 1709 2553 infecisset.

213 2567 329 2602 Huius
346 2578 451 2602 causa
466 2566 672 2601 Iudaeorum
693 2566 864 2611 integram
887 2567 1074 2613 perniciem
1098 2566 1237 2602 molitus
1257 2566 1568 2601 Alexandrinorum
1595 2575 1711 2611 popu-

213 2614 267 2650 lus
282 2614 399 2661 plures
417 2625 534 2649 corum
549 2612 658 2648 variis
676 2614 797 2658 poenis
815 2613 957 2651 afflixit.

306 2661 477 2707 Iosephus
495 2665 531 2696 et
539 2660 637 2695 Philo
654 2659 848 2704 simulacra,
860 2660 1041 2706 imagines,
1051 2659 1178 2697 altarIa
1196 2658 1326 2706 ubique
1341 2670 1406 2706 per
1422 2670 1540 2694 omnes
1558 2656 1708 2693 Iudaeo-

212 2717 288 2744 rum
307 2719 508 2753 synagogas
529 2707 617 2742 Caio
634 2714 837 2742 consecrata
855 2708 1023 2743 referunt.

304 2755 360 2789 Eo
389 2760 544 2801 tempore
562 2754 681 2788 Simon
708 2765 828 2799 magus
849 2754 1043 2789 Gethorum
1064 2753 1144 2789 vico
1163 2751 1378 2788 Samariensi
1403 2756 1501 2787 ortus
1530 2749 1639 2797 signis
1673 2754 1709 2786 et

211 2794 393 2837 fallacibus
420 2799 591 2847 prodigiis
623 2800 790 2848 plurimos
818 2801 976 2844 seduxit;
1000 2801 1035 2836 iu
1061 2812 1182 2847 quem,
1206 2800 1386 2845 Stephano
1404 2798 1562 2846 martyrii
1581 2808 1708 2833 corona

215 2847 311 2894 prius
335 2853 586 2891 consummato,
610 2851 765 2882 cunctam
790 2847 965 2894 regionem
989 2847 1241 2894 Hierosolymis
1258 2845 1501 2881 conterminam
1525 2845 1707 2890 Philippus

214 2895 479 2941 protomartyris
501 2894 673 2943 Stephani
704 2894 820 2931 socius
849 2894 1154 2937 circumlustrans,
1189 2892 1295 2930 animi
1326 2892 1434 2929 multa
1461 2892 1594 2928 fiducia
1627 2901 1707 2926 sese
