1800 3236
257 151 362 202 480
715 156 968 204 GEORGII
999 157 1288 204 SYNCELLI

258 268 411 330 βιβλίῳ
447 266 518 314 διὰ
560 264 588 313 ι’
624 272 772 326 γενεῶν
799 266 950 313 ἑαυτὸν
980 268 1248 327 καταγαγών,
1285 269 1329 313 ἓν
1361 269 1407 313 δὲ
1432 272 1492 330 τῷ
1523 264 1567 325 β’
1599 267 1667 312 διὰ
1701 265 1753 319 ις’

256 344 407 399 γενεῶν
446 338 581 391 οὕτως
616 337 766 382 ἑαυτὸν
805 342 1055 397 γενεαλογεῖ·
1092 339 1277 398 ’Ἔσδρας
1314 339 1404 391 υἱὸς
1441 339 1622 398 Σαρείου
1657 338 1753 382 υἱοῦ

252 410 442 470 Ἀζαρίου
481 410 574 454 υἱοῦ
611 409 772 452 Χελκία
806 409 901 452 υἱοῦ
941 408 1107 465 Σελοὺμ
1143 410 1238 454 υἱοῦ
1285 408 1483 455 Σαδδούκ
1515 409 1611 452 υἱοῦ
1640 407 1755 464 Ἀχι-

256 481 349 536 τώβ
385 481 480 524 υἴοῦ
510 479 731 536 Σαμαρεία
770 478 865 525 υἶοῦ
905 476 1076 537 Ἔσδρία
1117 481 1211 524 υῗοῦ
1245 479 1445 538 Μαρεώθ
1480 479 1574 523 υἱοῦ
1608 478 1754 534 Ζαρέα

258 552 352 595 υἱοῦ
377 551 485 604 Ὀζεὶ
510 549 604 593 υἱοῦ
632 550 783 592 Βοκκεὶ
814 549 908 592 υἱοῦ
931 548 1126 605 Ἀβισουὲ
1155 551 1249 595 υἱοῦ
1278 551 1420 601 Φινεὲς
1443 549 1538 593 υἱοῦ
1554 546 1783 606 Ἐλεάζαρὸ

258 622 354 665 υἱοῦ
373 618 536 678 Ἀαρὼν
569 623 644 663 τοῦ
676 619 814 677 ἱερέως
843 623 919 663 τοῦ
946 617 1130 678 πρώτου.
1169 622 1238 664 καὶ
1258 619 1478 679 ’ἀρχιερεὺς
1508 620 1554 663 δὲ
1579 618 1622 662 ἔν
1650 618 1756 662 τέλει

222 695 338 740 Βτοῦ
378 688 418 734 α’
451 690 618 747 βιβλίου
652 689 784 733 αὖτοῦ
816 690 1007 748 φέρεται,
1048 690 1090 734 ἓν
1122 689 1184 742 οἷς
1211 690 1434 750 γέγραπται
1462 687 1526 733 ὅτι
1560 690 1629 732 καὶ
1649 686 1756 732 εἶπεν

251 758 487 821 Ἀταράτης
504 759 666 822 ’Ἐσδρᾳ
694 764 753 819 τῷ
785 759 969 818 ἀρχιερεῖ
992 761 1062 803 καὶ
1086 760 1330 820 ἀναγνώστῃ
1355 762 1424 804 καὶ
1446 766 1533 810 τοῖς
1551 760 1757 809 Λευίταις

259 839 347 884 τοῖς
377 829 622 876 διδάσκουσι
650 830 699 874 τὸ
721 834 888 887 πλῆθος
907 831 972 873 ἐπὶ
992 828 1155 882 πάντας
1172 830 1198 888 ἦ
1218 830 1355 890 ἡμέρα
1373 829 1478 887 αὕτη
1499 830 1608 873 ἐστὶν
1630 827 1756 886 ἁγιω-

258 901 366 961 τάτη
386 906 445 963 τῷ
465 903 606 962 κυρίῳ.
645 899 701 952 ὥς
721 901 765 945 ἐκ
783 898 944 945 τούτων
963 891 1409 960 τεκμαίρεσθαι-ἡμᾶς,
1446 904 1608 956 μᾶλλον
1633 900 1679 942 δὲ
1698 901 1755 942 εἴ-
1769 903 1800 939 1(

258 980 350 1017 πεΐν
370 976 734 1031 πληροφορεΐσθαι
756 970 819 1015 ὅτι
844 970 971 1023 αὐτὸς
981 971 1165 1031 ’Έσδρας
1183 970 1391 1031 ἶεράτευσε
1412 970 1519 1027 μετὰ
1545 969 1619 1014 τὸν
1636 969 1760 1013 Ἰωα-

261 1045 353 1101 κεὶμ
380 1043 473 1087 υἱὸν
495 1042 635 1099 Ἰησοῦ
661 1047 736 1086 τοῦ
759 1041 969 1096 Ἰωσεδὲκ,
1009 1042 1083 1086 τὸν
1102 1043 1168 1086 ἐπὶ
1191 1048 1266 1100 τῆς
1285 1043 1449 1087 Ἰουδὶθ
1470 1043 1539 1085 καὶ
1554 1038 1760 1099 Ὁλοφέρ-

258 1132 334 1159 νου
355 1115 397 1158 ἓν
419 1119 507 1165 τοῖς
521 1111 690 1172 χρόνοις
707 1111 869 1171 Ξέρξου
892 1111 1286 1171 ἀρχιερατεύσαντα,
1310 1111 1367 1164 ὥς
1385 1116 1460 1169 τῆς
1478 1112 1659 1167 Νεεμίου
1681 1113 1758 1154 τοῦ

259 1182 450 1241 οἲνοχόου
478 1184 751 1242 Ἀρταξέρξου
779 1179 931 1226 τούτου
954 1181 1198 1239 ἀναβάσεως
1215 1184 1320 1240 μετὰ
1349 1181 1399 1241 ιγ’
1420 1182 1491 1239 ἔτη
1514 1181 1760 1240 τῆςἜσδρα

99 1262 143 1300 P.
165 1262 237 1300 253
261 1253 414 1300 τούτου
446 1252 628 1309 ἀνόδου,
668 1253 778 1297 κατὰ
807 1252 856 1296 τὸ
888 1250 925 1296 κ’
957 1252 1048 1305 ἴτος
1070 1253 1343 1313 Ἀρταξέρξου
1379 1256 1455 1297 τοῦ
1477 1251 1696 1308 βασιλέως.
1734 1249 1800 1295 51!

257 1326 338 1385 γὰρ
371 1323 498 1375 αὗτός
516 1323 790 1383 Ἀρταξέρξης
818 1321 1067 1383 Μακρόχειρ
1096 1326 1164 1368 καὶ
1194 1325 1267 1369 τὸν
1291 1322 1677 1383 ἀρχιερέα’Έσδραν
1698 1325 1759 1382 τῷ

258 1388 428 1455 ἔβδὸμῳ
459 1394 538 1438 ἔτει
569 1395 700 1439 αὐτοῦ
728 1392 887 1438 θεόθεν
915 1396 1099 1451 κινηθεὶς
1128 1395 1328 1452 ἐξέπεμψε
1359 1394 1464 1453 πρὸς
1486 1394 1760 1437 διδασκαλίαν

257 1471 345 1511 τῶν
377 1467 422 1510 ἐν
452 1463 726 1524 Ἰερουσαλὴμ
752 1465 981 1509 Ἰουδαίων.
1019 1468 1088 1508 καὶ
1123 1461 1249 1517 αὖθις
1276 1466 1349 1510 τὸν
1371 1465 1555 1520 Νεεμίαν
1577 1463 1685 1521 μετὰ
1707 1459 1760 1521 ιγ’

259 1536 331 1594 ἴτη
364 1535 470 1596 πρὸς
502 1535 779 1594 ἂνοικοδομὴν
807 1538 893 1580 τῶν
923 1538 1067 1592 τειχῶν
1096 1538 1253 1581 τελείαν
1275 1538 1344 1581 καὶ
1363 1540 1439 1594 τῆς
1462 1533 1621 1586 πόλεως
1638 1538 1697 1596 τῷ
1721 1531 1759 1577 κ’

353 1662 386 1697 1.
410 1659 558 1707 γενεῶν]
585 1658 714 1706 γενεάς
737 1659 786 1697 G.
877 1658 933 1706 τῷ
952 1656 1000 1706 β’]
1020 1659 1156 1706 Gap.7.
1250 1661 1287 1697 2.
1310 1659 1464 1706 σαρείου
1480 1658 1523 1694 Β.
1547 1657 1695 1705 Σαρίου
1707 1658 1758 1695 G.

351 1709 529 1755 Σαραίου
552 1707 680 1744 Esdra.
789 1708 825 1743 3.
858 1708 997 1743 Χελκία
1022 1707 1158 1742 correxi
1177 1720 1221 1744 ex
1237 1707 1368 1743 Esdra.
1403 1707 1515 1753 Vulgo
1540 1708 1669 1743 Ελκία.
1703 1703 1761 1741 ἐλ-

353 1757 436 1792 κεία
462 1756 501 1790 Β.
616 1751 761 1793 accensu
778 1755 821 1790 Β.
939 1753 975 1790 4.
1007 1756 1222 1802 Σαμαρειά]
1249 1756 1366 1802 Vulgo
1389 1754 1568 1800 Αμαρεία.
1686 1766 1760 1798 μα-

354 1802 485 1862 ραιώθ·
496 1804 558 1884 pb
600 1848 611 1862 ⁹
637 1805 674 1840 5.
701 1799 836 1884 «ignia.
854 1798 956 1884 5238?
968 1803 1009 1839 A.
1035 1803 1146 1885 ρὸζεὶ
1166 1805 1215 1839 G.
1303 1805 1440 1860 papus?
1457 1803 1498 1863 Β.
1524 1802 1651 1884 Βὸκκῆ
1664 1802 1744 1884 (449

356 1851 1687 1947 “mg-ogdsragi&zzzfioixr‘igargingikffssogdscrimurz-{3225}geliziiquksdgaiil’
1704 1873 1759 1931 est

354 1942 599 1992 Ἅτθαροὶτης.
686 1983 690 1987 ,
712 1949 768 1983 10.
792 1946 844 1993 τῷ
865 1945 998 1991 κυρίῳ]
1024 1946 1129 1987 „Huc
1146 1959 1259 1992 usque
1280 1946 1488 1988 Africanus,
1514 1949 1555 1980 ut
1578 1942 1756 1979 videtur.⁷‘

353 1993 565 2038 Anonymus.
685 1995 740 2030 11.
776 1991 997 2037 ἱερατεύσας
1026 1993 1074 2028 G.
1195 1996 1250 2030 12.
1284 1995 1355 2030 τοῦ
1378 1990 1555 2037 Ἰωσεδὲκ]
1580 1990 1671 2027 υἱοῦ
1690 1991 1763 2027 τοῦ

355 2039 515 2077 Ιωσεδὲκ
539 2041 587 2078 G.
718 2042 773 2077 13.
803 2037 1161 2086 ἀρχιερατεύσαντος
1183 2041 1224 2076 B.
1352 2038 1405 2082 ὥς
1427 2041 1495 2086 τῆς
1519 2041 1563 2075 Β.
1589 2037 1694 2080 ὅστις
1712 2039 1761 2075 G.

427 2088 484 2126 14.
508 2085 759 2136 Ἀρταξέρξου]
784 2089 857 2126 τοῦ
879 2086 1110 2135 Αρταξὲρξου
1136 2089 1184 2124 G.
1289 2090 1346 2125 17.
1369 2087 1631 2125 διδασκαλείαν
1654 2088 1696 2122 A.

261 2190 376 2226 tiones
391 2192 559 2229 tredecim
577 2194 753 2240 propriam
771 2193 958 2229 traducens
980 2192 1170 2239 originem3
1194 2192 1231 2227 in
1252 2192 1405 2228 secundo
1421 2204 1506 2228 vero
1526 2203 1591 2237 per
1610 2202 1761 2236 genera-

260 2238 375 2273 tiones
402 2240 550 2276 sedecim
568 2241 733 2287 propriae
763 2241 879 2286 gentis
908 2240 1031 2274 seriem
1058 2241 1124 2274 hoc
1154 2239 1274 2274 ordine
1300 2239 1465 2275 contexit.
1516 2238 1651 2278 Esdras
1668 2237 1760 2271 filius

261 2285 438 2329 Saraeae,
462 2288 527 2322 filii
546 2288 694 2323 Azariae
707 2313 717 2330 ,
741 2288 806 2322 filii
827 2287 1014 2325 Chelciae,
1039 2286 1103 2320 filii
1121 2287 1250 2321 Sellum
1263 2314 1272 2331 ,
1297 2287 1361 2322 filii
1382 2287 1547 2328 Sadduc,
1572 2285 1634 2320 filii
1655 2285 1762 2319 Achi-

260 2333 335 2375 tob,
359 2332 423 2368 filii
444 2335 633 2377 Samariae,
657 2335 721 2369 filii
740 2334 876 2376 Esriae,
902 2333 967 2367 filii
989 2334 1162 2376 Mareoth,
1187 2333 1251 2367 filii
1270 2334 1432 2377 Zaraiae,
1456 2333 1521 2368 filii
1537 2332 1671 2374 Oziae,
1696 2330 1760 2366 filii

261 2378 384 2422 Bocci‚
408 2380 470 2414 filii
489 2382 631 2423 Abisve,
655 2381 719 2416 filii
735 2381 898 2422 PhineeS,
922 2380 988 2415 filii
1013 2381 1190 2423 Eleazari,
1214 2380 1278 2417 filii
1299 2383 1416 2416 Aaron
1433 2379 1626 2416 sacerdotis
1645 2378 1760 2425 primi.

233 2431 235 2433 '
261 2425 427 2462 Pontifex
447 2427 549 2462 etiam
567 2429 764 2463 celebratur
783 2427 826 2463 ad
845 2427 925 2462 libri
942 2427 1044 2474 primi
1062 2429 1188 2463 calcem
1202 2454 1213 2471 ‚
1241 2429 1301 2464 ubi
1320 2429 1486 2476 scriptum
1505 2427 1661 2473 legimus.
1710 2425 1761 2460 Et

261 2473 354 2508 dixit
372 2474 576 2511 Artharates
595 2475 731 2510 Esdrae
750 2474 906 2523 pontifici
927 2482 965 2511 et
983 2475 1106 2510 lectori
1133 2481 1169 2511 et
1189 2475 1326 2519 levitis,
1350 2477 1410 2523 qui
1432 2476 1606 2512 docebant
1626 2473 1760 2519 plebem

262 2532 370 2568 super
389 2533 517 2559 omnes.
565 2522 650 2558 Dies
669 2522 724 2557 hic
753 2526 895 2557 sanctus
916 2528 973 2557 est
998 2523 1147 2558 domino.
1195 2523 1251 2557 Ex
1278 2523 1437 2559 hisvero
1463 2534 1531 2558 non
1559 2521 1761 2556 coniectura

262 2568 374 2612 modo,
394 2569 456 2604 sed
477 2574 514 2605 et
532 2569 724 2604 certissima
740 2569 1031 2605 demonstratione
1049 2570 1270 2616 percipimus,
1289 2576 1370 2618 post
1384 2570 1523 2612 Ioacim,
1541 2568 1619 2603 Iesu
1641 2567 1759 2608 filium,

262 2614 407 2651 Iosedec
431 2619 609 2663 nepotem,
637 2617 812 2663 pontificis
851 2616 1025 2661 dignitate
1049 2618 1167 2653 Iudith
1199 2625 1235 2654 et
1255 2616 1512 2665 Holophernis,
1541 2615 1609 2650 imo
1628 2613 1760 2650 Xerxis

263 2662 370 2698 etiam
388 2663 598 2710 temporibus
623 2663 846 2710 insignitum,
871 2664 1041 2708 Esdram,
1067 2665 1112 2699 de
1132 2677 1199 2712 quo
1221 2666 1322 2700 nobis
1344 2676 1457 2700 sermo
1470 2689 1481 2706 ‚
1504 2661 1674 2699 Neemiae
1696 2662 1760 2695 Ar-

263 2710 424 2745 taxerxis
439 2711 538 2746 huius
557 2711 744 2758 pincernae
763 2712 842 2746 viae
865 2723 1098 2747 successorem
1111 2738 1121 2755 ,
1145 2725 1166 2748 a
1192 2713 1324 2748 reditus
1342 2712 1396 2746 sui
1423 2722 1514 2746 anno
1535 2709 1667 2744 decimo
1685 2712 1759 2742 ter-

264 2756 317 2790 tio
337 2757 433 2803 regis
454 2758 659 2793 Artaxerxis
677 2759 846 2804 vigesimo
858 2784 869 2800 ,
894 2759 1114 2803 pontificatus
1132 2760 1255 2796 honori
1279 2758 1501 2795 successisse.
1548 2757 1760 2791 Artaxerxes

265 2802 376 2847 idem,
404 2805 605 2850 cognomine
624 2806 845 2850 Macrochir,
870 2805 988 2840 divino
1006 2810 1117 2841 motus
1145 2807 1318 2853 impulsu,
1342 2805 1489 2840 Iudaeos
1511 2800 1760 2848 Hierosolymis

265 2850 436 2896 degentes
454 2852 603 2888 Esdram
630 2853 827 2900 pontificem
859 2853 1074 2888 eruditurum
1092 2854 1204 2896 misit3
1229 2854 1431 2899 exactisque
1449 2852 1549 2887 annis
1575 2851 1618 2886 13
1636 2850 1681 2885 ad
1700 2848 1762 2883 ab·

267 2897 414 2934 solutam
435 2900 602 2936 moenium
630 2900 853 2949 civitatisque
872 2900 1150 2948 reparationem,
1182 2900 1381 2944 Neemhm,
1406 2900 1450 2936 ob
1478 2897 1659 2946 plurimam
1685 2903 1772 2932 cum*
