1800 3236
222 154 328 207 508
688 162 941 211 GEORGII
969 161 1257 211 SYNCELLI

226 274 334 335 μετὰ
357 277 495 322 rafim
521 279 599 334 τῆς
627 278 925 334 Μακεδονικῆς
944 275 1077 335 ἀρχῆς
1105 274 1182 321 σῦν
1202 279 1256 336 τῇ
1271 273 1493 335 Ἑλλαδικῇ
1512 271 1728 331 ἀντιποιη-

227 346 410 405 σάμενος
427 344 476 392 (ἓν
495 345 662 407 κράτος.
699 347 805 404 μετὰ
823 351 975 392 τοῦτον
998 345 1122 398 ὃυὶὂς
1138 344 1387 406 Δημήτριος
1407 345 1477 404 ἴτη
1495 343 1522 389 ι’
1531 343 1731 401 βασιλεύ-

190 427 314 470 Βσας
328 421 499 480 τελευτᾷ
526 417 767 462 καταλιπών
787 418 997 461 Φίλιππον
1018 416 1110 462 υἶόν
1131 415 1289 474 νήπιον.
1327 413 1481 461 τούτου
1511 415 1733 474 ἐπίτροπος

220 488 455 547 Ἀντίγονος
479 489 764 539 κατασταθεὶς
787 485 809 532 ὃ
828 488 1079 547 Δημητρίου
1109 494 1257 545 κρατεῖ
1277 485 1540 532 Μακεδόνων
1564 485 1634 543 ἴτη
1655 483 1727 541 ιβ’,

226 558 337 605 κατὰ
366 559 413 603 δὲ
448 558 522 603 τὸν
552 556 778 616 Διόδωρον
807 556 879 614 ἔτη
907 556 970 603 θ’.
1015 556 1122 611 μεθ’1
1156 557 1203 602 ὃν
1232 556 1253 602 ὃ
1295 559 1503 608 Φίλιππος
1530 556 1760 613 αὖξηθεὶςό

227 630 412 685 ἀπέλαβε
438 629 516 685 τὴν
546 626 748 689 πατρῴαν
768 628 922 687 ἀρχὴν,
959 629 1027 671 καὶ
1056 623 1179 686 ἦρξεν
1199 627 1270 685 ἕτη
1289 626 1378 684 μβ’.
1415 625 1570 673 τούτου
1591 630 1732 670 τελευ-

227 698 436 757 τήσαντος
468 699 680 751 διεδέξατο
713 698 790 756 τὴν
819 697 952 757 ἀρχὴν
973 698 1163 758 Περσεὺς
1182 696 1253 755 ἴτη
1275 696 1303 741 ι’
1324 698 1352 756 ἢ
1373 696 1447 754 θ’,
1485 695 1592 742 κατά
1616 714 1734 748 τινας

228 769 413 822 ὕστατος
447 769 646 827 βασιλεὺς
678 766 944 814 Μακεδόνων
981 768 1155 827 γεγονὼς
1182 766 1416 827 ὖποχείριός
1442 786 1488 814 τε
1513 766 1734 824 Ῥωμαίοις

231 842 302 886 καὶ
323 840 397 885 τὸν
417 842 512 896 βίον
532 842 708 898 οἰκτρῶς
729 839 1029 898 καταστρέψας
1048 839 1155 884 κατὰ
1176 838 1276 891 τούς
1291 837 1474 898 χρόνους
1494 843 1580 883 τῶν
1599 841 1731 882 Μακ-

228 912 430 968 καβαίων.
467 915 545 968 τῆς
571 911 648 968 μὲν
677 906 752 955 οὖν
782 910 889 969 πρὸς
903 908 1134 966 Ῥωμαίους
1163 911 1397 966 δυστυχοῦς
1412 907 1553 966 μάχης
1579 910 1731 952 Φίλιπ-
1744 914 1790 950 10

228 1000 310 1034 πος
349 984 636 1041 προκατῆρξεν
669 979 691 1025 ὅ
722 981 922 1040 Περσέως
953 980 1117 1038 πατὴρ,
1154 985 1231 1024 τοῦ
1265 982 1312 1025 δὲ
1342 982 1558 1037 αι’σχίστου
1589 979 1733 1030 τέλους

226 1053 421 1113 Περσεὺς
455 1052 663 1096 ἀπέλαυσε
692 1051 770 1096 σὺν
789 1059 878 1102 τοῖς
898 1048 976 1095 ὑπ’
1002 1050 1132 1095 αὐτὸν
1156 1049 1380 1095 Μακεδόσι
1413 1053 1482 1095 καὶ
1505 1058 1593 1102 τοῖς
1623 1067 1732 1105 συμ-

190 1121 476 1181 Ομαχήσασιν
500 1121 718 1181 Ἰλλυριοῖς
750 1124 819 1166 καὶ
848 1119 1124 1180 Ἠπειρώταις
1141 1123 1208 1165 καὶ
1227 1124 1487 1173 ΙΙἸολοσσοΐς.
1533 1122 1734 1176 Αῗμίλιος

226 1194 307 1253 γὰρ
341 1191 527 1251 Μάρκος
548 1191 765 1250 Ῥωμαίων
796 1190 959 1244 ὕπατος
989 1193 1059 1236 καὶ
1093 1191 1263 1249 ἄριστος
1293 1191 1528 1251 στρατηγὸς
1560 1191 1732 1248 Περσέα

228 1264 374 1321 λαβὼν
393 1260 674 1320 αῗχμάλωτον,
700 1267 851 1308 τοῦτον
861 1263 938 1319 μὲν
955 1261 1099 1307 ἄδικον
1120 1261 1459 1321 πρὸςῬωμαιόυς
1477 1259 1732 1319 ἐξαγαγόντα
1746 1267 1789 1303 15

228 1334 348 1394 παρὰ
365 1334 441 1386 τὰς
461 1331 681 1391 συνθήκας
699 1331 880 1389 πόλεμον
903 1335 961 1385 εἷς
981 1333 1207 1392 ἐλευθέραν
1228 1332 1409 1377 ἀπέθετο
1427 1331 1633 1391 φυλακὴν,
1656 1331 1733 1382 τὰς

230 1406 277 1450 δὲ
308 1403 447 1456 πόλεις
470 1401 735 1449 Μακεδόνων
762 1406 831 1448 καὶ
844 1404 1056 1462 Ἰλλυριῶν
1077 1401 1263 1455 ἁλούσας
1287 1403 1396 1462 παρ’
1423 1403 1571 1446 ἐλπίδα
1592 1399 1733 1452 πάσας

229 1475 457 1534 ἐλευθέρας
489 1474 649 1534 ἀφῆκε,
688 1476 823 1519 καίτοι
848 1472 1039 1532 μεγάλων
1071 1471 1278 1532 μεγάλους
1312 1470 1530 1523 κινδύνους
1555 1471 1732 1529 ὑπομει-

229 1544 393 1592 νάντων
419 1543 636 1601 Ῥωμαίων
662 1543 861 1597 πολλάκις
886 1546 930 1590 ἓν
963 1552 1052 1597 τοΐς
1080 1544 1185 1604 πρὸς
1213 1545 1382 1604 Περσέα
1404 1545 1600 1601 πολέμοις
1609 1577 1623 1598 ,
1662 1543 1731 1587 καὶ

229 1614 312 1675 πρό
341 1633 385 1674 γε
414 1614 568 1660 τούτου
596 1614 881 1675 κρατήσαντες
900 1615 1068 1676 πολέμῳ
1091 1617 1302 1659 Φιλίππου
1323 1619 1400 1660 τοῦ
1418 1614 1579 1674 πατρὸς
1598 1613 1729 1658 αὐτοῦ
1741 1621 1789 1657 20

232 1689 302 1731 καὶ
325 1684 538 1743 Ἀντιόχου
567 1691 643 1731 τοῦ
667 1684 874 1744 μεγάλου,
910 1688 978 1729 καὶ
1001 1691 1204 1730 τοσοῦτον
1227 1685 1295 1729 ἔπ’
1321 1685 1466 1737 αὐτοῖς
1485 1689 1732 1744 φιλανθρω-

230 1758 498 1811 πευθέντων,
537 1755 595 1809 ὥς
627 1757 687 1815 μὴ
717 1755 848 1814 μόνον
877 1756 955 1808 τὰς
977 1759 1192 1811 βασιλείας
1210 1756 1350 1802 αὐτῶν
1368 1755 1496 1813 ἔχειν,
1534 1755 1642 1799 ἀλλὰ
1663 1756 1731 1798 καὶ

326 1847 363 1883 2.
390 1844 609 1892 Δημήτριος
629 1858 674 1882 m.
707 1846 823 1893 Vulgo
841 1846 1074 1893 Δημητρίου.
1187 1846 1221 1883 3.
1245 1843 1480 1882 καταλειπών
1499 1845 1542 1882 Β.
1647 1846 1682 1878 4.
1710 1839 1731 1880 ὁ

326 1895 548 1940 Δημητρίου
583 1906 649 1929 om.
678 1894 734 1928 G:
768 1905 837 1928 non
868 1894 1032 1929 omiserat
1058 1892 1219 1939 Scaliger
1247 1905 1284 1940 p.
1312 1894 1370 1930 58.
1500 1893 1535 1928 7.
1569 1887 1593 1937 ἢ
1620 1887 1661 1926 θ’
1685 1891 1729 1926 Β.

326 1936 424 1978 ὅθεν
448 1942 494 1976 G.
596 1942 630 1978 8.
681 1939 830 1984 ασιλεΰς
848 1942 890 1979 Β.
914 1938 1136 1989 βασιλεύσας
1159 1941 1207 1977 G.
1311 1942 1347 1978 9.
1373 1940 1594 1987 μακαβαίωυ
1617 1938 1660 1973 Β.

327 1990 386 2025 12.
415 1985 614 2035 ἀπέλαυσε]
674 1989 756 2034 ulgo
774 1986 977 2036 ἀπήλαυσε.
1003 1986 1172 2034 ἀπήλασε
1194 1988 1238 2023 Β.
1353 1991 1436 2029 τοῖς
1456 1985 1532 2029 ὑπὸ
1548 1982 1731 2031 νΜακεδό-

323 2047 384 2072 σιν
407 2036 458 2072 G.
558 2038 618 2073 21.
642 2037 840 2082 τοσοῦτον]
864 2036 1054 2074 τοσούτων
1076 2036 1121 2074 Β.
1220 2036 1280 2073 22.
1304 2032 1433 2073 αὐτῶν
1457 2047 1523 2071 om.
1543 2034 1592 2071 G.

232 2106 456 2142 Graecanico
474 2118 558 2142 vero
577 2106 681 2142 etiam
701 2106 931 2142 Macedonico
946 2106 1146 2153 principatu
1161 2104 1347 2148 adiuncto,
1370 2116 1472 2141 unum
1493 2116 1537 2139 ex
1565 2103 1619 2138 bis
1647 2112 1731 2137 eon-

230 2153 350 2189 stituit
369 2154 560 2200 imperium.
618 2154 659 2189 In
687 2153 762 2189 eius
785 2154 897 2188 locum
923 2154 1017 2189 filius
1033 2152 1230 2189 Demetrius
1250 2153 1461 2198 subrogatus
1487 2155 1542 2186 est
1567 2154 1605 2185 et
1631 2148 1730 2184 annis

232 2200 353 2236 decem
375 2201 583 2247 imperavit,
607 2201 772 2248 Philippo
797 2200 870 2236 filio
899 2201 1049 2236 nondum
1075 2211 1220 2246 puerum
1245 2200 1436 2234 excedente
1453 2198 1590 2234 relicto.
1637 2196 1731 2231 Huic

232 2253 441 2294 procurator
471 2248 573 2283 datus
591 2248 786 2294 Antigonus
807 2259 952 2294 regnum
980 2247 1118 2283 invadit
1146 2251 1182 2281 et
1205 2250 1304 2281 tenet
1331 2245 1430 2281 annis
1462 2243 1664 2286 duodecim,
1689 2246 1731 2277 ut

232 2306 318 2330 vero
332 2294 530 2337 Diodorus,
553 2307 700 2338 novem3
733 2306 844 2341 eoque
870 2295 1007 2330 sublato
1025 2293 1208 2340 Philippus
1233 2292 1332 2327 annis
1358 2292 1524 2338 grandior
1548 2298 1730 2338 paternam

232 2340 311 2378 adit
329 2342 601 2384 haereditatem,
627 2354 695 2388 qua
712 2342 810 2376 annis
830 2342 878 2378 42
898 2342 1032 2387 potitus
1048 2345 1113 2376 est.
1161 2340 1216 2375 Eo
1235 2340 1312 2375 vita
1328 2341 1447 2375 functo
1466 2339 1605 2386 excepit
1620 2338 1729 2384 impe-

231 2389 321 2425 rium
340 2388 493 2424 Perseus
512 2389 611 2424 annis
629 2390 770 2431 decem,
795 2388 857 2435 qui
877 2389 1105 2424 Macedonum
1126 2387 1319 2434 principum
1336 2393 1532 2434 postremus
1548 2385 1667 2422 extitit
1693 2388 1730 2419 et

232 2447 256 2472 a
274 2435 439 2472 Romanis
456 2436 545 2472 bello
566 2442 690 2482 captus
707 2436 995 2471 Maccahaeorum
1015 2439 1134 2470 aetate
1152 2434 1258 2469 vitam
1276 2435 1401 2470 misere
1417 2434 1544 2470 finivit.
1591 2430 1730 2467 Infelici

232 2495 354 2531 pugna
380 2495 456 2518 cum
480 2483 645 2518 Romanis
671 2482 795 2518 Persei
820 2487 923 2529 pater
946 2483 1131 2529 Philippus
1161 2481 1325 2519 dimicare
1352 2487 1543 2528 coeperat;
1576 2480 1729 2515 Perseus

233 2535 349 2566 autem
378 2531 484 2567 etism
505 2530 757 2573 Macedonum,
779 2529 996 2576 Illyricorum
1010 2556 1022 2574 ‚
1046 2530 1270 2576 Epirotarum
1299 2534 1336 2565 et
1364 2529 1594 2575 Molossorum
1624 2525 1729 2560 sociis

233 2578 339 2614 armis
367 2578 539 2614 incassum
572 2577 715 2613 adiutus
751 2577 847 2612 vitae
876 2578 978 2613 finem
1010 2577 1098 2613 obiit
1125 2577 1370 2623 turpissimum.
1427 2577 1571 2613 Marcus
1598 2573 1730 2620 quippe

232 2624 400 2662 Aemilius
419 2625 649 2661 Romanorum
668 2623 789 2660 consul
813 2632 850 2659 et
870 2625 939 2659 dux
968 2624 1285 2672 praestantissimus
1313 2625 1480 2660 Perseum
1512 2621 1586 2668 egit
1613 2620 1730 2666 cspti-

232 2684 314 2708 vum
329 2678 367 2708 et
383 2672 511 2708 bellum
526 2671 680 2718 iniquum
698 2675 805 2717 rupto
822 2671 967 2708 foedere
989 2672 1115 2708 dudum
1136 2676 1327 2707 moventem
1346 2672 1410 2706 sub
1437 2668 1595 2706 custodia
1618 2667 1729 2703 libera

231 2719 404 2764 detinuit3
429 2718 675 2756 Macedonicas
696 2723 812 2754 autem
830 2722 868 2753 et
886 2719 1045 2764 Illyricas
1067 2720 1171 2754 urbes
1193 2719 1283 2754 bello
1317 2719 1431 2754 victas
1460 2715 1658 2763 frequentia
1687 2713 1729 2748 li-

232 2773 292 2803 cet
318 2767 355 2802 in
383 2768 435 2804 eis
458 2766 657 2804 edomandis
684 2765 841 2813 pericula
860 2765 1005 2801 Romani
1030 2766 1216 2802 subiissent
1247 2769 1284 2803 et
1311 2764 1553 2813 frequentibus
1586 2760 1728 2808 praeliis

232 2819 430 2850 certassent
455 2826 532 2850 cum
550 2813 706 2856 Perseo,
731 2817 873 2859 praeter
893 2825 988 2859 spem
1012 2813 1169 2849 libertati
1190 2813 1346 2848 restituit
1372 2815 1527 2848 cunctas.
1574 2809 1728 2855 Prospe-

232 2861 282 2897 ris
302 2874 386 2897 sane
404 2861 624 2898 successibus
643 2872 719 2896 cum
739 2859 816 2895 eius
835 2865 937 2906 patre
954 2860 1116 2906 Philippo
1136 2865 1172 2896 et
1190 2859 1359 2896 Antiocho
1383 2871 1506 2905 magno
1535 2869 1629 2892 arma
1655 2867 1729 2890 mo-
1767 2876 1771 2881 ‹

232 2914 357 2946 verant
375 2909 543 2954 Romani,
565 2920 678 2958 eoque
696 2907 921 2946 humanitatis
939 2919 1028 2955 erga
1045 2907 1124 2945 illos
1149 2911 1412 2956 processerant,
1435 2912 1477 2942 ut
1497 2916 1566 2942 non
1584 2914 1728 2950 regnum
