1800 3236
215 181 321 235 582
682 186 936 235 GEORGII
964 185 1252 234 SY'NCELLI

219 302 267 348 δὲ
297 298 481 346 ἐκπεσών
513 298 563 345 τό
599 298 676 357 μέν
706 303 876 358 πρῶτον
905 298 1094 358 Μαλίχῳ
1136 301 1197 358 τῷ
1229 300 1315 345 τῶν
1337 292 1531 358 Ἀράβων
1561 301 1732 355 βασιλεῖ’

216 369 490 432 προσᾳεύγει·
526 369 584 423 ὥς
604 369 647 414 δ’
675 368 724 415 οὗ
752 366 995 428 προσήκατο
1019 367 1149 412 αὐτὸν
1170 366 1294 430 φόβῳ
1315 373 1401 413 τῶν
1422 366 1645 428 Πάρθων,
1670 372 1727 422 εἷς

179 441 526 502 ΒἈλεξάνδρειαν
571 440 689 499 παρὰ
723 437 1006 498 Κλεοπάτραν
1040 438 1245 495 ἀπῆλθεν.
1292 435 1345 495 ’ἦν
1376 439 1586 496 ὀλυμπιὰς
1618 437 1726 498 ρπε’.

217 511 476 571 Κλεοπάτρα
511 510 586 555 τὸν
621 507 1019 566 συμβασιλεύσαντα
1070 508 1179 568 αὗτῇ
1228 508 1410 569 ἀδελφὸν
1441 509 1725 554 ἀποκτείνασα

219 584 327 644 πρὸς
378 581 605 639 ἀπολογίαν
654 577 732 624 ὕπ’
775 579 1000 625 Ἀντωνίου
1043 580 1100 631 εἲς
1130 575 1324 624 Κιλικίαν
1368 584 1755 638 μεταπεμφθεῖσαό

218 655 298 712 τὴν
317 657 394 711 τῆς
416 652 548 711 ἀρχῆς
566 650 799 707 ἐπιμέλειαν
819 650 1045 708 ἐπέτρεψεν
1061 646 1260 709 Ἡρώδῃ,
1298 651 1367 694 καὶ
1387 648 1444 702 ὥς
1466 649 1587 695 οὐδὲν
1607 649 1726 707 ἠξίου

220 721 493 769 πιστεύεσθαι
531 720 573 773 ἴς
603 721 646 765 τ’
681 719 734 765 ἂν
763 724 963 779 καταχθῇ
999 720 1058 771 εἷς
1086 719 1163 777 τὴν
1196 718 1351 764 ἑαυτοῦ
1380 719 1512 778 ἀρχὴν
1522 754 1536 776 ,
1571 719 1728 777 ἔχουσα

219 794 350 841 αὐτὸν
369 791 433 854 ᾔει
449 791 567 852 παρὰ
580 788 818 837 Ἀντώνιον.
855 789 913 843 ὥς
933 791 979 834 δὲ
998 787 1150 834 ἆλώκει
1171 794 1248 848 τῆς
1265 791 1459 848 γυναικὸς
1478 790 1600 849 ἔρωτι
1610 823 1626 846 ,
1651 790 1726 835 τὸν

213 863 413 925 ’.Ηρώδην
441 862 676 908 ἀπέστειλεν
712 863 770 914 εἷς
790 859 956 919 Ῥώμην
977 859 1086 905 κατὰ
1125 860 1199 904 τὸν
1229 861 1448 917 Σεβαστὸν
1466 858 1726 915 Ὀκταούιον,

219 934 269 988 ὃς
299 933 370 980 διά
395 952 440 979 τε
462 933 740 992 Ἀντίπατρον
764 932 841 976 τὸν
858 928 1055 990 Ἡρώδου
1075 930 1238 989 πατέρα
1260 933 1330 974 καὶ
1351 930 1414 975 δι’
1438 930 1567 976 αὗτόν
1585 928 1728 989 ςΗρώ-
1740 939 1787 975 10

221 1007 301 1063 δην
331 1003 404 1050 διά
431 1022 475 1049 τε
495 1003 545 1048 τὸ
568 1001 651 1047 ὑπὸ
670 1000 872 1061 Πάρθων
890 998 1190 1046 καθεστάσθαι
1213 1001 1287 1045 τὸν
1297 1001 1531 1060 Ἀντίγονον
1550 1001 1730 1057 βασιλέα

220 1076 424 1121 ἐπέστειλε
449 1081 537 1126 τοῖς
567 1074 610 1118 ἓν
627 1074 896 1132 Παλαιστίνῃ
914 1073 985 1116 καὶ
1012 1073 1145 1133 Συρία
1166 1079 1413 1130 στρατηγοῖς
1434 1070 1627 1129 κατάγειν
1650 1072 1730 1115 αὗ-

219 1145 295 1191 τόν
325 1147 391 1190 ἐπὶ
417 1145 493 1203 τὴν
517 1141 663 1203 ἀρχήν.
702 1145 770 1187 καὶ
790 1142 880 1199 ἅμα
902 1143 1054 1203 Σωσίῳ
1074 1142 1302 1198 διεπολέμει
1326 1143 1434 1201 πρὸς
1453 1142 1528 1186 τὸν
1545 1142 1730 1199 Ἀντίγο-

61 1222 103 1259 P.
128 1223 199 1259 308
222 1235 296 1261 νον
313 1214 455 1276 χρόνῳ
474 1218 616 1274 πολλῷ
638 1215 706 1258 καὶ
725 1214 944 1265 παντοίαις
963 1210 1132 1270 μάχαις.
1153 1210 1249 1256 τότε
1266 1214 1335 1256 καὶ
1349 1210 1583 1270 Ἰώσηππος
1605 1212 1731 1256 ἀδελ-

222 1287 302 1346 φὸς
315 1284 511 1345 εΗρώδου
533 1282 795 1341 ἀποθνήσκει
813 1287 1074 1342 στρατηγῶν.
1109 1280 1307 1341 ἸΙρώδου
1327 1284 1372 1327 δὲ
1389 1283 1495 1342 πρὸς
1509 1278 1731 1327 Ἀντώνιον
1741 1292 1788 1330 15

219 1354 448 1410 ἐλθόντος,
487 1356 585 1414 τρία
633 1354 705 1412 ἴτη
741 1354 816 1398 τὸν
843 1353 1079 1412 Ἀντίγονον
1119 1351 1465 1412 ἐξεπολιόρκησαν
1491 1355 1560 1397 καὶ
1597 1354 1732 1407 ζῶντα

221 1425 479 1482 ἇπεκόμισαν
504 1425 726 1485 Ἀντωνίῳ.
757 1423 981 1475 Ἀντώνιος
1010 1424 1056 1467 δὲ
1069 1421 1267 1482 ζΗρώδην
1288 1424 1364 1480 μὲν
1386 1425 1456 1467 καὶ
1478 1423 1607 1475 αὐτὸς
1625 1423 1731 1481 άνη-

219 1495 391 1556 γόρευσε
421 1496 624 1552 βασιλέα,
662 1495 902 1553 προσέθηκε
928 1495 975 1539 δὲ
1006 1493 1121 1555 αὐτῷ
1155 1492 1295 1545 πόλεις
1324 1492 1495 1549 Ἵππον,
1532 1491 1728 1553 Γάδαρα,

219 1566 385 1622 Γάζαν,
416 1565 614 1623 Ἰόππην,
644 1564 888 1622 Ἀνθηδόνα
921 1566 991 1609 καὶ
1021 1568 1099 1621 τῆς
1117 1563 1320 1622 Ἀραβίας
1346 1563 1421 1609 τόν
1450 1582 1495 1609 τε
1519 1562 1731 1623 Τράχωνα

220 1639 291 1682 καὶ
321 1637 399 1694 τὴν
430 1636 667 1695 Αὐρανῖτιν
699 1637 768 1679 καὶ
798 1637 962 1681 Σακίαν
980 1636 1048 1679 καὶ
1073 1633 1326 1692 Γαυλάνην,
1366 1634 1474 1694 πρὸς
1492 1636 1626 1679 δὲκαὶ
1652 1640 1788 1692 τῆς20

221 1709 382 1767 Συρίας
412 1704 654 1765 ἐπιτροπήν.
687 1704 887 1764 ζΗρώδης
911 1704 994 1749 ὑπὸ
1021 1708 1099 1762 τῆς
1132 1702 1368 1763 συγκλήτου
1392 1708 1462 1749 καὶ
1480 1705 1729 1750 Ὀκταουίου

220 1782 297 1823 τοῦ
336 1781 558 1834 Σεβαστοῦ
595 1777 796 1833 βασιλεὺς
817 1777 1037 1821 Ἰουδαίων
1072 1774 1337 1835 ἀνηγορεύθη
1368 1777 1437 1821 καὶ
1464 1776 1730 1832 ἐβασίλευσεν

316 1867 352 1902 6.
377 1866 444 1911 τῆς
460 1866 501 1900 Β.
522 1863 664 1912 ταύτης
685 1866 766 1902 AG.
884 1863 1014 1912 ἀρχῆς]
1041 1861 1161 1910 ἀρχὴν
1187 1865 1229 1900 Α.
1346 1866 1381 1901 8.
1416 1862 1491 1911 ᾔει]
1516 1865 1556 1912 ἴη
1580 1867 1622 1901 Β.

318 1911 361 1949 δ’
393 1912 548 1950 ἑαλώκει
573 1914 621 1952 G.
757 1913 814 1950 ll.
847 1913 962 1959 Vulgo
989 1913 1259 1948 κατεστᾶσθαι.
1392 1915 1448 1949 16.
1472 1913 1560 1948 Post
1595 1912 1729 1950 ἐλθόν·

316 1973 382 2001 τος
405 1961 440 1995 G
463 1960 622 1997 lacunam
640 1959 784 1996 indicat.
881 1958 1152 2005 ἐπολιόρκησαν
1174 1961 1223 1994 G.
1328 1960 1384 1995 19.
1405 1957 1593 2007 Ἀραβίας]
1616 1961 1729 2006 μέρος

315 2007 417 2042 addit
438 2019 482 2043 m.
582 2010 641 2043 20.
665 2004 864 2051 αὐρανίτιν
882 2008 925 2043 A.
952 2006 1162 2055 αὐρανίτην
1189 2007 1233 2043 Β.
1257 2007 1460 2054 Αβρανίτιν
1479 2009 1527 2045 Gr.
1623 2011 1729 2045 Pav-

314 2053 447 2101 λάνην]
473 2053 677 2105 Γαβλάνην
701 2056 750 2090 G.

223 2124 362 2174 quidem
383 2125 429 2160 ad
449 2125 638 2162 Malichum
658 2125 811 2161 Arabum
829 2123 1023 2171 principem
1040 2136 1079 2159 se
1098 2124 1257 2166 confert,
1282 2134 1304 2158 a
1328 2135 1396 2170 quo
1416 2124 1628 2161 Parthorum
1654 2137 1728 2161 me-

222 2176 261 2206 tu
287 2173 446 2217 repulsus
467 2173 712 2208 Alexandriam
734 2174 780 2207 ad
804 2172 1027 2218 Cleopatram
1045 2171 1172 2206 tendit.
1220 2171 1482 2207 Numerabatur
1501 2178 1584 2207 tunc
1603 2173 1728 2219 Olym-

226 2219 304 2267 pias
326 2220 407 2255 185.
456 2219 647 2266 Cleopatra
667 2221 780 2255 fratre
806 2221 908 2264 regni
930 2224 1091 2253 consorte
1109 2218 1225 2253 occiso
1248 2217 1293 2252 ad
1313 2229 1449 2253 causam
1470 2219 1651 2256 dicendam
1682 2221 1727 2256 ab

222 2264 373 2300 Antonio
391 2265 427 2300 in
450 2265 609 2302 Ciliciam
628 2270 774 2309 vocata,
797 2265 900 2311 regni
917 2277 1031 2300 curam
1054 2264 1268 2300 commendat
1288 2264 1441 2307 Herodi,
1467 2266 1525 2312 qui
1544 2267 1587 2302 ab
1609 2279 1651 2301 ea
1671 2267 1728 2302 ni-

222 2311 274 2346 hil
292 2311 443 2347 obtinuit
459 2324 526 2358 quo
542 2314 769 2349 reduceretur
784 2311 819 2347 in
838 2323 1005 2357 regnum3
1031 2322 1071 2346 eo
1089 2311 1237 2347 subinde
1254 2311 1333 2346 viae
1348 2313 1472 2348 comite
1489 2313 1532 2348 ad
1543 2314 1726 2350 Antonium

222 2358 467 2406 proficiscitur.
514 2360 578 2394 Ille
603 2359 757 2395 mulieris
785 2363 911 2405 captus
940 2357 1114 2393 illecebris
1130 2357 1304 2393 Herodem
1339 2359 1384 2393 ad
1405 2359 1594 2396 Octavium
1620 2361 1726 2405 misit,

223 2405 286 2453 qui
313 2411 385 2440 tum
413 2404 589 2452 Antipatri
606 2406 759 2442 Herodis
783 2405 942 2451 parentis
966 2409 1037 2439 tum
1069 2405 1221 2440 Herodis
1248 2404 1360 2451 ipsius
1388 2418 1538 2451 memor,
1567 2412 1604 2443 et
1633 2409 1726 2455 quod

221 2451 371 2498 denique
398 2452 607 2489 Parthorum
632 2453 735 2488 armis
758 2463 902 2498 regnum
937 2452 1113 2487 obtineret
1142 2452 1362 2498 Antigonus,
1397 2453 1490 2489 datis
1521 2455 1567 2491 ad
1597 2455 1725 2502 Syriae

219 2498 509 2545 Palaestinaeque
534 2499 640 2535 duces
665 2499 812 2541 litteris,
845 2503 886 2533 ut
911 2499 1086 2535 Herodem
1116 2499 1154 2534 in
1183 2511 1327 2544 regnum
1352 2504 1546 2547 reponant,
1571 2503 1725 2538 mandat.

220 2545 361 2582 Exinde
379 2546 482 2581 Sosio
509 2545 645 2581 iunctus
663 2546 844 2588 Herodes,
868 2546 976 2580 variis
996 2545 1138 2591 praeliis
1169 2558 1211 2581 ac
1236 2559 1305 2581 non
1326 2547 1453 2594 exiguo
1481 2549 1646 2595 temporis
1668 2549 1726 2584 in·-

219 2592 394 2635 tervallo,
419 2604 496 2629 cum
513 2593 687 2638 Antigono
717 2592 819 2627 armis
845 2593 1061 2630 decertabat.
1109 2594 1181 2628 Per
1206 2593 1243 2628 id
1263 2598 1398 2640 tempus
1418 2595 1587 2641 Iosephus
1606 2597 1725 2631 Hero-

221 2640 276 2674 dis
293 2640 405 2675 frater
421 2652 507 2676 unus
527 2652 547 2675 e
565 2640 743 2686 copiatum
766 2640 971 2675 ductoribus
991 2640 1163 2675 occumbit
1181 2640 1217 2675 in
1237 2640 1381 2687 praelio.
1428 2642 1571 2678 Herode
1589 2643 1634 2677 ad
1650 2645 1726 2679 An-

219 2687 350 2722 tonium
368 2687 526 2732 profecto
550 2711 775 2724 .......
801 2698 908 2722 annos
933 2693 1007 2723 tres
1027 2687 1240 2723 obsidionem
1261 2693 1508 2734 protraxerunt
1529 2694 1565 2725 et
1586 2690 1632 2725 ad
1651 2693 1724 2726 An-

219 2733 350 2768 tonium
369 2734 504 2769 demum
522 2733 700 2769 deduxere
717 2733 856 2776 vivum3
884 2734 1054 2769 Antonius
1077 2735 1155 2781 ipse
1170 2735 1347 2770 Herodem
1367 2736 1586 2772 renunciavit
1602 2749 1723 2784 regem

218 2791 260 2815 ac
277 2779 420 2827 insuper
438 2781 543 2816 urbes
561 2781 647 2817 alias
668 2780 912 2827 gubernandas
932 2781 1156 2817 demandavit
1177 2782 1332 2829 Hippum
1345 2807 1356 2825 ,
1379 2782 1525 2819 Gadara
1537 2809 1547 2826 ‚
1573 2785 1724 2827 Gazam,

218 2826 371 2873 Ioppen,
399 2828 633 2864 Anthedonem
661 2833 698 2863 et
715 2827 868 2863 Arabiae
898 2833 1056 2874 partem,
1080 2829 1325 2865 Trachonitim
1354 2833 1392 2864 et
1408 2831 1625 2874 Aur-unitim,
1653 2833 1723 2867 Sa-

219 2872 307 2908 ciam
326 2878 362 2908 et
381 2874 586 2918 Gaulanem,
609 2876 788 2923 ipsamque
807 2879 980 2923 postremo
998 2875 1138 2921 Syriam
1157 2875 1408 2922 procurandam
1426 2877 1607 2913 commisit.
1645 2879 1723 2915 He·-

219 2920 323 2957 rodes
348 2933 370 2958 a
388 2927 510 2958 senatu
539 2928 576 2960 et
595 2922 747 2960 Octavio
767 2923 923 2974 Augusto
952 2933 1017 2958 rex
1044 2922 1243 2960 declaratus
1270 2924 1370 2960 annis
1392 2923 1542 2972 triginta
1570 2930 1723 2974 quatuor
