1800 3236
279 158 384 209 430
723 164 976 211 GEORGII
1005 163 1292 210 SYNCELLI

389 279 541 320 Ταῦτα
567 274 793 332 Εὐσέβιος,
828 273 1045 327 ὑποτάξας
1069 279 1130 335 τῷ
1160 273 1215 319 ια’
1241 274 1319 320 ἔτει
1346 276 1540 321 ’Σεδεκίου
1570 275 1649 334 τὴν
1671 274 1785 321 ἄπα-

282 348 488 407 ρίθμησιν
506 350 592 390 τῶν
613 344 649 390 ο’
669 351 745 403 τῆς
759 347 1049 402 αῗχμαλωσίας
1073 346 1178 390 ἐτῶν
1202 345 1286 390 ἀπὸ
1304 351 1380 390 τοῦ
1399 344 1448 390 θ’
1470 346 1590 398 ἔτους
1603 345 1786 391 Ἀστυά-

266 426 376 477 γους
394 418 615 472 πεποίηται
635 417 712 467 ἔως
730 420 806 460 τοῦ
820 414 886 472 λη’
900 415 1033 459 αὐτοῦ
1057 415 1176 468 ἔτους
1194 415 1265 474 ἔτη
1287 414 1324 460 κ’
1349 415 1621 475 λογισάμενος
1645 417 1759 477 αὐτῷ
1771 431 1782 442 ·

241 488 387 546 epte-3²
412 487 460 532 ὃν
491 485 639 544 Κύρου
659 490 826 544 πρῶτον
850 485 942 537 ἔτος
960 489 1171 545 παραθεὶς
1187 485 1336 545 γράφει
1355 487 1461 546 πρὸς
1490 487 1598 540 λε’ξιν
1620 492 1780 531 ταῦτα·

282 562 430 616 Κῦρος
459 557 584 614 ἀνῆκε
612 556 689 612 τὴν
722 558 1011 613 αἰχμαλωσίαν
1036 561 1111 601 τοῢ
1135 558 1352 602 Ἰουδαίων
1377 558 1546 616 γένους,
1591 558 1698 602 καθ’
1734 556 1800 602 &ve

279 625 585 678 ἐπανελθόντες
616 626 699 671 ἀπὸ
733 632 809 683 τῆς
830 629 1110 682 Βαβυλωνίας
1139 627 1248 686 ἀμφὶ
1277 628 1355 679 τὰς
1381 626 1411 672 ε’
1439 626 1651 686 μυριάδας
1675 628 1787 672 Ἰου-

279 700 412 743 δαίων
444 698 492 742 τὸ
523 696 832 755 θυσιαστήριον
863 698 1032 755 ἤγειραν
1061 699 1128 741 καὶ
1158 700 1382 754 θεμελίους
1409 697 1689 754 κατεβάλοντο
1708 702 1786 742 τοῦ

280 770 408 827 ἱεροῦ.
447 773 532 812 τῶν
555 769 601 812 δὲ
621 770 838 826 περιοίκων
858 769 995 812 ἐθνῶν
1017 766 1270 825 ἐπισχόντων
1290 769 1459 825 διέμεινε
1484 769 1532 813 τὸ
1556 768 1672 826 ἔργον
1689 768 1786 812 ἀτε-

278 841 346 891 λὲς
362 839 483 899 μέχρι
501 840 688 897 Δαρείου
707 843 782 883 τοῦ
795 837 1056 893 εΥστάσπου,
1093 838 1225 895 μόνου
1239 843 1314 883 τοῦ
1335 841 1643 897 θυσιαστηρίου
1663 856 1786 882 συνε-

278 916 455 962 στῶτος.
493 907 715 967 συνάγεται
747 910 793 953 δέ
823 907 844 953 ὃ
884 915 967 961 πᾶς
1001 908 1156 967 χρόνος
1177 914 1251 967 τῆς
1274 911 1561 966 αι’χμαλωσίας
1583 914 1658 953 τοῦ
1678 910 1800 953 'Iov-1

282 982 414 1026 δαίων
452 980 607 1031 ἔθνους
637 980 708 1037 ἔτη
743 978 805 1035 ο’,
845 979 1140 1038 ἀριθμούμενα
1173 980 1281 1024 κατὰ
1297 981 1374 1036 μὲν
1397 980 1512 1032 τινὰς
1535 979 1617 1024 ἀπὸ
1641 982 1786 1039 τρίτου

280 1051 402 1103 ἔτους
423 1051 613 1107 Ἰωακεὶμ
647 1051 712 1094 ἐπὶ
746 1048 782 1094 κ’
812 1049 904 1102 ἔτος
933 1049 1081 1107 Κύρου
1111 1055 1187 1094 τοῦ
1211 1054 1393 1108 ΙΙερσῶν
1413 1050 1643 1107 βασιλέως,
1679 1049 1789 1094 κατὰ

281 1123 330 1166 δὲ
363 1121 531 1179 ἑτέρους
559 1121 642 1164 ἀπὸ
677 1126 754 1177 τῆς
793 1120 925 1180 ἀρχῆς
950 1126 1027 1177 τῆς
1056 1123 1313 1180 προφητείας
1338 1119 1557 1179 Ἰερεμίου,
1595 1120 1623 1178 ’ἢ
1651 1121 1788 1178 γέγονε

282 1193 391 1237 κατὰ
410 1192 457 1236 τὸ
483 1189 532 1249 ιγ’
553 1190 644 1243 ἔτος
659 1192 823 1235 Ἰωσίου
843 1191 1050 1247 βασιλέως
1076 1192 1303 1236 Ἰουδαίων.
1343 1191 1427 1236 ἀπὸ
1451 1192 1497 1235 δὲ
1513 1195 1589 1235 τοῦ
1613 1189 1645 1234 ε’
1667 1191 1788 1242 ἔτους

241 1267 362 1320 Βτῆς
390 1263 649 1321 προφητείας
673 1260 870 1320 Ἱερεμίου
903 1262 967 1306 ἐπὶ
994 1262 1042 1306 τὸ
1073 1261 1113 1306 α’
1143 1262 1235 1314 ἔτος
1264 1260 1413 1320 Κύρου
1440 1261 1510 1320 ἔτη
1530 1259 1565 1306 ο’
1586 1263 1800 1319 γίνονταιΓ

278 1338 358 1391 τῆς
403 1334 449 1377 δὲ
489 1334 665 1391 ἐρημίας
694 1337 770 1377 τοῦ
816 1333 929 1391 ἱεροῦ
967 1331 994 1390 ἡ
1032 1330 1418 1390 ἕβδομηκονταετὴς
1457 1332 1788 1387 ἀποπεραιοῦται

280 1403 391 1448 κατὰ
427 1402 476 1448 τὸ
511 1401 554 1460 β’
593 1402 686 1455 ἔτος
718 1405 905 1462 Δαρείου
934 1408 1011 1447 τοῦ
1048 1407 1229 1462 Περσῶν
1260 1403 1479 1459 βασιλέως.
1518 1401 1582 1447 ὅτι
1608 1404 1685 1459 μέν
1711 1398 1786 1446 οὖν

279 1472 432 1518 ἐαυτὸν
462 1475 768 1532 παρελογίσατο
799 1475 868 1518 καὶ
887 1473 964 1531 τὴν
981 1472 1186 1531 ἀλήθειαν
1206 1475 1249 1518 ἐν
1275 1481 1362 1526 τοῖς
1386 1473 1469 1518 ἀπὸ
1490 1477 1565 1517 τοῦ
1589 1470 1644 1517 ια’
1667 1472 1788 1525 ἔτους

113 1548 160 1584 V.
185 1548 255 1588 182
278 1545 475 1590 Σεδεκιόυ
495 1544 571 1595 ἔως
594 1549 670 1588 τοῦ
688 1543 731 1601 β’
746 1545 865 1596 ἔτους
874 1546 1061 1601 Δαρείου
1081 1549 1157 1589 τοῦ
1171 1542 1413 1589 εΥστάσπου
1435 1544 1487 1588 τὰ
1511 1541 1547 1588 0'
1557 1543 1627 1601 ἔτη
1647 1545 1787 1587 ἐπιλο-

277 1613 504 1674 γισάμενος
538 1613 734 1674 φανερόν.
786 1615 896 1659 ἄνθ’
940 1609 998 1659 ὧν
1030 1615 1109 1674 γὰρ
1139 1616 1264 1674 ἐχρῆν
1289 1615 1418 1659 αὐτὸν
1438 1614 1493 1659 τὰ
1511 1614 1636 1658 λοιπὰ
1654 1611 1691 1658 κ’
1713 1613 1800 1671 ἔτηέ

278 1691 358 1731 τοῦ
391 1685 791 1746 Ναβουχοδονόσωρ
805 1720 819 1740 ,
855 1689 932 1730 τοῦ
967 1688 1037 1730 καὶ
1067 1686 1144 1744 τὴν
1164 1686 1320 1731 ἅλωσιν
1339 1690 1415 1731 τοῦ
1435 1684 1588 1737 ἔθνους
1605 1701 1787 1742 ποιησα-

374 1810 410 1846 3.
437 1805 562 1846 αὐτοῦ
586 1806 694 1852 ἔτους
719 1809 764 1845 Β.
791 1808 899 1850 ἔτους
917 1806 1043 1845 αὐτοῦ
1061 1810 1109 1847 G.
1203 1808 1250 1856 κ’]
1276 1807 1306 1846 λ’
1330 1821 1376 1845 m.
1478 1806 1515 1845 4.
1537 1805 1691 1854 γράφει]
1711 1806 1787 1842 Eu-

372 1856 493 1892 sebius
511 1869 547 1903 p.
569 1856 651 1894 332.
673 1858 864 1893 chronicon
882 1857 1048 1903 paschale
1066 1869 1101 1903 p.
1125 1854 1205 1894 142.
1347 1858 1380 1894 7.
1404 1856 1497 1897 τούς
1518 1857 1719 1901 θεμελίους
1738 1855 1786 1889 G.

375 1953 397 1989 8
435 1903 714 1988 ἐκέκτεροὶλονωΘ
723 1906 767 1940 Β.
792 1904 1143 1990 καῖἷβάξλοντοῆθὰ
1163 1903 1582 1990 κατέβαλοιὲοὴῐοηίἷὲη
1607 1901 1785 1986 ροξοῆαἰο.

401 1977 409 1985 .
486 1964 652 1988 νωνοῐῃ.
717 1979 762 1987 ,7
887 1966 974 1987 ,π
1146 1980 1154 1989 .
1327 1976 1398 1986 ..
1560 1963 1661 1986 ,του
1722 1962 1785 1985 ε·-

375 1999 464 2044 σοόν]
491 1999 555 2035 καὶ
573 2002 729 2045 Περσῶν
746 2001 794 2039 G.
891 1967 947 2037 lg·
973 1966 1101 2044 ἕέζὲἴε
1120 2012 1163 2034 ex
1177 1965 1342 2036 zgpogincio
1357 1997 1513 2045 paschali
1532 2010 1568 2045 p.
1584 1996 1664 2034 143.
1690 1962 1785 2032 degi.

373 2046 577 2092 Legebatur
595 2046 750 2093 γεγόνει.
869 2049 927 2085 15.
961 2045 1037 2094 ἐπὶ]
1063 2046 1133 2090 ἕως
1150 2048 1198 2083 G.
1311 2049 1370 2085 16.
1402 2044 1687 2093 ἀποφερεοῦται
1711 2045 1786 2081 AB.

375 2095 603 2140 περαιοῦται
625 2096 673 2131 G.
775 2096 834 2132 20.
857 2094 904 2141 κ’]
927 2094 983 2132 κδ’
1007 2107 1052 2132 m.

375 2198 478 2234 Haec
495 2198 671 2234 Eusebius
697 2210 787 2234 anno
810 2198 980 2235 Sedeciae
997 2197 1178 2234 undecimo
1206 2209 1372 2233 annorum
1399 2196 1617 2243 captivitatis
1645 2198 1692 2232 70
1708 2206 1787 2231 mox

283 2245 493 2281 subnectens
519 2247 641 2281 seriem
664 2247 708 2281 ab
729 2247 898 2292 Astyagis
919 2258 1008 2281 nono
1035 2247 1079 2281 ad
1095 2251 1255 2280 octavum
1275 2249 1310 2279 et
1328 2244 1538 2280 tricesimum
1555 2244 1655 2280 annis
1672 2245 1720 2281 30
1736 2242 1788 2278 ei-

284 2293 364 2328 dem
394 2293 601 2338 assignatis;
626 2298 699 2328 tum
723 2305 807 2328 vero
839 2305 964 2328 annum
986 2294 1074 2339 Cyri
1107 2292 1248 2339 primum
1268 2291 1512 2327 subiuncturus
1530 2293 1618 2327 haec
1641 2291 1787 2326 totidem

284 2339 404 2375 verbis
423 2342 544 2375 refert.
593 2341 798 2375 Iudaeorum
827 2340 943 2386 gentis
962 2341 1079 2386 Cyrus
1096 2339 1335 2386 captivitatem
1361 2339 1518 2383 laxavit3
1541 2339 1642 2374 cuius
1669 2342 1788 2374 aetate

283 2387 492 2423 Iudaeorum
507 2389 603 2423 circa
620 2387 795 2433 myriades
813 2387 966 2434 quinque
982 2388 1162 2434 Babylone
1177 2388 1337 2429 reduces,
1360 2385 1465 2422 altari
1481 2390 1671 2428 exstructo,
1698 2389 1789 2420 tem-

288 2434 339 2482 pli
361 2435 586 2470 fundamenta
609 2446 770 2481 posuere.
818 2434 954 2469 Vicinis
977 2441 1090 2470 autem
1117 2446 1244 2481 operas
1267 2434 1600 2476 interturbantibus,
1625 2444 1714 2478 opus
1728 2444 1788 2467 re-

281 2483 410 2517 mansit
429 2483 682 2528 imperfectum,
708 2481 811 2516 altari
828 2482 900 2516 solo
918 2482 1141 2524 consistente,
1159 2482 1204 2517 ad
1217 2481 1319 2516 Darii
1338 2481 1598 2527 filiiHystaspis
1618 2485 1787 2525 tempora.

282 2529 398 2564 Omne
418 2541 503 2565 vero
520 2528 669 2576 spatium
689 2528 853 2564 Iudaicae
873 2529 1114 2575 captivitatis,
1138 2541 1181 2564 ex
1198 2528 1436 2564 nonnullorum
1453 2527 1648 2569 sententia,
1671 2538 1694 2562 a
1715 2532 1789 2561 ter-

280 2576 334 2611 tio
351 2576 481 2612 Ioacim
499 2577 544 2612 ad
563 2576 649 2623 Cyri
667 2576 852 2611 Persarum
883 2576 980 2623 regis
1008 2578 1056 2612 20
1085 2576 1281 2622 colligitur3
1305 2576 1385 2619 vel,
1409 2580 1450 2611 ut
1473 2575 1551 2610 aliis
1577 2574 1714 2620 placet,
1741 2574 1788 2608 ab

282 2622 484 2659 Hieremiae
502 2623 744 2659 vaticiniorum
769 2623 959 2670 principio,
984 2624 1078 2660 circa
1105 2625 1149 2661 13
1169 2623 1283 2659 losiae
1300 2623 1506 2658 Iudaeorum
1525 2622 1622 2667 regis
1641 2632 1788 2663 annum3

282 2682 307 2706 a
323 2670 445 2718 quinto
463 2683 546 2707 vero
568 2671 827 2718 prophetiarum
849 2671 1049 2706 Hieremiae
1067 2671 1112 2706 ad
1132 2671 1220 2717 Cyri
1238 2670 1384 2718 primum
1406 2669 1538 2715 integri
1562 2672 1789 2704 numerantur

283 2719 354 2760 703
379 2718 509 2754 excidii
526 2730 610 2754 vero
626 2719 746 2765 tempii
764 2718 991 2765 septuaginta
1007 2730 1172 2754 annorum
1190 2717 1357 2754 terminus
1374 2716 1469 2752 circa
1483 2715 1670 2751 secundum
1687 2713 1789 2750 Darii

284 2764 474 2801 Persarum
501 2767 598 2813 regis
626 2777 751 2801 annum
778 2767 979 2811 completur.
1029 2766 1215 2801 Caeterum
1236 2765 1328 2812 quod
1347 2763 1513 2810 seipsum
1539 2768 1576 2799 et
1601 2762 1788 2798 veritatem

285 2811 457 2848 deluserit
475 2813 674 2856 Eusebius,
699 2814 744 2848 ab
771 2813 950 2848 undecimo
972 2813 1143 2848 Sedeciae
1164 2813 1208 2848 ad
1238 2811 1424 2847 secundum
1447 2811 1549 2846 Darii
1572 2810 1637 2845 filii
1653 2810 1789 2856 Hysta-

285 2859 360 2905 spis
374 2862 422 2896 70
437 2861 633 2896 subducens
647 2873 767 2903 annos,
788 2866 898 2906 patet.
933 2859 1022 2895 Cum
1037 2860 1128 2895 enim
1140 2859 1467 2895 Nabuchodonosor
1483 2857 1613 2893 excidii
1621 2855 1790 2893 Iudaicae

286 2907 404 2952 gentis
421 2909 576 2946 auctoris
591 2908 752 2946 residuos
771 2907 821 2946 24
838 2919 947 2945 annos
968 2919 1152 2944 recensere
1172 2907 1376 2950 debuisset,
1401 2918 1444 2942 ac
1466 2915 1705 2942 successorum
1723 2914 1790 2950 pa-
