1800 3236
205 229 303 278 148
647 235 899 281 GEORGII
930 233 1217 281 SYNCELLI

202 349 483 405 Πολυΐστωρ,
522 344 596 390 οὐκ
628 343 687 390 ἔτι
717 346 786 390 διὰ
813 344 956 405 σάρων
976 348 1045 390 καὶ
1066 343 1205 403 νήρων
1236 345 1305 388 καὶ
1339 341 1518 390 σιῦσσων
1539 346 1705 402 καὶτῆς

204 423 350 475 λοιπῆς
382 415 536 474 ἀλόγου
568 420 752 472 μυθικῆς
788 417 975 474 ἱστορίας
986 450 1000 470 ,
1038 417 1145 459 ἀλλὰ
1167 415 1226 459 δι’
1250 413 1433 472 ἡλιακῶν
1451 417 1568 460 ἐτῶν.
1606 416 1707 467 ’τοὺς

200 490 283 547 ,γὰρ
297 486 640 546 προγενεστέρους
661 485 718 537 ὥς
731 486 862 537 θεοὺς
879 485 905 543 ἢ
925 484 1129 543 ἡμιθέους
1146 487 1381 542 νομίζοντες
1402 488 1470 529 καὶ
1492 485 1590 537 τοὺς
1607 485 1702 542 μετ’

205 559 360 610 αὐτοὺς
379 559 454 614 τὴν
476 554 636 612 πλάνην
656 554 934 613 εῗσηγοῦμενοι
955 561 1014 615 τῷ
1037 556 1125 600 ὄντι
1141 555 1323 614 χρόνους
1348 556 1546 614 ἀπείρους
1573 561 1706 617 βεβα-

205 629 432 675 σιλευκέναι
456 626 733 683 συνέγραψαν,
762 626 895 670 ἀΐδιον
917 624 1016 670 εἶναι
1037 625 1111 670 τὸν
1136 625 1294 683 κόσμον
1317 625 1560 681 δοξάζοντες
1582 628 1731 671 ἔων-5

204 702 305 751 τίως
340 706 431 749 ταῖς
469 694 764 748 θεοπνεύστοις
790 704 994 755 γραφαῖς·
1032 697 1132 749 τοὺς
1159 698 1204 741 δὲ
1233 697 1602 755 μεταγενεστέρους
1631 699 1701 740 καὶ

205 775 308 814 πᾶσι
337 766 542 826 φανεροὺς
577 766 636 810 δι’
670 765 854 822 ἡλιακῶν
890 769 992 811 ἐτῶν
1022 766 1077 819 ὡς
1109 768 1317 824 θνητοὺς,
1356 769 1426 811 καὶ
1456 767 1533 824 οὗχ
1563 765 1619 819 ὥς
1646 771 1707 827 τῷ

78 847 120 882 Ρ.
144 846 190 883 79
215 837 460 896 Πανοδα’ρῳ
493 837 609 880 δοκεῖ’
632 839 700 881 καὶ
733 835 885 896 ἑτέροις
914 840 1021 893 τισὶ,
1058 839 1128 882 διὰ
1147 839 1195 882 τὸ
1218 836 1405 895 ἐσχάτως
1426 835 1509 882 ὖπὸ
1528 836 1710 896 Ζωροά-

208 928 337 969 στρου
355 913 440 952 τῶν
452 906 635 964 ἡλιακῶν
658 909 857 952 ἐνιαυτῶν
879 909 923 952 ἐκ
934 913 1019 952 τῶν
1038 914 1113 952 τοῦ
1130 909 1262 965 Ἑνὼχ
1284 909 1549 965 ἐγνωσμένων
1570 907 1708 952 ἔκτοτε

206 981 392 1039 ἡλιακοΐς
421 979 550 1022 ἔτεσιν
579 978 891 1036 ἓπιμετρεΐσθαι
921 980 974 1022 τὰ
1002 983 1087 1023 τῶν
1121 979 1329 1035 βασιλέων
1358 978 1443 1036 ἔτη.
1491 976 1633 1038 διόπερ
1662 980 1707 1022 ἐκ
1721 991 1765 1025 10

208 1057 293 1096 τῶν
325 1054 454 1095 θειῶν
483 1052 659 1107 γραφῶν
687 1049 946 1105 πεπεισμένοι
978 1052 1047 1093 καὶ
1079 1055 1215 1094 ταῦτα
1240 1051 1380 1106 ψευδῆ
1398 1048 1501 1093 εἶναι
1533 1051 1602 1093 καὶ
1622 1068 1708 1106 μη-

210 1124 356 1178 δεμίαν
383 1121 597 1176 βασιλείαν
631 1121 694 1163 ἐπὶ
725 1125 802 1176 τῆς
823 1124 899 1178 γῆς
919 1121 1115 1177 γενέσθαι
1143 1121 1221 1172 ἕως
1248 1125 1326 1177 τῆς
1345 1124 1421 1164 τοῦ
1441 1119 1626 1178 Νεβρώδ
1642 1121 1710 1163 ἐπὶ

199 1198 282 1250 ,τῆς
301 1191 570 1249 πυργοποιίας
590 1189 941 1247 γιγαντομιμήτου
963 1193 1031 1234 καὶ
1051 1191 1335 1248 ἀποστατικῆς
1353 1193 1611 1249 τυραννίδος,
1651 1188 1709 1242 ὥς

206 1266 277 1308 καὶ
297 1262 489 1319 ἀνωτέρω
516 1261 738 1304 ὁέὸεικται·
775 1259 932 1317 μόνους
961 1263 1006 1305 δὲ
1038 1262 1137 1313 τοὺς
1168 1269 1278 1320 τρεῖς
1305 1261 1463 1319 ἄνδρας
1494 1260 1601 1317 μετὰ
1632 1260 1707 1306 τὸν

207 1331 502 1387 κατακλυσμὸν
540 1330 615 1381 ἕως
643 1335 720 1387 τῆς
741 1333 973 1390 διασπορᾶς
1001 1330 1194 1389 ἡγεῖσθαι
1219 1336 1303 1376 τῶν
1323 1336 1489 1376 πολλῶν
1510 1331 1705 1388 εὗσεβῶς,
1721 1340 1765 1377 15

171 1407 202 1442 Β
211 1405 314 1461 λέγω
338 1403 390 1460 δὴ
420 1402 491 1446 τὸν
517 1402 675 1445 δίκαιον
698 1404 798 1446 Νῶε
811 1435 825 1456 ,
857 1402 912 1446 τὰ
943 1402 1069 1446 λοιπὰ
1097 1407 1174 1460 τῆς
1203 1405 1309 1459 ζωῆς
1328 1402 1399 1459 ἔτι]
1421 1400 1504 1457 ἵν’,
1545 1401 1708 1446 καὶτὸν

206 1475 300 1519 υἱὸν
322 1474 451 1518 αὐτοῦ
472 1471 581 1539 Σὴμ,
611 1472 664 1515 τὰ
684 1472 811 1515 λοιπὰ
831 1477 907 1529 τῆς
935 1475 1041 1530 ζωῆς
1064 1473 1195 1517 αὐτοῦ
1216 1471 1291 1532 ρν’,
1314 1474 1384 1516 καὶ
1402 1472 1461 1516 ἔτι
1478 1471 1586 1529 μετὰ
1606 1477 1708 1516 τοῦ-

616 1546 636 1556 Ν
649 1542 662 1557 2

207 1563 281 1589 τον
304 1545 377 1589 τὸν
394 1543 485 1588 υἱὸν
506 1541 635 1586 αὐτου
648 1542 867 1600 Αρφαξὰό
886 1543 940 1587 τὰ
958 1543 1084 1587 λοιπὰ
1104 1541 1170 1587 λό’
1180 1578 1194 1598 ,
1231 1543 1353 1587 τοῦτ’
1380 1543 1490 1587 ἔστιν
1515 1542 1585 1599 ἔτη
1608 1540 1708 1602 φλό’

208 1615 262 1660 τὰ
294 1612 487 1674 γινόμενα
515 1612 592 1657 σὺν
635 1620 723 1664 τοῖς
760 1611 904 1674 Ιβσμβ’
933 1618 1009 1658 τοῦ
1038 1618 1336 1670 κατακλυσμοῦ
1365 1611 1533 1676 ,βψοςᾈ
1571 1618 1709 1657 ταῦτα

305 1741 338 1776 1.
374 1736 551 1782 σώσσων]
600 1738 744 1775 σόσσων
774 1739 818 1773 Β.
962 1738 997 1773 2.
1031 1734 1085 1773 δι’
1116 1737 1160 1772 Β.
1194 1736 1262 1772 διὰ
1297 1738 1345 1773 G.
1477 1735 1597 1782 ἐτῶν]
1641 1749 1707 1773 κα-

303 1788 485 1832 ταριθμεῖ
500 1786 579 1820 add.
599 1799 642 1821 m.
748 1784 840 1828 τούς
857 1784 941 1833 γὰρ]
971 1785 1008 1821 οἳ
1025 1783 1098 1831 γάρ
1123 1784 1216 1826 τούς
1241 1798 1285 1820 m.
1389 1786 1423 1822 3.
1458 1785 1522 1821 καὶ
1551 1783 1587 1822 οὶ
1614 1784 1709 1828 τούς

304 1846 349 1869 m.
372 1831 468 1868 κατοὶ
486 1833 577 1875 τούς
593 1833 800 1870 Bredovius.
901 1831 935 1869 4.
959 1835 1011 1877 τῷ
1031 1830 1175 1874 ὅντιΒ.
1200 1831 1243 1870 τὸ
1271 1829 1316 1869 ὂν
1343 1832 1442 1868 uncis
1468 1832 1635 1867 inclusum
1658 1833 1706 1866 G.

374 1881 408 1918 7.
433 1875 489 1916 δι’
505 1881 546 1915 Β.
571 1881 637 1917 διὰ
660 1882 707 1916 G.
802 1882 859 1918 11.
882 1882 1118 1925 πεπείσμεθα
1137 1892 1181 1915 m.
1282 1881 1339 1917 12.
1371 1878 1566 1928 Νεμβρώδ
1582 1881 1619 1914 G
1649 1880 1707 1914 hic

306 1932 344 1963 et
361 1927 464 1963 infra.
569 1927 624 1966 14.
648 1929 871 1974 Σημείωσον
892 1925 951 1965 ὅτι
975 1927 1069 1972 μετὰ
1092 1925 1158 1963 τὸν
1187 1925 1449 1972 κατακλυσμὸν
1473 1926 1586 1972 μόνοι
1613 1926 1650 1962 οὶ
1674 1926 1706 1972 γ’

306 1971 493 2021 ἡγήσαντο
507 1976 593 2012 ”miv
616 1977 762 2014 πολλῶν
780 1974 941 2025 εὐσεβῶς
958 1977 1061 2018 Νῶε,
1082 1974 1171 2021 Σήμ
1188 1971 1453 2022 καὶἎρφοιξᾶδ
1471 1973 1491 2012 ὁ
1512 1973 1597 2016 υἱὸς
1617 1972 1707 2021 Σήμ

309 2021 380 2065 ἕως
401 2023 607 2070 διασπορᾶς
623 2035 742 2070 margo
763 2025 805 2060 A.
901 2026 957 2061 17.
981 2023 1035 2071 ρν’
1052 2023 1160 2060 ABm.
1184 2019 1252 2070 ρλί
1272 2023 1320 2058 G.
1415 2020 1483 2068 ἔτι]
1508 2020 1571 2069 ἔτη
1595 2022 1637 2059 Α.

214 2127 265 2163 ris
285 2130 321 2162 et
339 2125 455 2162 Sossis
475 2127 665 2174 reliquisve
679 2129 858 2165 fabulosae
876 2129 1047 2166 historiae
1065 2129 1343 2165 absurditatibus
1354 2154 1365 2172 ,
1390 2125 1452 2163 sed
1472 2125 1628 2173 legitimo
1646 2138 1706 2162 so-

214 2175 336 2210 larium
356 2186 517 2210 annorum
536 2188 638 2210 cursu
662 2177 780 2213 habita
800 2177 1004 2212 numerandi
1021 2178 1179 2219 ratione,
1202 2177 1407 2223 Polyhistor
1440 2176 1532 2210 idem
1560 2174 1706 2210 inducit.

213 2221 385 2257 Nonnulli
407 2222 577 2269 siquidem
594 2224 758 2269 pristinos
775 2236 892 2260 omnes
914 2237 979 2259 ceu
995 2225 1079 2260 deos
1100 2229 1137 2259 et
1155 2224 1326 2259 semideos
1348 2222 1606 2264 existimantes,
1628 2221 1707 2257 alii-

214 2280 284 2315 que
311 2274 459 2303 mentem
486 2281 602 2305 eorum
629 2272 755 2306 sectati
771 2272 938 2307 traditum
967 2283 1118 2307 errorem
1138 2271 1352 2318 exposituri,
1386 2269 1617 2315 mundumque
1643 2269 1707 2304 ud-

214 2327 338 2350 versus
356 2327 473 2351 sacras
492 2318 683 2364 scripturas
708 2323 888 2354 aeternum
905 2319 985 2362 rati,
1011 2319 1176 2354 immenso
1202 2319 1350 2364 quodam
1376 2323 1413 2353 et
1437 2317 1572 2352 infinito
1596 2327 1706 2352 anno-

213 2374 289 2398 rum
313 2374 453 2398 numero
473 2376 532 2398 eos
549 2376 716 2410 regnasse
735 2370 966 2410 censuerunt3
991 2366 1226 2413 posteriorum
1243 2378 1328 2401 vero
1346 2376 1468 2411 regum
1486 2375 1552 2399 ceu
1576 2368 1707 2398 morta-

213 2409 297 2444 lium
323 2413 359 2445 et
383 2422 528 2456 quorum
562 2412 686 2447 notitia
707 2413 833 2449 nullum
860 2414 971 2458 fugit,
997 2418 1153 2455 aetates,
1187 2413 1287 2448 annis
1313 2412 1484 2448 solaribus
1513 2410 1706 2446 mensurari

215 2456 375 2503 coepisse
401 2458 582 2493 commenti
609 2464 711 2502 sunt3
735 2473 804 2496 non
831 2466 873 2496 ut
894 2461 1079 2496 Panodoro
1109 2459 1258 2507 aliisque
1286 2459 1490 2507 quibusdam
1506 2458 1619 2494 visum
1639 2461 1705 2500 est,

211 2503 308 2550 ‘quod
325 2507 358 2539 'a
387 2505 537 2551 posteris
564 2505 686 2541 Enoch
713 2519 825 2543 annuo
855 2508 961 2543 solari
985 2519 1089 2543 cursu
1116 2507 1299 2542 Zoroastri
1325 2505 1455 2542 ultimis
1488 2504 1707 2553 temporibus

213 2551 456 2593 manifestam,
484 2551 582 2587 annis
608 2565 745 2600 quoque
766 2555 936 2590 solaribus
955 2568 1077 2602 regum
1097 2555 1179 2590 anni
1196 2554 1378 2601 coeperint
1396 2554 1582 2589 numerari.
1616 2552 1707 2587 Pro·

214 2601 339 2644 pterea
357 2597 467 2633 sacris
486 2599 666 2645 scripturis
683 2602 801 2637 edocti
823 2603 982 2638 fabulosa
998 2605 1070 2637 ista
1092 2603 1252 2648 falsaque
1273 2614 1337 2636 nec
1362 2601 1468 2636 ullum
1496 2611 1560 2646 per
1586 2599 1706 2634 orbem

209 2644 410 2680 universum
427 2657 570 2692 regnum
591 2647 750 2683 extitisse
768 2660 878 2694 usque
897 2651 943 2684 ad
969 2650 1148 2685 Nembrod
1170 2654 1329 2695 tempus,
1355 2647 1474 2694 (cuius
1492 2651 1610 2682 aetate
1627 2650 1707 2681 tur-

210 2691 261 2726 ris
289 2692 464 2738 opificium
496 2694 724 2740 tyrannisque
752 2697 1001 2741 perduellionis
1029 2697 1172 2732 crimine
1198 2696 1243 2731 ad
1266 2697 1419 2743 priorum
1438 2693 1630 2740 Gigantum
1650 2693 1707 2728 in-

210 2743 287 2773 star
307 2742 499 2786 occupata,
526 2744 566 2774 ut
583 2741 741 2788 superius
762 2755 899 2789 quoque
919 2745 1053 2779 abunde
1074 2744 1341 2779 demonstratum
1361 2742 1455 2787 est),
1479 2745 1578 2776 certo
1604 2746 1705 2776 tene—

211 2797 309 2829 muS,
343 2791 380 2821 et
409 2787 599 2834 praeterito
624 2788 806 2824 confestim
837 2790 968 2825 diluvio
1006 2793 1097 2826 solos
1126 2795 1200 2826 tres
1230 2791 1327 2825 viros
1356 2800 1469 2835 usque
1488 2787 1534 2823 ad
1551 2787 1706 2834 gentium

212 2832 462 2879 dispersionem
481 2835 630 2870 caeteris
650 2847 779 2870 summa
800 2848 876 2875 cum
893 2837 1063 2883 religione
1086 2837 1306 2885 praepositos
1323 2836 1552 2878 affirmamus,
1576 2836 1706 2870 iustum

211 2879 292 2914 Noe
307 2880 384 2915 dico
402 2881 553 2916 residuis
571 2881 666 2918 vitae
678 2895 760 2919 suae
777 2884 876 2918 annis
896 2885 978 2927 350,
988 2885 1095 2920 filium
1112 2885 1186 2920 eius
1197 2885 1277 2919 Sem
1294 2882 1438 2933 reliquis
1453 2893 1590 2929 quoque
1608 2881 1706 2917 vitae

212 2927 305 2970 150,
328 2933 365 2963 et
392 2933 474 2974 post
495 2940 573 2964 eum
595 2929 704 2964 filium
732 2931 920 2976 Arphaxad
948 2931 1100 2978 propriis
1123 2932 1193 2967 sibi
1219 2930 1267 2968 34
1290 2931 1411 2966 annis:
1441 2931 1508 2965 hoc
1533 2933 1587 2965 est
1612 2941 1706 2963 sum-

210 2973 325 3010 matim
343 2975 441 3011 annis
460 2974 552 3022 534,
577 2977 638 3023 qui
658 2989 733 3013 cum
755 2978 834 3013 aliis
852 2978 1018 3015 diluvium
1034 2979 1327 3027 praecedentibus
1346 2976 1442 3016 2242
1466 2976 1576 3014 iuncti
1596 2987 1706 3012 annos
