1800 3236
230 126 335 175 608
544 139 546 141 ’
695 131 950 178 GEORGII
979 130 1269 178 SYNCELLI

231 241 438 306 ἑορτάζειν
474 243 605 303 αὐτὴν
625 244 668 290 ἓν
688 241 893 301 πνεύματι
913 245 982 288 καὶ
1003 243 1197 306 ἀληθείᾳ.
1237 242 1345 303 αὕτη
1368 248 1420 295 Χ
1417 253 1644 305 ριστιανοΐς
1669 246 1743 304 ὄρ-

229 314 430 370 θοδόξοις
448 320 616 375 πρῶτον
638 312 783 371 πάσχα
804 319 943 365 καλῶς
964 313 1254 372 ἐχρημάτισεν,
1294 316 1371 360 οὐκ
1391 318 1434 360 ἓν
1457 315 1564 374 ζύμῃ
1584 322 1744 376 παλαιᾷ

230 390 300 432 καὶ
331 392 444 446 φυγῇ
473 390 550 429 τοῦ
588 385 685 429 κατ’
722 385 943 442 Αἴγυπτον
972 387 1184 442 αἰσθητοῦ
1223 387 1387 444 Φαραώ
1412 389 1482 430 καὶ
1502 391 1588 430 τῶν
1610 387 1742 431 αὐτοῦ

65 462 108 503 Ὺ,
135 463 207 502 256
231 463 389 517 πικρῶν
431 457 717 514 ε’ργοδιωκτῶν
729 488 744 509 ,
784 454 884 499 ἀλλ’
917 455 959 499 ἓν
980 454 1217 516 καταλήψει
1239 462 1316 513 τῆς
1338 462 1494 515 νοητῆς
1517 455 1743 514 Αἰγύπτου

227 534 305 587 τῆς
338 528 486 578 κακίας
517 527 585 569 καὶ
607 526 775 583 ἀγνοίας
794 527 862 569 καὶ
884 530 961 569 τοῦ
985 524 1145 584 ταύτης
1165 527 1349 585 ἀρχηγοῦ
1371 526 1573 582 διαβόλου
1585 562 1598 581 ,
1635 525 1775 586 ὑπὲρ-5

227 600 329 651 τοὺς
363 596 522 648 τύπους
551 598 618 640 καὶ
645 596 723 653 τὴν
749 596 924 653 νομικὴν
948 596 1068 641 σκιὰν
1092 597 1207 657 αὐτῷ
1229 603 1288 658 τῷ
1310 599 1500 658 ἀληθινῷ
1524 598 1646 658 ἀμνῷ
1665 603 1741 642 τοῦ

227 674 335 714 θεοῦ
365 673 426 729 τῷ
457 668 618 726 αἶ’ροντι
649 667 727 724 τὴν
758 665 969 723 ἁμαρτίαν
997 672 1075 711 τοῦ
1107 666 1266 724 κόσμου
1289 673 1616 727 κατατρυφῶσιν
1637 668 1742 729 ἔργῳ

193 731 197 734 ³
226 742 296 784 καὶ
322 738 446 798 λόγῳ.
484 742 544 798 τῷ
567 738 647 796 γὰρ
669 735 811 794 πάσχα
834 736 956 795 ἡμῶν
973 737 1079 795 ὑπὲρ
1100 737 1222 796 ἡμῶν
1241 737 1375 796 ἐτύθη
1398 740 1583 798 Χριστὸς
1600 741 1668 783 καὶ
1688 743 1742 799 τῇ

227 811 361 855 αἰτοῦ
395 806 538 866 χάριτι
567 811 637 853 καὶ
675 807 964 867 ἀπολυτρώσει
992 809 1098 867 πρὸς
1130 809 1209 866 τὴν
1232 809 1320 854 ἄνω
1339 808 1613 869 Ἰερουσαλὴμ
1631 812 1742 853 ἒπει-

226 879 417 937 γομὲνοις
446 878 516 922 διὰ
544 884 733 939 σταυροῦ
764 882 849 923 τῶν
879 882 979 939 τῇδε
1012 885 1170 924 παθῶν
1207 878 1399 924 ἑκουσίου
1420 883 1488 924 καὶ
1508 885 1647 939 ταφῆς
1671 882 1740 924 καὶ
1752 890 1799 925 10

187 949 526 1003 Βάναστάσεως,
564 950 658 1007 ῆτοι
704 948 994 1001 ταπεινώσεως
1030 951 1152 1009 μέχρι
1192 949 1413 1006 θανάτου,
1451 950 1647 996 θανάτου
1695 952 1742 995 δὲ

165 1034 169 1053 ³
227 1025 440 1079 σταυροῦ,
481 1019 541 1064 δι’
576 1015 628 1077 ῆς
658 1018 679 1065 ὃ
708 1019 847 1078 πάσης
877 1019 1094 1077 δυνάμεως
1115 1023 1184 1065 καὶ
1205 1021 1336 1079 ἀρχῆς
1357 1024 1425 1066 καὶ
1450 1024 1641 1075 ἔξουσίας
1661 1024 1739 1079 δη-

224 1091 441 1149 μιουργὸς,
481 1090 649 1151 εὐδοκία
673 1096 750 1135 τοῦ
775 1090 997 1149 ἀγεννήτου
1022 1092 1182 1149 πατρὸς
1203 1094 1272 1135 καὶ
1290 1095 1503 1154 συνεργείᾳ
1523 1098 1599 1137 τοῦ
1620 1091 1739 1151 ἁγίου

226 1164 295 1206 καὶ
320 1160 548 1218 ὃμοουσίου
569 1160 830 1217 πνεύματος,
870 1161 1065 1220 πατήσας
1092 1162 1165 1206 τὸν
1186 1162 1349 1220 ἀδρανῆ
1370 1162 1640 1222 ὑπερήφανον
1663 1162 1739 1208 τύ-

227 1250 380 1290 ραννον
413 1234 455 1276 ἐν
482 1236 534 1291 τῇ
564 1233 878 1292 τυραννουμένῃ
908 1237 1082 1292 ταπεινῇ
1117 1231 1239 1291 φύσει
1270 1238 1356 1277 τῶν
1389 1233 1632 1292 ἀνθρώπων
1667 1235 1738 1279 διὰ
1751 1243 1795 1281 15

220 1303 458 1360 βασκανίαν
488 1302 564 1360 τὴν
586 1302 692 1362 παρ’
717 1303 849 1347 αὐτοῦ
872 1304 1165 1361 ε’ξανέστησεν,
1206 1303 1254 1348 οὗ
1275 1301 1407 1360 μόνον
1424 1311 1513 1356 τοῖς
1535 1306 1579 1357 ἐξ
1599 1305 1738 1360 Ἀδὰμ,

219 1375 263 1418 ἓν
277 1370 416 1438 ;“έ4ιὸῃ
457 1373 791 1432 φρουρουμένοις
831 1373 1037 1431 πνεύμασι
1074 1373 1360 1433 χαρισάμενος
1407 1374 1579 1434 ἄφεσιν,
1627 1376 1736 1419 ἀλλὰ

220 1446 290 1488 καὶ
323 1452 411 1496 τοῖς
442 1445 485 1488 ἐν
511 1446 635 1503 σαρκὶ
669 1446 767 1498 ζῶσι
791 1447 861 1488 καὶ
884 1444 1154 1490 πιστεύσασιν
1183 1446 1324 1507 αὐτῷ,
1365 1444 1422 1497 ὧς
1437 1448 1482 1490 ἐκ
1507 1452 1592 1490 τῶν
1612 1447 1735 1505 ἱερῶν

221 1515 468 1573 εὐαγγελίων
500 1516 588 1558 ἐστὶ
620 1521 912 1572 καταμαθεῖν·
950 1518 1112 1575 χαίρετε
1142 1517 1246 1575 γὰρ,
1286 1523 1379 1568 ταῖς
1406 1520 1564 1575 γυναιξὶ
1587 1515 1735 1576 πρώτῃ

219 1590 354 1645 φωνῇ,
396 1585 457 1629 δι’
483 1579 542 1630 ὧν
568 1584 714 1630 ἅπασα
733 1585 843 1644 λύπη
864 1592 925 1647 τῷ
944 1588 1045 1645 γε’νει
1069 1588 1326 1647 εἰσέφρησεν,
1366 1588 1731 1647 προσεφθέγξατο,
1744 1601 1792 1636 20

59 1668 104 1703 P.
129 1667 201 1705 322
221 1659 290 1700 καὶ
314 1663 402 1708 τοῖς
423 1656 549 1715 ἱεροῖς
566 1661 811 1714 μαθηταῖς,
851 1656 992 1716 εῗρήνη
1014 1656 1137 1714 ὑμῖν,
1179 1656 1200 1702 ὃ
1221 1656 1360 1716 πάσης
1381 1657 1546 1717 εῗρήνης
1567 1661 1635 1703 καὶ
1662 1677 1735 1718 φι-

165 1761 168 1764 -
217 1727 374 1772 λοθέου
394 1732 576 1786 στοργῆς
594 1728 739 1783 αἴτιος,
766 1728 815 1772 οὗ
833 1728 966 1785 μόνον
986 1737 1079 1781 ταῖς
1098 1733 1283 1787 λογικαῖς
1308 1727 1508 1789 φύσεσιν,
1533 1730 1642 1774 ἀλλὰ
1663 1732 1734 1773 καὶ

311 1841 348 1877 7.
372 1840 426 1888 τῷ
451 1840 613 1887 αἴροντι]
639 1842 710 1878 τοῦ
731 1841 910 1886 αἴροντος
937 1843 986 1880 G.
1090 1845 1127 1880 8.
1151 1842 1206 1891 τῷ
1222 1843 1264 1878 Β.
1291 1841 1335 1880 τὸ
1364 1843 1413 1878 G.
1526 1844 1562 1880 9.
1588 1841 1732 1890 ἐπειγο-

312 1885 455 1935 μένοις]
490 1888 693 1936 ὑφηγεῖται
718 1890 817 1925 addit
843 1903 888 1926 m.
1022 1892 1077 1928 13.
1105 1889 1261 1939 εὐδοκία
1286 1891 1329 1928 Β.
1363 1889 1531 1939 εὐγενείᾳ
1563 1891 1612 1925 G.

313 1933 426 1982 ἁγίου
446 1936 511 1973 καὶ
536 1949 603 1972 om.
626 1938 675 1975 G.
797 1937 853 1974 14.
878 1937 942 1975 καὶ
963 1936 1216 1986 ’ὑπερήφανον
1237 1939 1285 1973 G·
1414 1941 1469 1976 16.
1494 1934 1632 1984 αὐτοῦ]
1657 1951 1733 1975 πα-

313 1983 502 2032 τουμένην
526 1982 642 2032 φύσιν
669 1984 770 2021 addit
788 1998 834 2022 m.
945 1987 1006 2023 22.
1032 1985 1126 2024 ἀλλά
1146 1987 1210 2023 καὶ
1230 1987 1272 2022 Β.
1298 1983 1392 2023 ἀλλὰ
1411 1987 1453 2023 Α.
1487 1982 1573 2023 ἀλλ’
1592 1987 1642 2022 G.

217 2078 434 2125 respondere
456 2079 738 2118 demonstremus,
786 2080 998 2116 Christianis
1024 2085 1124 2117 recta
1155 2082 1226 2118 fide
1254 2081 1462 2124 illustratis,
1503 2080 1564 2128 qui
1593 2092 1662 2115 non
1693 2080 1731 2116 in

214 2126 386 2161 fermento
404 2129 538 2171 veteri,
558 2140 622 2163 nec
639 2132 719 2175 post
736 2128 949 2175 Aegyptiaci
971 2128 1166 2164 Pharaonis
1188 2130 1298 2166 oculis
1320 2128 1502 2175 conspicui
1521 2127 1732 2163 crudelium-

218 2184 287 2218 que
310 2174 427 2219 operis
453 2176 715 2221 praefectorum
745 2177 887 2222 fugam,
912 2175 976 2211 sed
998 2177 1140 2211 deserta
1167 2176 1349 2223 nequitiae
1377 2181 1414 2211 et
1431 2175 1655 2221 ignorantiae
1676 2175 1732 2210 in-

214 2220 409 2256 tellectuali
441 2223 626 2269 Aegypto,
651 2235 716 2258 nec
748 2235 818 2258 non
845 2224 922 2258 eius
950 2223 1108 2270 principe
1134 2224 1271 2259 diabolo
1300 2235 1407 2268 supra
1433 2222 1559 2269 legalis
1585 2224 1731 2259 umbrae

215 2267 370 2313 figuras,
400 2268 468 2315 ipsi
495 2282 580 2305 vero
598 2270 655 2305 dei
685 2282 776 2316 agno
805 2275 985 2316 peccatum
1004 2270 1122 2304 mundi
1142 2270 1280 2306 tollenti
1298 2281 1456 2305 sermone
1480 2275 1516 2305 et
1531 2270 1638 2305 factis
1657 2271 1732 2304 col«

217 2313 416 2358 laetantur,
453 2316 528 2351 dies
555 2317 612 2351 hic
642 2317 734 2352 idem
766 2319 899 2363 pascha
929 2318 1075 2364 primum
1102 2323 1321 2364 nuncupatus
1347 2322 1414 2353 est.
1475 2317 1616 2353 Pascha
1639 2317 1729 2352 enim

217 2365 374 2397 nostrum
391 2374 454 2408 pro
475 2364 575 2399 nobis
591 2363 785 2399 immolatus
801 2371 856 2400 est
875 2365 1039 2399 Christus
1052 2390 1063 2406 ‚
1091 2369 1127 2399 et
1146 2366 1191 2400 ad
1209 2377 1393 2412 supernam
1412 2364 1632 2400 Hierusalem
1653 2365 1729 2400 eius

217 2409 337 2455 gratia
362 2414 399 2445 et
418 2410 668 2457 redemptionis
687 2412 814 2459 'pretio
844 2411 1136 2446 contendentibus
1159 2412 1229 2446 dux
1254 2412 1435 2458 praebitus
1454 2417 1530 2455 est,
1555 2424 1620 2459 per
1646 2424 1729 2447 cru-

215 2467 291 2491 cem
311 2456 470 2492 nimirum
493 2462 529 2492 et
556 2458 694 2494 labores
719 2459 777 2493 hic
806 2463 932 2505 sponte
949 2459 1135 2502 toleratos,
1163 2471 1230 2506 per
1259 2460 1474 2507 sepulturam
1500 2466 1538 2495 et
1567 2471 1729 2495 resurre-

213 2503 389 2547 ctionem3
413 2505 480 2540 hoc
498 2510 553 2540 est
577 2518 640 2552 per
659 2506 889 2541 abiectionem
909 2518 1022 2552 usque
1042 2506 1087 2542 ad
1106 2511 1250 2543 mortem
1262 2533 1273 2550 ,
1296 2513 1440 2543 mortem
1462 2512 1577 2542 autem
1597 2507 1727 2549 crucis,

213 2562 281 2598 per
299 2563 401 2598 quam
418 2551 563 2587 virtutis
584 2554 695 2588 omnis
717 2558 754 2588 et
774 2553 993 2600 principatus
1017 2560 1055 2589 et
1074 2555 1264 2600 potestatis
1283 2554 1424 2602 opifex,
1447 2554 1597 2601 ingeniti
1612 2554 1727 2601 patris

213 2597 347 2634 virtute
363 2603 406 2635 vet:
422 2599 568 2646 spiritus
590 2601 745 2636 eiusdem
766 2606 914 2636 naturae
934 2602 1108 2636 consortis
1130 2613 1216 2649 ope,
1239 2602 1276 2637 in
1296 2613 1465 2649 oppressa
1487 2602 1726 2648 depressaque

215 2645 387 2682 hominum
413 2651 541 2682 natura
567 2651 717 2695 tyranno
743 2660 829 2683 vere
859 2648 994 2684 infirmo
1024 2649 1200 2684 debellato
1228 2654 1385 2685 naturam
1406 2648 1549 2685 eandem
1581 2648 1726 2684 fascinis

214 2693 293 2727 eius
310 2694 467 2730 delusam
486 2695 686 2741 reparavit,
711 2708 775 2731 nec
791 2696 892 2731 modo
914 2696 1099 2742 spiritibus
1117 2709 1159 2732 ex
1183 2696 1290 2732 Adam
1305 2697 1457 2742 genitis,
1478 2701 1515 2731 et
1532 2696 1567 2731 in
1587 2695 1724 2730 inferno

212 2739 382 2784 detentis,
403 2742 465 2776 sed
483 2746 521 2777 et
537 2742 573 2778 in
594 2755 699 2778 carne
716 2743 808 2779 vivis
825 2749 861 2778 et
879 2744 916 2778 in
929 2756 1007 2778 eum
1022 2743 1261 2786 credentibus,
1284 2748 1392 2791 prout
1410 2756 1432 2779 a
1443 2743 1554 2779 sacris
1569 2755 1725 2788 evange-

214 2786 307 2822 listis
327 2789 534 2834 edocemur,
557 2791 793 2825 remissionem
807 2790 956 2838 largitus
977 2797 1049 2833 est;
1073 2791 1225 2837 gaudete
1242 2803 1391 2838 namque
1410 2791 1634 2834 mulieribus,
1660 2801 1725 2837 per

215 2846 302 2880 quas
319 2836 494 2883 pernicies
505 2838 621 2873 ‘omnis
635 2837 672 2874 in
688 2838 873 2873 humanum
891 2850 1001 2884 genus
1018 2838 1143 2884 illapsa
1161 2843 1227 2883 est,
1254 2844 1291 2873 et
1309 2838 1419 2873 sacris
1437 2838 1632 2884 discipulis,
1653 2848 1724 2884 pax

216 2882 337 2926 vobis,
363 2884 461 2932 pacis
479 2885 587 2922 omnis
604 2889 641 2922 et
658 2890 803 2922 sanctae
822 2885 923 2922 iuxta
945 2886 1044 2922 deum
1065 2885 1264 2923 dilectionis
1287 2890 1411 2923 auctor
1438 2883 1667 2922 annunciavit
1687 2888 1726 2919 et
1781 2912 1785 2914 .
