1800 3236
234 165 338 219 654
706 171 961 218 GEORGII
990 170 1279 217 SYNCELLI

234 287 388 339 πτίσας
415 283 546 331 αὖτὸν
577 286 646 330 καὶ
665 281 937 342 στοιχειώσας
965 287 1026 344 τῷ
1044 283 1149 344 θείῳ
1178 280 1289 344 λόγῳ
1314 281 1474 328 εἶἀσεν·
1513 282 1562 329 ὃν
1581 282 1750 343 ἡλικιῶ-

234 360 311 404 ταί
344 372 452 410 τινες
490 354 783 414 ἀπατήσαντες
824 353 1065 414 λῄσταρχον
1109 354 1179 398 διὰ
1225 352 1377 415 ῥώμην
1405 351 1604 411 σώματος
1643 374 1752 414 προ-

237 427 482 487 εστήσαντο.
531 432 683 472 τοῦτον
714 425 736 471 ὅ
765 423 972 485 θεολόγος
1003 423 1244 483 ἀπαιτήσας
1265 425 1383 483 παρὰ
1413 429 1490 470 τοῦ
1523 425 1759 470 ἐπισκόπου·

196 498 344 559 Βμετά
363 517 457 544 τινα
473 497 642 557 χρόνον,
676 495 733 549 ὥς
751 500 946 557 Χριστοῦ
970 494 1245 555 παραθήκην,
1283 496 1472 540 κάκείνου
1497 497 1753 555 διαποροῦν-

234 589 333 626 τος,
374 568 463 614 εἷτα
505 568 783 625 διδαχθέντος
819 569 913 628 περὶ
951 572 1029 612 τοῦ
1059 569 1278 611 νεανίσκου
1306 566 1383 624 τὴν
1419 564 1587 624 ζήτησιν
1625 567 1786 612 εἶπαι-’5

233 646 428 695 τεῖσθαι,
467 642 536 684 καὶ
560 640 609 684 οὗ
630 641 722 698 περὶ
739 636 973 696 χρημάτων
1007 636 1210 689 στενάξας
1236 636 1257 682 ὅ
1283 637 1411 688 αὐτὸς
1430 639 1653 690 ἐπίσκοπος
1673 638 1753 698 ἔφη

234 709 440 757 τεθνάναι
472 715 563 771 θεῷ
593 712 663 755 καὶ
697 709 952 770 ἀρχιλῃστὴν
977 709 1205 768 ἀποφῆναι.
1245 706 1267 752 ὃ
1291 709 1337 752 δὲ
1356 706 1592 761 ἀπόστολος
1622 708 1753 753 αὐτοῦ

235 781 471 840 καταγνοὺς
497 786 573 839 τῆς
601 782 693 840 περὶ
718 782 793 826 τὸν
814 782 1031 825 νεανίσκον
1054 780 1271 837 ἀμελείας,
1313 777 1492 837 ἔφιππος
1514 780 1577 823 δι’
1601 778 1754 824 ἑαυτοῦ

236 853 492 910 καταλαβών
528 852 577 897 τὸ
607 850 835 912 λῃστήριον
868 854 938 897 καὶ
969 851 1043 896 τὸν
1066 852 1234 895 νεανίαν
1258 847 1468 909 φεύγοντα
1492 849 1756 904 καταδιώξας

238 925 381 982 εὗχαΐς
402 926 472 969 καὶ
490 916 694 982 δάκρυσιν
716 925 759 967 ἐν
778 921 888 985 γήρα
908 920 1148 982 βαθυτάτῳ
1171 919 1487 977 καταλαμβάνει
1498 955 1512 975 ,
1548 919 1685 979 λόγοις
1710 940 1754 966 τε
1767 925 1800 960 1(

232 1002 437 1055 χρηστοῖς
465 997 534 1039 καὶ
567 994 674 1053 πρὸς
700 992 928 1050 μετάνοιαν
959 993 1109 1052 ἄγουσι
1142 995 1211 1036 καὶ
1242 993 1390 1035 ἐλπίδα
1423 993 1530 1050 ζωῆς
1547 1010 1757 1051 φωταγω-

239 1065 396 1125 γήσας,
435 1067 637 1123 οῗμωγαΐς
657 1066 725 1109 καὶ
747 1063 925 1125 δάκρυσι
937 1099 950 1119 ,
989 1063 1099 1121 μεθ’
1123 1061 1276 1107 ἑαυτοῦ
1297 1060 1548 1121 ἐπανήγαγε,
1588 1063 1665 1120 τὴν
1687 1063 1756 1107 διὰ

204 1145 235 1181 C
244 1137 472 1194 μετανοίας
505 1154 550 1181 τε
580 1137 793 1194 σωτηρίαν
821 1138 890 1180 καὶ
926 1135 1073 1194 ἄφεσιν
1091 1131 1374 1193 χαρισάμενος
1398 1136 1468 1177 καὶ
1484 1138 1537 1192 τῇ
1562 1135 1758 1195 ἐκκλησία

243 1205 494 1265 ἐπιστήσας·
535 1205 592 1258 ὥς
619 1205 783 1258 πάντας
809 1208 917 1265 μέγα
951 1203 1216 1264 παράδειγμα
1245 1206 1314 1248 καὶ
1345 1202 1547 1263 τρόπαιον
1569 1203 1753 1249 ἀναστά-

239 1295 347 1330 σεως
380 1281 450 1323 καὶ
477 1279 788 1336 παλιγγενεσίας
814 1276 1032 1338 γνώρισμα
1065 1276 1143 1333 τὴν
1172 1274 1401 1334 μετάνοιαν
1434 1277 1692 1335 διδαχθῆναι
1714 1277 1757 1321 ἐν
1771 1281 1800 1317 1ὲ

238 1350 371 1410 αὐτῷ.

271 1418 490 1477 Ῥωμαίων
509 1418 708 1477 βασιλεὺς
727 1416 755 1463 ι’
780 1416 974 1478 Νερούας
994 1418 1260 1475 ἐβασίλευσεν
1287 1416 1379 1470 ἴτος
1397 1417 1451 1462 ἓν.

686 1539 957 1582 ΚΟΣΜΟῩ
985 1539 1119 1580 ETH
1150 1534 1310 1598 ἐφπθ’.

610 1624 703 1678 Τῆς
736 1621 859 1672 θείας
895 1618 1146 1681 σαρκώσεως
1182 1620 1253 1678 ἴτη
1288 1619 1381 1667 πθ’.

348 1709 545 1773 Νεροῦας
575 1712 723 1774 πράως
746 1718 815 1760 καὶ
840 1721 986 1776 σοφῶς
1009 1713 1268 1773 βασιλεύσας
1286 1713 1398 1778 νόσῳ
1421 1722 1594 1781 τελευτᾷ
1616 1718 1660 1763 ἐν
1680 1714 1757 1776 κή-
1769 1720 1800 1756 2(

243 1803 339 1838 ποις
359 1789 677 1838 Σαλοστιανοῒς.

338 1904 375 1940 2.
397 1888 675 1948 ιιοιτεστήσαντο
700 1899 749 1935 G.
863 1901 899 1938 3.
922 1898 1043 1947 παρὰ]
1071 1896 1146 1937 ἀπὸ
1172 1900 1222 1935 G.
1326 1897 1361 1936 4.
1387 1899 1691 1949 διαπορροῦντος
1711 1900 1757 1935 A.

408 1952 445 1987 ⁴7.
471 1947 695 1997 ἀρχιλῃστὴν
715 1948 758 1983 Ρ.
783 1944 983 1997 οἷρχιλῃστῇ
1002 1949 1050 1983 G.
1145 1950 1205 1985 10.
1228 1947 1345 1994 Vulgo
1364 1946 1484 1995 γήρει.

248 2055 354 2090 dibus
373 2053 570 2098 irretitum,
595 2053 690 2101 quod
709 2053 849 2089 viribus
866 2055 902 2089 et
918 2053 1034 2090 animo
1053 2056 1266 2100 praestaret,
1292 2053 1507 2101 praedonum
1527 2053 1649 2088 ducem
1669 2051 1759 2087 effe-

245 2106 383 2138 cerunt.
430 2102 535 2137 Hunc
551 2102 688 2138 evoluto
707 2101 876 2148 tempor1s
893 2102 1042 2148 quodam
1062 2102 1199 2148 spatio,
1224 2114 1288 2137 ceu
1309 2101 1446 2137 Christi
1474 2101 1669 2147 depositum
1691 2098 1759 2134 sibi

246 2149 349 2184 reddi
372 2149 551 2195 theologus
581 2149 743 2196 expetiit.
792 2149 958 2184 Haesitat
979 2149 1126 2196 primum
1155 2149 1366 2197 episcopus3
1389 2160 1469 2184 mox
1493 2160 1563 2183 non
1590 2152 1759 2193 repetun-

246 2196 370 2231 darum
390 2197 634 2242 pecuniarum,
660 2196 723 2232 sed
743 2196 978 2232 adolescentis
994 2209 1063 2232 non
1082 2196 1215 2232 redditi
1238 2208 1334 2232 reum
1355 2209 1394 2231 se
1413 2195 1473 2242 agi
1499 2199 1690 2240 expertm,
1714 2205 1759 2229 ex

244 2242 315 2277 imo
332 2248 476 2289 pectore
495 2244 697 2290 suspirans,
722 2244 854 2279 fatetur
872 2244 1032 2279 iuvenem
1049 2243 1115 2279 deo
1132 2247 1323 2286 mortuum,
1347 2248 1384 2278 et
1403 2242 1615 2289 praedonum
1637 2242 1759 2277 ducem

245 2290 391 2325 factum.
441 2290 640 2337 Obiurgata
666 2291 825 2337 episcopi
858 2290 954 2326 circa
991 2291 1130 2327 iuvenis
1161 2290 1355 2326 custodiam
1386 2290 1546 2332 incuria,
1578 2289 1760 2335 apostolus

245 2349 355 2383 eques
368 2363 379 2380 ‚
404 2337 499 2371 nullo
531 2338 620 2373 duce
641 2350 744 2381 usus,
769 2339 816 2373 ad
836 2339 1047 2384 praedonum
1067 2349 1190 2383 agmen
1208 2337 1358 2380 delatus,
1382 2338 1642 2384 fugientemque
1659 2337 1761 2370 iuve-

245 2395 324 2419 nem
343 2384 478 2419 infirmo
498 2388 623 2420 conatu
640 2384 867 2431 insequutus,
893 2385 1058 2431 precibus
1076 2393 1112 2420 et
1130 2384 1293 2430 lacrymis
1311 2390 1508 2420 remoratur
1519 2410 1530 2428 ,
1555 2384 1762 2420 verborum-

245 2443 316 2478 que
340 2430 544 2473 blanditiis,
571 2437 608 2467 et
628 2444 718 2478 quae
744 2431 789 2466 ad
815 2432 1064 2478 poenitentiam
1093 2436 1129 2466 et
1158 2431 1254 2467 vitae
1281 2433 1506 2467 renovandae
1533 2442 1627 2478 spem
1661 2431 1759 2465 faces

244 2477 436 2522 adderent,
460 2490 525 2513 nec
545 2489 614 2513 non
631 2478 831 2524 planctibus
853 2479 1039 2515 emollitum
1059 2490 1176 2514 secum
1202 2479 1367 2522 reduxit;
1392 2483 1429 2514 et
1449 2479 1565 2514 salute
1592 2481 1759 2524 peccato-

245 2537 392 2573 rumque
419 2524 621 2562 remissione
647 2537 711 2572 per
737 2525 987 2572 poenitentiam
1019 2527 1169 2570 donata,
1203 2526 1363 2562 restituit
1391 2526 1583 2568 ecclesiae3
1618 2537 1663 2560 ex
1690 2535 1759 2570 quo

245 2572 437 2619 exemplum
462 2584 530 2608 non
555 2572 702 2618 vulgare
725 2577 761 2607 et
786 2574 1055 2610 resurrectionis
1082 2579 1264 2620 tropaeum
1296 2578 1334 2610 et
1352 2573 1448 2611 vitae
1477 2585 1543 2622 per
1575 2571 1760 2620 poeniten-

245 2619 331 2655 tiam
354 2621 576 2667 reparandae
596 2623 837 2666 argumentum
857 2622 973 2657 cuncti
995 2622 1223 2667 collegerunt.

291 2667 525 2704 Romanorum
544 2667 740 2716 Imperator
759 2670 804 2704 10
821 2669 947 2704 Nerva
970 2669 1135 2715 regnavit
1155 2681 1243 2706 anno
1264 2668 1378 2704 unico.

724 2750 883 2793 ANNI
912 2753 1275 2798 MUN121‘5589.

670 2819 833 2856 Dlvmffl
857 2821 1147 2858 INcARNA'rloNJs
1180 2832 1244 2857 AN.
1269 2821 1328 2857 89.

334 2878 460 2915 Nerva
492 2881 690 2928 temperate
718 2880 984 2930 prudenterque
1010 2879 1185 2928 imperans
1216 2880 1336 2917 morbo
1367 2879 1556 2926 correptus
1582 2875 1621 2912 in
1645 2873 1760 2912 hortis

243 2923 455 2962 salustianis
475 2929 632 2965 moritur.
