1800 3236
224 180 329 232 552
696 184 954 233 GEORGII
979 183 1264 230 SYNCELLI

227 317 351 360 μενος
367 297 575 352 σάκκους.
612 295 795 344 ἐλθόντα
826 295 872 343 δὲ
901 296 975 342 τὸν
1003 295 1119 355 παρὰ
1146 300 1223 341 τοῦ
1238 293 1444 353 βασιλέως
1461 291 1724 352 καταναγκά-

230 375 352 428 ζοντα
381 369 500 416 θύειν
530 376 619 422 τοῖς
639 367 824 420 εἰδώλοις
855 366 912 420 ὥς
930 366 1035 422 εἶδε,
1073 367 1167 411 τινὰ
1199 364 1492 425 προσελθόντα
1518 366 1724 410 Ἰουδαῖον

229 445 296 488 ἐπὶ
313 442 389 487 τὸν
418 441 563 499 βωμὸν
582 441 625 485 ἓν
646 441 849 495 Μωδεεὶμ
868 442 921 497 τῇ
940 436 1057 481 πόλει
1077 437 1250 495 δραμὼν
1270 437 1446 495 ἔσφαξεν
1465 436 1594 480 αὐτὸν
1605 469 1618 489 ,
1655 437 1724 479 καὶ

228 513 303 558 τὸν
335 512 471 571 ἄνδρα
503 511 578 555 τὸν
610 509 725 568 παρὰ
746 513 820 554 τοῦ
835 506 1049 564 Ἀντιόχου
1079 505 1361 566 ἀναγκάζοντα
1379 504 1525 561 θύειν,
1565 503 1622 557 ὥς
1643 510 1725 549 Φι-

228 583 314 635 νεὲς
339 582 413 627 τὸν
443 581 616 639 Ζαμβρὶ
644 580 737 624 υἱὸν
769 579 929 634 Σαλὼμ
960 580 1028 622 καὶ
1057 578 1135 634 τὴν
1165 580 1435 622 Μαδιανῖτιν.
1474 578 1543 620 καὶ
1569 576 1754 632 ἓξῆλθε5

231 651 394 713 φεύγων
424 650 502 696 σῦν
529 658 618 702 τοῖς
646 651 755 702 υἱοῖς
782 650 849 694 καὶ
882 648 1023 700 ἄλλοις
1051 645 1316 705 ὁμογνώμοσι
1344 649 1549 698 πλείστοις
1574 648 1631 697 εἷς
1651 645 1727 703 τὴν

195 723 403 783 Βῖρημον.
440 719 502 773 οἷς
521 720 759 778 ἐπιπέμψας
778 718 799 764 ὁ
814 720 1010 776 βασιλεὺς
1027 716 1268 777 στράτευμα
1293 718 1335 762 ἐν
1354 716 1488 778 ἡμέρᾳ
1507 714 1727 772 σαββάτου

232 794 390 840 ἀνεῖλεν
410 792 548 837 αὐτῶν
567 790 676 851 ἀμφὶ
697 791 797 842 τοὺς
805 792 978 847 χιλιόυς.
1008 790 1220 840 Ματθίας
1238 789 1284 832 δὲ
1298 785 1632 844 βουλευσάμενος
1651 786 1728 831 σὺν

232 872 321 916 τοῖς
339 864 475 923 φίλοις
505 861 606 920 ἔγνω
630 861 758 906 καλὸν
777 860 878 905 εἶναι
898 864 1091 917 πολεμεῖν
1110 858 1214 917 ὑπὲρ
1237 863 1323 903 τῶν
1342 859 1529 914 νομίμων
1553 859 1595 901 ἐν
1618 855 1729 912 σάβ-

233 940 350 992 βασι.
394 935 463 977 καὶ
493 930 694 991 ἐκράτησε
715 935 881 976 πολλῶν
911 932 981 974 καὶ
1008 928 1147 981 πόλεις
1171 929 1436 987 ἠλευθέρωσε
1459 930 1528 972 καὶ
1558 927 1730 984 βωμοὺς
1741 934 1788 970 10

235 1004 562 1062 κατεστρέψατο.
600 997 723 1054 οὗτος
752 999 1034 1058 ἀποθνήσκων
1062 1001 1155 1059 περὶ
1176 1001 1385 1055 εὐσεβείας
1410 1006 1499 1050 τοῖς
1517 997 1594 1042 σὺν
1616 998 1730 1058 αὐτῷ

235 1075 454 1131 διελέχθη,
492 1072 681 1124 καὶτοὺς
711 1068 830 1123 υἱοὺς
851 1070 947 1115 ἀντ’
981 1070 1112 1114 αὐτοῦ
1143 1070 1394 1127 κατέστησεν
1426 1069 1635 1128 ἄρχοντας
1655 1072 1731 1112 τοῦ

236 1150 367 1200 λαοῦ,
406 1138 464 1188 ὧν
491 1141 656 1194 Ἰούδας
690 1141 826 1200 ἡγεῖτο
848 1139 869 1185 ὃ
889 1143 1188 1194 ΖΙίῙακκαβαῖος.
1234 1140 1340 1198 πρὸς
1356 1144 1506 1184 τοῦτον
1518 1136 1734 1183 Ἀπολλώ-

235 1232 325 1267 νιος
350 1210 563 1270 Ἀντιόχου
595 1212 827 1271 στρατηγὸς
852 1209 1199 1270 παραταξάμενος
1218 1210 1324 1267 μετὰ
1346 1208 1562 1266 δυνάμεων
1582 1208 1733 1266 Σύρων

237 1287 307 1331 καὶ
325 1283 559 1341 Σαμαρέων
592 1282 819 1341 ἀναιρεῖται
850 1281 927 1325 σὺν
947 1285 1130 1332 πολλοῖς.
1168 1280 1306 1325 ἔπειτα
1328 1278 1478 1339 Σήρων
1497 1280 1636 1338 ἄρχων
1656 1282 1733 1323 δυ-
1747 1286 1790 1324 15

237 1354 402 1412 νάμεως
431 1353 589 1412 Συρίας
609 1353 799 1398 ἐπελθὼν
815 1348 1039 1403 Ἰουδαίοις
1057 1351 1163 1407 μετὰ
1182 1348 1397 1408 δυνάμεως
1416 1348 1598 1408 μεγάλης
1616 1350 1738 1393 ἀναι-

241 1433 387 1484 ρεῖταιΙ
404 1424 482 1468 σὺν
502 1428 684 1475 πολλοῖς.
723 1422 827 1481 πρὸς
843 1427 978 1466 ταῦτα
999 1419 1291 1479 ἀγανακτήσας
1300 1422 1510 1477 Ἀντίοχος
1523 1454 1536 1475 ,
1574 1421 1737 1476 με’λλων

241 1497 308 1540 ἐπὶ
330 1494 407 1552 τὴν
417 1495 610 1553 Περσίδα
628 1491 884 1552 πορεύεσθαι
905 1492 974 1536 διὰ
991 1490 1133 1550 φόρων
1154 1492 1410 1550 συναγωγὴν,
1433 1492 1615 1535 ἐκέλευσε
1633 1493 1737 1534 Λυ-

203 1567 340 1611 Οσίαν
361 1565 435 1610 τὸν
457 1566 523 1608 ἐπὶ
543 1569 629 1609 τῶν
647 1562 903 1622 πραγμάτων
916 1562 1135 1614 Ἰουδαίοις
1151 1567 1342 1618 πολεμεῖν
1358 1576 1368 1588 ”
1407 1561 1453 1613 ὃς
1468 1565 1737 1618 Πτολεμαῖον

242 1638 312 1681 καὶ
341 1635 523 1694 Γοργίαν
557 1636 627 1679 καὶ
662 1633 880 1693 Νικάνορα
913 1632 1170 1692 στρατηγοὺς
1204 1633 1418 1689 ἐκπέμπει,
1456 1630 1643 1689 οἲόμενος
1661 1632 1793 1678 τὸνΞΟ

237 1705 468 1764 Ῥωμαικὸν
508 1703 642 1765 φόρον
685 1705 739 1749 τὰ
780 1723 822 1767 ,α
861 1702 1050 1749 τάλαντα
1085 1705 1129 1748 ἐκ
1159 1708 1243 1749 τῶν
1266 1704 1508 1748 Ἰουδαϊκῶν
1536 1700 1738 1762 λαφύρων

333 1806 370 1842 3.
401 1800 445 1840 ἐν
475 1802 640 1851 μωδεεὶμ
663 1803 704 1839 Β.
737 1801 946 1850 ἐμμωδεεὶμ
963 1805 1008 1842 Α.
1040 1801 1081 1841 ἓν
1099 1802 1252 1849 Mosam
1280 1803 1329 1840 G.
1462 1803 1500 1841 5.
1531 1801 1667 1849 ζαμβρὶ
1691 1802 1735 1836 Β.

341 1851 464 1898 Ζαμρὶ
486 1853 535 1888 G.
638 1850 872 1899 μαδιανήτην
891 1853 935 1888 Β.
1031 1855 1088 1889 12.
1117 1852 1229 1898 Vulgo
1242 1848 1434 1897 διηλέχθη.
1536 1850 1593 1887 14.
1618 1846 1740 1886 δυνά-

337 1912 438 1945 μεων
465 1900 538 1934 ΑΒ.
571 1898 768 1944 δυνάμεως
796 1901 843 1935 G.
877 1899 1020 1946 Iosephi
1040 1899 1149 1945 (XII,
1172 1900 1227 1945 7.)
1256 1898 1467 1946 comparatio
1494 1897 1597 1932 docet
1621 1898 1740 1932 Geor-

337 1946 434 1993 gium
451 1946 568 1982 dicere
586 1947 747 1982 debuisse
767 1945 861 1992 μετά
880 1946 1076 1994 δυνάμεως
1095 1945 1325 1992 Σαμαρέων,
1351 1945 1487 1981 omissis
1505 1943 1644 1990 Σύρων
1661 1944 1737 1980 καὶ.

414 1995 471 2030 15.
498 1993 626 2030 ἔπειτα
644 2015 691 2020 -
716 1994 786 2031 σύν
809 1997 963 2037 πολλοῖς
991 1994 1114 2030 addidi
1140 2006 1184 2029 ex
1211 1995 1287 2031 AB.
1406 1991 1559 2039 Σήρων]
1588 1992 1739 2027 Codices

338 2039 475 2089 σύρων.
564 2043 621 2079 18.
643 2039 718 2088 ἐπὶ]
740 2043 792 2085 εἰς
804 2043 853 2078 G.
943 2044 1000 2079 19.
1020 2042 1102 2088 τὸν]
1116 2042 1194 2078 τῶν
1210 2042 1254 2076 Β.
1341 2042 1400 2078 21.
1423 2040 1470 2077 τοὶ
1481 2054 1518 2090 ‘a
1527 2041 1569 2075 B.
1581 2041 1680 2087 χίλια
1691 2040 1740 2077 G.

251 2131 327 2156 cum
345 2121 428 2157 filiis
444 2122 599 2168 lugebat.
645 2124 736 2159 Eum
750 2136 835 2160 vero
854 2123 915 2170 qui
937 2135 982 2160 ex
997 2123 1093 2170 regis
1112 2122 1272 2159 mandato
1291 2121 1394 2157 idolis
1415 2133 1518 2157 sacra
1544 2122 1664 2156 facere
1679 2132 1741 2156 co-

251 2172 353 2214 geret
371 2173 408 2204 et
429 2181 497 2204 una
515 2170 678 2206 Iudaeum
708 2172 878 2217 quendam
897 2172 932 2206 in
958 2171 1105 2206 civitate
1125 2171 1255 2206 Modim
1279 2170 1453 2204 immolare
1479 2173 1634 2214 paratum
1662 2180 1741 2203 cum

249 2220 433 2259 cerneret,
458 2217 622 2252 exsiliens
641 2219 914 2254 sacrificaturum
934 2218 1085 2260 occidit,
1109 2229 1247 2263 unaque
1268 2228 1381 2250 senem
1402 2217 1446 2250 ab
1466 2215 1635 2251 Antiocho
1657 2215 1741 2250 mis-

251 2274 327 2297 sum
346 2266 382 2297 et
402 2263 447 2298 ad
465 2264 588 2310 impios
606 2265 710 2300 ritum
729 2266 987 2311 compellentem
1000 2291 1011 2307 ‚
1035 2264 1080 2299 ad
1099 2264 1250 2299 Phinees
1268 2263 1377 2297 instar
1396 2263 1514 2298 Zamri
1539 2263 1647 2297 filium
1673 2263 1742 2296 Sa-

250 2308 318 2343 lom
336 2314 373 2344 et
385 2309 649 2347 madianitidem
666 2312 912 2354 confodientis,
937 2324 956 2346 e
973 2311 1085 2346 medio
1103 2311 1246 2357 propria
1262 2322 1362 2345 manu
1382 2310 1546 2352 sustulit3
1570 2322 1649 2345 mox
1664 2320 1740 2344 cum

249 2355 332 2390 filiis
350 2361 388 2391 et
404 2356 482 2391 aliis
502 2357 654 2394 eiusdem
672 2359 807 2393 consilii
826 2358 974 2393 consciis
995 2358 1083 2403 fuga
1097 2370 1136 2392 se
1149 2357 1322 2404 proripuit
1339 2357 1374 2391 in
1392 2357 1580 2398 desertum,
1598 2357 1634 2392 in
1654 2368 1742 2402 quos

249 2403 408 2438 exercitu
428 2402 485 2438 die
500 2404 645 2440 sabbati
663 2405 764 2440 misso
775 2418 818 2440 ex
838 2406 889 2440 eis
903 2405 998 2440 circa
1013 2405 1105 2440 mille
1122 2405 1218 2440 viros
1229 2416 1291 2439 rex
1305 2404 1431 2450 gladiis
1449 2404 1609 2440 confecit.
1644 2404 1743 2438 Mat-

249 2449 344 2485 thias
354 2450 600 2486 communicato
610 2463 686 2486 cum
697 2452 814 2487 amicis
825 2453 1003 2498 proposito
1012 2451 1115 2487 etiam
1124 2452 1289 2487 Sabbatis
1297 2463 1392 2487 arma
1402 2457 1569 2494 tractare,
1587 2451 1676 2486 bello
1686 2450 1742 2485 vi-

249 2497 512 2544 tamlegemque
521 2498 614 2533 tueri
631 2499 733 2544 aequi
744 2500 894 2546 bonique
911 2499 1102 2541 consuluit;
1122 2511 1165 2535 ex
1182 2511 1250 2546 quo
1263 2500 1464 2545 frequentes
1474 2499 1658 2540 victoriae,
1681 2508 1743 2531 ur-

250 2543 314 2579 bes
327 2543 370 2579 -in
386 2545 582 2581 libertatem
596 2546 808 2589 vindicatae,
828 2558 972 2582 eversae
990 2546 1169 2592 gentilium
1186 2558 1279 2581 arae.
1305 2546 1496 2582 Moriturus
1512 2546 1645 2582 demum
1662 2555 1742 2579 cum

207 2597 209 2599 '
253 2591 326 2626 suis
346 2590 391 2626 de
414 2591 585 2638 religione
599 2592 717 2627 habito
736 2597 888 2628 tractatu
901 2620 911 2636 ‚
936 2593 1026 2628 filios
1044 2594 1164 2640 populi
1180 2594 1355 2640 principes
1373 2593 1546 2634 instituit,
1570 2596 1606 2627 et
1622 2591 1743 2626 Iudam

251 2637 500 2675 Maccabaeum
522 2651 682 2675 summum
702 2639 794 2675 inter
815 2653 873 2676 eos
887 2641 1018 2677 ducem.
1043 2642 1204 2676 Antiochi
1226 2641 1297 2676 dux
1314 2641 1515 2686 Apollonius
1526 2640 1694 2685 Syrorum
1706 2643 1745 2673 et

253 2684 521 2721 Samariensium
538 2687 650 2734 copiis
668 2687 802 2722 eductis
824 2688 1072 2734 commissoque
1103 2688 1258 2735 praelio,
1281 2700 1302 2723 e
1331 2688 1402 2722 suis
1423 2687 1539 2733 plures
1566 2685 1683 2721 amisit
1705 2687 1743 2719 et

254 2731 331 2778 ipse
351 2732 459 2768 vitam
475 2732 513 2768 in
527 2733 691 2770 conflictu
706 2734 860 2781 reliquit.
906 2735 974 2770 His
991 2738 1217 2771 exacerbatus
1234 2735 1424 2770 Antiochus
1441 2733 1572 2769 indicta
1597 2733 1635 2768 in
1653 2733 1744 2768 Per-

256 2779 365 2814 sidem
393 2781 682 2826 corrogandarum
711 2793 796 2827 ergo
826 2782 1048 2828 pecuniarum
1075 2782 1312 2829 profectione,
1345 2781 1485 2827 Lysiam
1512 2779 1661 2826 negotiis
1682 2779 1742 2814 Iu-

256 2825 367 2861 daeae
389 2828 605 2874 praefectum
639 2828 788 2864 Iudaeos
813 2829 904 2864 bello
939 2830 1112 2865 lacessere
1137 2830 1254 2872 iubet,
1286 2841 1328 2864 ac
1348 2829 1568 2870 Ptolemaeo,
1604 2825 1744 2872 Gorgia.

259 2877 297 2907 et
331 2873 509 2909 Nicanore
540 2875 684 2911 ducibus
725 2875 897 2911 institutis
908 2901 919 2918 ,
954 2876 1168 2922 pendendum
1205 2876 1369 2912 Romanis
1406 2876 1613 2910 talentorum
1648 2872 1743 2908 mille

256 2919 422 2958 tributum
439 2933 482 2958 ex
496 2922 702 2961 Iudaeorum
719 2923 839 2971 spoliis
854 2923 1075 2960 collecturum
1092 2936 1132 2960 se
1148 2924 1325 2972 sperabat.
1371 2922 1426 2959 Illi
1443 2922 1487 2960 ad
1506 2921 1744 2958 Emmauntem
