1800 3236
263 146 367 197 672
733 155 989 203 GEORGII
1017 158 1309 205 SYNCELLl

723 271 992 314 KOEMOY
1022 273 1156 315 ETH
1186 269 1313 334 ,εψα’.

640 355 732 409 Τῆς
766 352 890 404 θείας
924 350 1175 412 σαρκώσεως
1210 353 1281 412 ἔτη
1317 352 1402 401 σοι’.

294 440 512 500 Ῥωμαίων
542 444 899 498 ὀκτωκαιδέκατος
925 446 1192 502 ἐβασίλευσεν
1210 447 1456 503 Ἀντωνῖνος
1488 450 1511 497 ὅ
1539 452 1779 511 ἐπικληθεὶς

230 514 265 552 D
412 512 699 573 Καράκαλλος
709 550 723 571 ,
755 516 847 568 υἱὸς
867 515 924 561 ὢν
941 514 1132 576 Σευήρου
1141 552 1156 572 ,
1188 517 1260 577 ἴτη
1282 518 1329 575 ζ’,
1358 520 1435 566 σὺν
1455 521 1627 584 ἀδελφῷ
1647 528 1690 568 Γ
1687 525 1776 586 ε’τᾳ,

405 584 455 629 ὃν
481 587 550 630 καὶ
570 586 728 642 ἀνεῖλε,
769 585 1050 648 φονικώτερος
1068 589 1246 647 γεγονώς
1265 590 1472 648 Κομόδου
1496 596 1567 638 καὶ
1592 595 1800 647 πολλοὺςέ

407 655 566 701 ἀνελών
588 658 755 710 ἀδίκως.

318 736 335 757 ’·’·
376 721 515 779 Οὗτος
546 728 690 773 ἐλθὼν
723 731 782 780 εἷς
812 726 1127 789 Ἀλεξάνδρειαν
1161 730 1210 775 τὸ
1258 729 1419 790 ταύτης
1455 734 1659 793 ἐπίσημον
1699 735 1778 780 σῦν

266 801 410 858 πολλῷ
433 796 588 855 πλήθει
607 799 844 859 διέφθειρε,
885 801 955 845 διὰ
987 799 1138 846 στάσιν
1169 803 1422 862 δημοτικὴν,
1463 803 1691 865 ἀκόρεστος
1719 806 1779 851 ὢν

269 866 460 924 αἱμάτων
485 871 554 913 καὶ
572 871 706 927 μηδέν
727 889 828 915 ποτε
846 870 1011 931 πράξας
1031 870 1260 930 ἀξιόλογον.
1791 890 1800 924 1

369 937 419 983 ‘O
451 940 493 983 δ’
522 941 652 992 αὐτὸς
672 941 914 1002 Ἀρταβάνῃ
944 948 1004 1004 τῷ
1038 946 1220 1001 Περσῶν
1243 948 1415 998 βασιλεῖ
1435 949 1631 1003 πολεμεῖν
1663 948 1781 992 δοκι-

265 1006 410 1066 μάσας
443 1010 674 1069 ἀναιρεῖται
707 1010 818 1074 δόλῳ
849 1013 956 1073 πρὸς
987 1015 1173 1073 Καριάις
1205 1017 1275 1059 καὶ
1301 1015 1490 1076 Ἐδέσσῃ.
1564 1014 1704 1069 πόλεις
1731 1018 1782 1070 δῖ

268 1075 395 1125 αὗται
416 1086 493 1139 τῆς
515 1082 760 1141 Ὀσροηνῆς.

374 1155 601 1211 Μακρῖνος
626 1154 672 1197 δὲ
698 1150 852 1198 τούτου
875 1160 976 1206 παῖς
997 1154 1135 1200 συνών
1159 1154 1275 1216 αὐτῷ
1299 1155 1511 1209 διεδέξατο
1537 1156 1617 1215 τὴν
1646 1157 1780 1216 ἀρχὴν

270 1220 363 1275 ἔτος
379 1220 426 1267 (ἓν
451 1223 584 1282 ἄρξας
602 1226 672 1268 καὶ
691 1229 829 1282 μῆνας
844 1221 914 1278 (ἐξ,
954 1224 1012 1277 ὥς
1037 1243 1166 1281 τινες,
1201 1226 1389 1286 χρηστὸς
1422 1229 1492 1271 καὶ
1522 1230 1617 1287 περὶ
1640 1228 1800 1276 πάντας

115 1291 158 1330 P·
174 1293 246 1330 357
270 1296 503 1346 σπουδαῖος
525 1297 693 1353 φανεὶς,
731 1293 918 1352 μάλιστα
948 1297 994 1340 δὲ
1029 1296 1083 1340 τὰ
1115 1297 1418 1355 στρατιωτικὰ,
1454 1296 1504 1342 τό
1524 1316 1569 1342 τε
1593 1297 1781 1357 ὑπήκοον

269 1362 463 1424 φυλάξας
486 1365 809 1424 ἀνεπηρέαστον.
869 1360 918 1410 οὗ
944 1364 1071 1426 χάριν
1096 1369 1203 1419 τινὲς
1233 1372 1319 1412 τῶν
1339 1372 1415 1426 τῆς
1437 1366 1546 1421 {chag
1572 1387 1783 1429 στρατιω-

269 1438 357 1479 τῶν
394 1435 765 1492 ἐπιβουλεύσαντες
806 1436 922 1498 αὐτῷ
956 1437 1203 1483 Ἀντωνῖνον
1231 1436 1452 1498 Αὖρήλιον
1496 1438 1782 1499 ἀνηγόρευσαν

270 1506 450 1563 βασιλέα
481 1506 744 1565 Ἐδεσσηνόν.
803 1505 941 1570 τούτῳ
982 1513 1219 1567 πολεμῆσαι
1247 1512 1464 1568 πειραθεὶς
1497 1508 1519 1554 ὃ
1552 1514 1780 1570 Μακρῖνος

272 1578 546 1633 ἐλαττοῦται,
603 1581 674 1622 καὶ
712 1576 876 1638 φεύγων
917 1581 1010 1639 περὶ
1047 1579 1096 1625 τὸ
1135 1577 1369 1635 Βυζάντιον
1414 1577 1474 1633 ὥς
1511 1580 1800 1639 αἲχμάλωτοςξ

269 1643 547 1705 περιενεχθεὶς
573 1648 802 1709 διεφθάρη.

302 1716 519 1777 Ῥωμαίων
540 1720 894 1772 ὀκτωκαιδέκατος
916 1720 1160 1775 ἐβασίλευσε
1179 1724 1405 1781 Μακρῖνος
1415 1719 1508 1774 ε’τος
1522 1718 1568 1766 ἓν
1581 1756 1595 1777 ,
1635 1720 1694 1774 ὥς
1726 1723 1780 1766 δὲ

234 1801 266 1835 Β
415 1789 535 1835 ἄλλοι
555 1791 742 1849 λέγουσι,
781 1793 849 1836 καὶ
871 1796 1009 1849 μῆνας
1032 1793 1087 1845 ἕξ.
1136 1790 1300 1852 ἐσφάγη
1319 1794 1364 1836 δὲ
1385 1795 1429 1838 ἓν
1444 1792 1688 1852 Ἀρχελαΐδα

369 1869 403 1905 1.
426 1868 542 1916 Vulgo
560 1870 715 1906 ΕΤΟΣ.
812 1867 904 1918 ,εψγ’
923 1882 968 1906 m.
1060 1872 1096 1907 2.
1121 1870 1255 1906 Aberat
1275 1867 1352 1917 ἔτη.
1445 1867 1499 1916 σγ’
1518 1882 1564 1908 m.
1660 1872 1694 1908 5.
1717 1870 1783 1908 καὶ

369 1926 437 1952 om.
456 1916 506 1952 G.
601 1919 648 1955 12
672 1923 709 1955 et
731 1929 768 1965 p.
787 1919 858 1956 357
879 1919 916 1955 d.
948 1917 1067 1965 Vulgo
1086 1915 1292 1966 Ὀσροϊνῆς.
1324 1917 1492 1954 Correxit
1511 1930 1557 1954 m.

750 1990 906 2030 ANNI
934 1991 1143 2031 MUNDI
1173 1994 1301 2036 5703.

682 2048 846 2084 Dwmm
870 2048 1158 2084 INcAnNA'moms
1194 2060 1258 2084 AN.
1287 2048 1371 2085 203.

320 2103 551 2141 Romanorum
568 2106 763 2154 Imperator
784 2109 827 2145 18
844 2107 1053 2150 Antoninus,
1074 2109 1300 2153 cognomento
1320 2105 1517 2148 Caracalla,
1535 2105 1628 2140 filius
1643 2104 1780 2149 Severi,

393 2153 494 2187 annis
512 2154 534 2189 7
553 2167 631 2190 cum
658 2155 772 2191 fratre
798 2156 914 2198 Geta,
944 2167 1067 2201 quem,
1092 2155 1280 2201 pluresque
1310 2154 1422 2196 alios,
1446 2153 1615 2188 caedibus
1635 2157 1783 2200 patran-

394 2199 448 2234 dis
468 2200 687 2237 Commodum
709 2214 924 2248 exsuperans
946 2214 1010 2249 per
1029 2214 1193 2238 summum
1216 2202 1315 2236 nefas
1334 2200 1476 2235 occidit.

370 2246 443 2280 Hic
470 2248 715 2284 Alexandriam
741 2250 944 2295 profectus,
977 2261 1042 2284 nec
1065 2249 1170 2285 laude
1198 2249 1344 2295 dignum
1370 2246 1505 2293 aliquid
1526 2246 1688 2289 molitus,
1712 2246 1782 2281 imo

277 2292 456 2339 sanguinis
479 2307 616 2343 semper
636 2297 780 2341 avidus,
803 2298 841 2332 in
859 2296 1041 2344 popularis
1058 2296 1242 2331 seditionis
1261 2294 1428 2330 ultionem
1450 2293 1607 2329 civitatis
1625 2298 1783 2329 ornatum

277 2351 409 2375 omnem
425 2343 565 2377 evertit.
1672 2351 1674 2353 ·

222 2391 225 2393 ’
371 2387 542 2424 Artabani
560 2391 747 2426 Persarum
764 2389 843 2436 regi
862 2390 954 2426 bello
977 2389 1132 2433 indicto,
1157 2389 1203 2425 ad
1229 2388 1356 2425 Carias
1374 2390 1411 2424 et
1427 2387 1600 2424 Edessam
1621 2388 1782 2424 Osrhoe-

277 2445 400 2470 norum
415 2436 540 2481 urbes,
566 2438 644 2472 dolo
665 2442 823 2472 necatur.
1554 2450 1557 2457 ‘

372 2482 553 2519 Macrinus
574 2485 648 2519 eius
673 2485 805 2530 (filius)
829 2483 1056 2526 domesticus,
1082 2483 1315 2530 profectionis
1336 2495 1472 2527 comes,
1497 2482 1653 2529 suscepit
1669 2481 1782 2528 impe-

279 2529 379 2572 rium,
403 2531 634 2577 regnavitque
654 2543 743 2566 anno
760 2543 828 2566 uno
851 2535 898 2574 et,
916 2535 956 2566 ut
976 2532 1115 2578 quidam
1131 2532 1272 2573 volunt,
1299 2532 1475 2568 mensibus
1494 2543 1576 2573 sex,
1602 2530 1659 2564 vir
1677 2530 1781 2575 plane

279 2577 447 2612 humanus
476 2583 513 2613 et
535 2578 631 2613 circa
659 2584 805 2620 cuncta,
830 2578 976 2614 maxime
1005 2579 1160 2614 militiam
1190 2579 1379 2621 sollicitus,
1404 2579 1504 2613 cuius
1532 2577 1645 2612 solitis
1673 2577 1782 2612 mole-

277 2624 359 2660 stiis
384 2629 421 2660 et
438 2625 681 2661 vexationibus
710 2626 886 2661 subditum
909 2638 1083 2673 quemque
1110 2627 1290 2662 immunem
1319 2626 1454 2662 servari
1474 2628 1531 2661 sat
1548 2625 1702 2670 agebat;
1735 2635 1782 2659 ex

276 2683 345 2717 quo
375 2671 591 2708 orientalium
627 2673 805 2720 copiarum
844 2675 927 2708 moti
959 2674 1086 2709 milites
1115 2686 1159 2709 ex
1186 2673 1324 2709 insidiis
1355 2673 1566 2708 Antoninum
1601 2670 1781 2706 Au'relium

277 2718 496 2755 Edessenum
515 2720 762 2766 Imperatorem
781 2720 1074 2756 acclamaverunt.
1112 2722 1216 2756 Hunc
1232 2720 1335 2756 armis
1349 2720 1523 2767 repellere
1535 2719 1682 2754 adorsus
1699 2718 1782 2752 Ma-

279 2765 396 2802 crinus
415 2771 624 2813 superatur3
646 2767 924 2815 Byzantiumque
935 2768 1087 2813 fugiens,
1116 2770 1186 2804 huc
1203 2769 1286 2804 illuc
1303 2768 1471 2814 agitatus,
1488 2768 1564 2801 vita
1583 2766 1781 2801 mulctatur.

326 2815 558 2851 Romanorum
582 2815 774 2862 Imperator
796 2817 840 2851 18
860 2815 1042 2851 Macrinus
1071 2827 1161 2853 anno
1190 2827 1284 2860 uno,
1317 2819 1354 2851 et
1380 2818 1422 2850 ut
1441 2818 1607 2851 asserunt
1625 2811 1781 2849 nonnulli

395 2862 572 2897 mensibus
593 2874 654 2898 sex
674 2862 859 2898 adiunctis.

369 2907 548 2945 Macrinus
568 2909 606 2946 in
624 2909 834 2947 Archelaide
849 2909 1079 2957 interemptus
1102 2911 1171 2946 est.
