1754 3236
194 187 262 235 20
655 153 905 234 GEORGH
933 183 1219 232 SYNCELLI

286 293 361 341 Ἐκ
388 295 471 340 τοῦ
498 291 680 351 πρώτου
707 292 883 351 βιβλίου
910 288 1047 349 Ἐνώχ
1075 289 1176 348 περὶ
1203 290 1297 335 τῶν
1324 286 1599 348 ἓγρηγόρων.

156 376 189 412 Ι)
300 372 388 415 Καὶ
410 370 563 428 ἐγένετο
588 367 655 412 ὅτε
677 364 1010 424 ε’πληθύνθησαν
1032 366 1072 410 οἳ
1094 366 1178 409 υἱοὶ
1207 370 1293 410 τῶν
1313 364 1554 427 ἀνθρώπων
1583 367 1694 424 ἔγεν-

194 438 391 498 νήθησαν
421 439 563 490 αὐτοῖς
592 439 820 497 θυγατέρες
852 435 1026 495 ὡραῖαι,
1075 437 1146 480 καὶ
1179 434 1454 493 ἐπεθύμησαν
1489 436 1623 488 αὗτὰς
1655 437 1694 480 οἶ

194 510 431 570 ε’γρήγοροι,
467 511 536 553 καὶ
569 506 928 565 ἀπεπλανήθησαν
962 506 1094 551 ὀπίσω
1129 506 1293 562 αὖτῶν,
1343 509 1413 551 καὶ
1444 505 1558 552 εἶπον
1588 506 1695 566 πρὸς

194 579 422 638 ἀλλήλους,
461 577 723 634 ἐκλεξώμεθα
761 577 926 629 ἑαυτοῖς
968 584 1169 635 γυναῖκας
1206 577 1289 621 ἀπὸ
1329 581 1414 622 τῶν
1443 578 1722 637 θυγατέρωνὸ

194 655 280 695 τῶν
308 647 545 709 ἀνθρώπων
567 653 641 706 τῆς
660 653 747 707 γῆς.
787 650 855 692 καὶ
878 646 961 693 εἷπε
983 649 1191 704 Σεμιαζᾶς
1211 645 1231 692 ὃ
1254 646 1395 705 ἄρχων
1423 648 1564 693 αὐτῶν
1587 648 1696 708 πρὸς

193 720 374 774 αὐτοὺς,
412 723 623 779 φοβοῦμαι
651 720 711 777 μὴ
748 718 795 763 οὗ
823 716 1031 776 θελήσητε
1062 722 1235 775 ποιῆσαι
1263 718 1312 762 τὸ
1344 723 1519 779 πρᾶγμα
1548 724 1692 774 τοῦτο,

195 792 264 835 καὶ
293 790 438 846 ἔσομαι
460 789 537 847 ἐγώ
556 788 687 846 μόνος
718 789 929 849 ὀφειλέτης
956 787 1167 847 ἁμαρτίας
1193 786 1390 846 μεγάλης.
1428 792 1499 834 καὶ
1521 789 1694 849 ἀπεκρί-

193 846 336 918 θησαν
359 860 474 920 αὐτῷ
496 858 646 912 πάντες
665 862 732 904 καὶ
758 859 887 915 εἷπον,
909 858 1130 916 ὀμόσωμεν
1152 857 1335 911 ἅπαντες
1356 858 1468 921 ὅρκῳ
1495 863 1565 905 καὶ
1587 860 1694 905 ἅνα-

193 931 485 987 θεματίσωμεν
507 929 714 987 ἀλλήλους
735 935 810 975 τοῦ
838 930 900 988 μὴ
927 930 1195 989 ἀποστρέψαι
1218 929 1295 987 τὴν
1321 928 1491 988 γνώμην
1514 929 1688 989 ταύτην,
1705 937 1751 972 10

180 1001 334 1059 ’μέχρις
361 995 409 1044 οὗ
435 1001 746 1057 ἀποτελέσωμεν
769 999 914 1059 αὐτήν.
961 998 1055 1045 τότε
1090 999 1243 1052 πάντες
1274 999 1449 1057 ὤμοσαν
1478 1000 1586 1059 ὁμοῦ
1622 1004 1692 1046 καὶ

56 1069 97 1105 Ρ·
125 1071 170 1108 12
194 1069 500 1128 ἀνεθεμάτισαν
530 1069 746 1128 ἀλλήλους.
792 1068 902 1129 ἦσαν
924 1072 970 1115 δὲ
993 1065 1109 1116 οὗτοι
1131 1069 1335 1115 διακόσιοι
1359 1073 1400 1116 οἳ
1429 1070 1693 1130 καταβάντες

189 1141 234 1186 ἓν
254 1148 346 1192 ταῖς
364 1139 538 1200 ἡμέραις
553 1141 687 1201 Ἰάρεδ
709 1145 766 1194 εἷς
789 1143 866 1200 τὴν
884 1141 1074 1201 κορυφὴν
1097 1147 1174 1186 τοῦ
1197 1142 1435 1202 Ἐρμονιεὶμ
1464 1143 1593 1203 ὅρους
1622 1145 1693 1188 καὶ

188 1209 390 1255 ἐκάλεσαν
421 1212 468 1256 τό
508 1211 606 1271 ὄρος
636 1212 834 1271 Ἐρμώμ,
872 1212 1027 1258 καθότι
1059 1211 1233 1269 ὤμοσαν
1271 1215 1342 1256 καὶ
1379 1212 1692 1272 ἀνεθεμάτισαν

187 1279 394 1339 ἀλλήλους
416 1283 458 1326 ἐν
481 1282 607 1342 αὐτῷ.
646 1285 714 1326 καὶ
740 1289 874 1328 ταῦτα
895 1283 949 1328 τὰ
969 1280 1160 1340 ὀνόματα
1180 1288 1264 1328 τῶν
1288 1282 1504 1344 ἀρχόντων
1518 1285 1659 1331 αὐτῶν
1677 1300 1687 1310 ·
1701 1290 1748 1328 15

257 1350 297 1395 α’
333 1354 540 1409 Σεμιαζᾶς
565 1351 586 1397 ὃ
610 1352 749 1414 ἄρχων
770 1354 921 1400 αὐτῶν.
1030 1352 1066 1407 ς’
1097 1352 1285 1412 Ῥαμιήλ.

253 1420 297 1478 β’
326 1421 578 1483 Ἀταρκούφ.
1032 1422 1066 1479 ζ’
1103 1427 1296 1483 Σαμψίχ.

148 1503 180 1540 Β
265 1489 302 1549 γ’
331 1491 530 1551 Ἆρακιήλ
1033 1494 1078 1553 η’
1111 1495 1289 1554 Ζακιήλ.

255 1559 295 1605 δ’
327 1560 580 1621 Χωβαβιήλ.
1022 1564 1072 1611 θ’
1107 1565 1310 1625 Βαλκιήλ.

261 1629 292 1676 ε’
322 1630 593 1692 Ὁραμμαμή.
1038 1634 1064 1680 ι’
1094 1636 1309 1696 Ἀζαλζήλ.
1698 1645 1747 1682 20

278 1708 314 1743 1.
337 1705 465 1756 Ἑνώχ]
494 1710 585 1758 Cap.
607 1709 688 1748 v11.
712 1723 749 1759 p.
766 1711 848 1750 171.
895 1712 937 1749 In
962 1711 1052 1750 libro
1071 1715 1196 1751 Enoch
1213 1727 1342 1763 sequor
1357 1710 1689 1762 interpretationem

277 1754 453 1801 Sylvestri
470 1758 515 1794 de
535 1759 641 1805 Sacy,
665 1770 758 1805 quae
776 1759 896 1797 addita
919 1764 975 1796 est
994 1762 1181 1798 Laurencii
1198 1764 1358 1799 editioni.
1459 1764 1495 1799 3.
1519 1757 1690 1819 ’,θυγατέ-

277 1814 362 1847 oms·
384 1805 426 1839 A·
497 1808 530 1842 6·
555 1808 756 1853 Σεμιαζᾶς]
782 1806 958 1854 σεμιαζὰς
981 1810 1025 1846 A.
1097 1811 1132 1847 7.
1158 1810 1346 1857 θελήσητε
1367 1811 1410 1846 Α.
1440 1811 1621 1856 θελησετε
1637 1808 1687 1842 G.

277 1851 335 1887 11·
361 1847 512 1896 ὤμοσαν
528 1854 604 1889 Am·
647 1852 802 1899 ὅμωσαν
836 1856 884 1891 G.
993 1858 1051 1894 13.
1083 1859 1156 1895 τοῦ
1175 1859 1296 1894 addidi
1316 1871 1360 1894 ex
1385 1859 1428 1893 A.
1447 1899 1468 1914 θ
1539 1855 1593 1893 14.
1627 1854 1690 1902 ἐρ-

275 1895 364 1941 1⁴&ss
390 1901 434 1935 A·
469 1899 608 1948 Ερμών
640 1901 690 1937 G.
803 1902 861 1939 14.
900 1900 1054 1950 ὤμοσαν
1071 1905 1136 1942 καὶ
1155 1904 1308 1943 ἆνεθ-
1335 1907 1410 1941 Am.
1445 1916 1590 1950 ομοσοιν
1619 1901 1687 1940 καὶ.

276 1939 440 1980 ἄναθ-
460 1948 507 1984 G.
603 1951 660 1986 16.
685 1950 889 1995 Σεμιαζᾶς]
929 1951 1105 2000 σεμιαζοὶς
1127 1954 1170 1990 Α.
1225 1952 1391 1990 Proxima
1415 1953 1554 1990 nomina
1579 1951 1685 1999 longe

278 1991 382 2027 aliter
398 1993 530 2042 scripta
546 2000 628 2031 sunt
643 1996 680 2032 in
700 1996 788 2033 libro
803 1998 941 2037 Enoch.

500 2067 564 2107 Ex
591 2068 698 2108 libro
727 2069 860 2124 primo
891 2071 1046 2123 Enoch,
1077 2072 1128 2112 de
1157 2075 1371 2127 egregoris.

277 2128 458 2167 Hominum
473 2145 556 2170 vero
582 2135 618 2171 in
639 2136 836 2173 immensum
851 2143 1031 2175 crescente
1046 2152 1187 2177 numero
1198 2167 1209 2184 ,
1233 2142 1370 2190 puellae
1387 2144 1493 2179 natae
1510 2145 1594 2179 sunt
1613 2141 1684 2179 illis

185 2176 481 2223 speciosissimae,
505 2181 541 2217 in
567 2195 653 2230 quas
678 2191 881 2221 exarserunt
900 2187 1086 2234 egregori,
1111 2193 1147 2224 et
1173 2201 1293 2225 earum
1311 2201 1428 2226 amore
1447 2191 1543 2237 capti
1560 2191 1597 2226 in
1616 2202 1683 2226 va-

183 2222 256 2257 rios
271 2235 408 2260 errores
430 2227 570 2264 abducti
588 2235 677 2266 sunt.
710 2232 846 2268 Mutuis
862 2233 979 2281 itaque
998 2237 1214 2271 sermonibus
1238 2249 1317 2272 sese
1336 2237 1563 2273 adhortantes
1589 2238 1685 2281 „eli-

183 2270 339 2314 gamus‚''
362 2271 540 2319 inquiunt,
567 2279 693 2320 „nobis
709 2291 833 2315 uxores
849 2292 892 2315 ex
911 2282 1083 2317 hominum
1099 2287 1219 2320 terrae
1233 2284 1407 2320 filiabus.’'
1452 2285 1554 2320 Dixit
1569 2290 1684 2321 autem

183 2316 347 2364 princeps
369 2331 488 2356 eorum
508 2322 707 2360 Semiazas:
734 2340 890 2371 „vereor
906 2340 950 2363 ne
973 2330 1039 2364 hoc
1063 2330 1254 2377 adimplere
1276 2332 1415 2375 nolitis,
1440 2335 1478 2367 et
1498 2345 1565 2379 ego
1589 2334 1685 2369 solus

183 2363 306 2408 gravis
325 2365 425 2400 huius
440 2370 576 2414 peccati
595 2384 677 2408 reus
697 2374 817 2420 agar.'’
865 2376 1132 2422 Responderunt
1151 2382 1264 2414 autem
1285 2380 1319 2414 ei
1336 2391 1476 2423 omnes,
1501 2380 1684 2417 dixerunt-

184 2420 274 2455 que:
298 2411 524 2454 „iusiurando
546 2417 715 2455 firmemus
738 2422 857 2457 cuncti
878 2424 1095 2470 propositum
1115 2425 1221 2461 hocce
1247 2430 1425 2470 nostrum,
1449 2427 1606 2476 dirisque
1626 2428 1682 2463 in-

181 2456 295 2492 vicem
325 2458 553 2498 devoveamus
577 2477 660 2509 nos,
684 2479 706 2502 a
733 2470 924 2513 sententia,
961 2471 1071 2506 donec
1108 2484 1216 2519 opere
1250 2474 1477 2520 perficiatur,
1511 2487 1682 2522 nusquam

181 2501 431 2543 discessuros?
479 2510 671 2548 Iuramento
690 2519 775 2550 tunc
792 2516 981 2553 devinxere
1000 2531 1038 2554 se
1056 2520 1192 2563 cuncti,
1217 2521 1483 2568 maledictisque
1499 2522 1568 2558 sibi
1586 2522 1682 2558 invi-

181 2561 257 2604 cem
277 2550 459 2598 imprecati
479 2562 570 2593 sunt.
618 2560 731 2596 Erant
748 2567 862 2598 autem
882 2564 919 2598 hi
937 2576 1077 2602 numero
1098 2567 1264 2611 ducenti,
1289 2568 1350 2615 qui
1366 2568 1404 2604 in
1436 2568 1559 2605 diebus
1575 2570 1682 2606 Iared

180 2608 219 2631 1n
247 2599 371 2635 montis
389 2599 565 2639 Ermonim
583 2608 749 2643 verticem
766 2611 915 2656 profecti
932 2615 1032 2657 sunt3
1059 2614 1190 2649 Ermon
1209 2619 1324 2650 autem
1349 2620 1499 2652 montem
1516 2617 1681 2654 dixerunt

181 2654 225 2678 ex
242 2645 456 2693 iusiurando,
476 2662 545 2697 quo
563 2664 602 2687 se
619 2653 767 2691 invicem
785 2658 1070 2696 constrinxerunt
1088 2666 1124 2696 et
1134 2661 1329 2698 maledictis
1348 2663 1475 2711 quibus
1491 2676 1530 2700 se
1553 2668 1680 2713 sponte

181 2691 414 2732 subiecerunt.
462 2696 562 2733 Haec
580 2711 684 2746 porro
706 2709 786 2738 sunt
805 2704 1002 2754 principum
1022 2708 1158 2744 illorum
1175 2709 1335 2746 nomina:

250 2741 283 2776 1.
311 2740 489 2779 Semiazas
513 2745 749 2785 universorum
771 2750 855 2788 dux.
961 2755 998 2790 6.
1020 2755 1168 2792 Ramiel.

247 2787 284 2824 2.
307 2789 500 2836 Atarcuph.
961 2802 997 2837 7.
1021 2803 1218 2849 Sampsich.

245 2834 282 2870 3.
307 2835 456 2873 Araciel.
958 2848 994 2885 8.
1021 2850 1154 2885 Zaciel.

246 2878 281 2916 4.
306 2881 513 2921 Chobabiel.
959 2896 994 2931 9.
1019 2896 1166 2933 Balciel.

245 2927 280 2964 5.
306 2928 554 2970 Horammame.
929 2944 984 2979 10.
1011 2943 1167 2980 Azalzel.
