1800 3236
534 153 1063 200 CHRONOGRAPHJA..
1435 145 1541 198 445

50 265 93 312 α’
102 266 221 319 ξ’τους
229 263 378 326 Κύρου
396 262 689 325 ἀριθμούμενα
698 264 770 322 ξ’τη
787 262 1006 323 συνάγεται
1026 264 1210 322 ἀκριβεῖς
1220 259 1271 318 ο’,
1284 262 1381 309 ἄνευ
1401 262 1538 324 πάσης

47 340 149 393 βίας
167 339 238 382 καὶ
259 335 516 396 ῦφαιρέσεως
533 340 610 392 τῆς
623 336 795 380 οἱασοῦν
814 335 844 392 ἢ
860 333 1111 393 προσθήκης
1128 336 1244 380 ἐτῶν.
1283 335 1324 378 οἶ
1340 336 1386 377 δὲ
1402 338 1538 380 λοιποὶ

48 406 202 459 πάντες
220 405 369 465 τρόποι
385 411 462 463 τῆς
481 404 830 463 συναριθμήσεως
842 411 927 450 τῶν
947 406 1087 450 αὐτῶν
1105 403 1141 448 ο’
1158 406 1262 448 ε’τῶν
1277 403 1538 461 ἠναγκασμέ-

48 476 346 537 νοιπεφῦκασι.
370 479 438 520 καὶ
458 478 605 533 μηδεὶς
620 474 828 531 ὑπολάβοι
848 480 973 520 τοῦτο
986 480 1062 533 τῆς
1082 475 1285 531 ἀληθείας
1305 474 1436 527 ἐκτὸς,
1455 475 1536 533 πρὸ

14 552 128 604 5τῆς
154 550 311 599 τελειάς
335 547 622 604 αι’χμαλωσίας
651 546 781 590 ἔτεσιν
806 544 843 590 κ’
874 545 1159 603 λογιζομένους
1183 542 1298 601 ἡμᾶς
1314 544 1363 588 τὸ
1388 542 1427 588 α’
1448 544 1540 596 ἔτος

49 622 125 674 τῆς
143 619 442 675 αἷχμαλωσίας.
462 621 590 660 τοῦτο
611 616 691 675 γὰρ
713 618 781 661 καὶ
796 618 859 660 ἐπὶ
880 621 964 660 τῶν
986 618 1232 673 ἐπαγγελιῶν
1251 619 1326 658 τοῦ
1339 614 1532 673 Ἀβραὰμ
1550 624 1593 659 Ρ.
1610 625 1681 663 235

48 686 72 732 ὃ
102 693 221 740 θεῖος
249 689 425 732 δείκνυσι
452 687 643 745 χρησμὸς
667 685 854 744 γεγονώς.
891 684 931 730 v'
954 686 1034 744 γὰρ
1065 686 1136 742 ἕτη
1162 682 1368 729 δουλεύειν
1389 685 1468 743 ἔφη
1490 685 1539 729 τό

48 758 215 816 σπέρμα
241 758 372 802 αὗτοῦ
402 759 445 801 ἓν
464 762 516 815 γῇ
541 758 762 819 ἀλλοτρίᾳ,
799 757 881 815 πρὸ
902 761 976 800 τοῦ
997 760 1198 812 τεχθῆναι
1218 755 1291 799 τὸν
1310 754 1451 799 Ἰσαὰκ
1470 758 1541 799 καὶ

47 828 122 872 τὸν
143 828 299 884 Ἰακὼβ
324 829 394 871 καὶ
422 827 522 878 τοὺς
553 826 826 885 πατριάρχας.
875 826 983 870 ἀλλὰ
1018 824 1171 876 πάντες
1203 829 1288 869 τῶν
1326 825 1465 870 αὐτῶν
1497 822 1540 868 υ’

0 906 38 943 lo
49 899 155 942 ε’τῶν
185 898 260 942 τὸν
285 898 473 956 ἀριθμὸν
504 896 587 941 ἀπὸ
618 901 696 953 τῆς
724 899 848 947 θείας
875 894 1126 954 ἀποφάσεως
1145 895 1414 953 ἀριθμοῦσιν.
1462 895 1538 939 οὐκ

47 968 207 1012 ι’ίτοπον
241 963 316 1012 οὖν
335 967 419 1025 ἄρα
445 966 671 1011 κάνταῦθα
690 967 772 1010 ἀπὸ
791 971 867 1022 τῆς
884 966 953 1010 διὰ
972 970 1051 1010 τοῦ
1079 963 1300 1024 προφήτου
1319 966 1539 1021 λεχθείσης

40 1037 235 1095 Ἱερεμίου
253 1039 375 1089 θείας
393 1035 659 1095 ἀποφάσεως,
687 1036 792 1093 ἣτις,
804 1034 876 1087 ’ὥς
892 1034 1091 1087 πολλάκις
1109 1036 1282 1093 εἴρηται,
1320 1040 1380 1095 τῷ
1398 1033 1438 1078 δ’
1458 1035 1538 1079 ἔτει

40 1100 228 1164 ’Ῑωακεὶμ
256 1106 532 1164 ἐξενήνεκται,
570 1107 644 1151 τὸν
678 1112 763 1151 τῶν
793 1104 829 1151 ο’
860 1108 964 1150 ε’τῶν
995 1106 1190 1163 ἀριθμεῖν
1211 1105 1367 1163 χρόνον
1393 1109 1470 1161 τῆς
1492 1106 1537 1149 ἓν

46 1181 273 1234 Βαβυλῶνι
312 1179 534 1236 παροικίας
570 1178 654 1221 καὶῒ
672 1182 749 1234 τῆς
777 1177 820 1221 ἓν
854 1181 908 1234 τῇ
939 1172 1119 1237 Ἰουδαίᾳ
1149 1176 1352 1226 δουλείας.
1400 1175 1451 1219 τὸ
1484 1175 1532 1218 δ’

0 1259 35 1295 [5
45 1248 149 1292 αὐτὸ
191 1248 390 1306 τέταρτον
432 1247 524 1299 ἔτος
556 1247 743 1303 Ἰωακεὶμ
780 1251 949 1305 πρῶτον
980 1246 1072 1297 ἔτος
1102 1247 1189 1289 ἐστὶ
1217 1250 1294 1302 τῆς
1320 1246 1536 1300 βασιλείας

42 1316 438 1376 Ναβουχοδονόσωρ
449 1351 463 1372 ,
497 1317 579 1375 ἀφ’
606 1312 655 1361 οἷ)
675 1319 739 1361 ἐπὶ
756 1318 803 1362 τὸ
825 1321 990 1374 πρῶτον
1013 1315 1104 1367 ἴτος
1123 1313 1272 1373 Κύρου
1293 1313 1571 1373 πληρούμε-ῙΞ

43 1407 116 1432 νον
139 1391 208 1432 καὶ
235 1386 466 1447 ἀρχόμενον
497 1387 546 1432 τὸ
572 1386 616 1444 β’
641 1387 711 1444 ξ’τη
735 1386 772 1431 0'
804 1385 1038 1444 συνάγεται.
1075 1389 1136 1445 τῷ
1158 1385 1237 1442 γὰρ
1259 1386 1437 1444 δευτέρῳ
1455 1385 1533 1428 ἔτει

41 1457 190 1516 Κύρου
220 1463 307 1502 τῶν
335 1459 540 1514 θεμελίων
576 1455 903 1514 ὖποβληθέντων
929 1461 1004 1500 τοῦ
1033 1459 1139 1500 ναοῦ
1167 1452 1417 1512 Ζοροβάβελ
1441 1454 1533 1506 υἱὸς

42 1528 268 1585 Σαλαθιὴλ
303 1532 381 1571 τοῦ
417 1528 512 1571 υἱοῦ
543 1527 714 1582 Ἰεχονιά
752 1525 1007 1585 ἡγουμένου,
1047 1523 1103 1576 ὧς
1135 1525 1180 1568 ἐκ
1208 1528 1427 1578 βασιλικοῦ
1455 1529 1531 1567 τοῦ

0 1597 181 1643 ΞοἸοόδα
210 1595 446 1655 σκήπτρου,
483 1599 552 1641 καὶ
577 1597 717 1653 Ἰησοῦ
748 1602 824 1641 τοῦ
854 1597 948 1639 υἱοῦ
974 1595 1161 1639 Ἰωσεδὲκ
1185 1591 1532 1652 ἀρχιερατεύσαν-

43 1686 139 1724 τος,
175 1668 283 1725 μετᾶ
304 1665 373 1724 μς’
397 1667 468 1725 ἔτη
492 1667 540 1712 τὸ
565 1666 682 1725 ἔργον
703 1664 948 1723 ἐτελειώθη,
986 1667 1052 1710 ε’πὶ
1068 1666 1254 1723 Δαρείου
1280 1668 1357 1708 τοῦ
1374 1661 1530 1709 Ὑστά-

134 1789 171 1828 4.
193 1791 268 1836 πρὸ
283 1791 357 1826 Bm.
380 1788 476 1835 πρὸς
493 1790 542 1826 G.
633 1789 669 1826 5.
695 1788 828 1836 ἔτεσιν]
855 1788 919 1835 ἔτη
941 1800 987 1824 m.
1079 1789 1137 1826 10.
1159 1785 1256 1825 ἐτοῖν
1272 1784 1342 1822 τὸν
1360 1783 1531 1832 ἀριθμόυ

135 1839 179 1874 Β.
202 1837 380 1886 ἀριθμῶν
399 1839 476 1874 τῶν
493 1836 586 1873 ἐτοῖν
601 1837 649 1872 G.
759 1839 816 1873 17.
841 1836 918 1884 ἔτη]
944 1835 1027 1878 ἔτος
1048 1836 1097 1870 G.
1199 1836 1256 1873 19.
1281 1835 1434 1879 ἰεχωνία
1451 1834 1527 1876 ΑΒ,

134 1891 175 1921 ut
191 1886 229 1921 in
249 1885 581 1933 chronicopaschali
600 1883 707 1919 scribi
721 1884 823 1920 solet.
922 1884 981 1921 20.
1011 1882 1202 1931 σκήπτρου
1221 1882 1267 1917 Β.
1289 1879 1457 1930 σκήπτου
1479 1881 1527 1915 G.

43 1990 110 2025 cim
135 2001 225 2024 anno
251 1989 276 2026 4
299 1988 344 2024 ad
371 1988 457 2036 Cyri
490 1990 508 2024 1
538 1988 631 2024 nulla
656 1988 797 2035 penitus
831 1987 974 2023 inducta
1003 1987 1061 2030 vi,
1093 1986 1189 2022 nulla
1215 1985 1449 2022 subtractione
1471 1985 1529 2020 vel

41 2037 208 2083 temporis
235 2036 414 2072 additione
438 2036 646 2082 interposita
659 2062 670 2078 ‚
694 2047 860 2070 annorum
882 2038 929 2071 70
953 2046 1115 2070 numerus
1133 2034 1286 2069 fideliter
1307 2038 1344 2068 et
1365 2037 1529 2068 accurate

41 2084 228 2130 colligitur.
275 2084 375 2119 Aliae
400 2095 486 2118 vero
514 2084 691 2130 quaelibet
718 2084 906 2118 eorundem
932 2081 1210 2116 deducendorum
1231 2080 1386 2116 rationes
1405 2080 1528 2115 mirum

41 2131 78 2165 in
95 2132 230 2166 modum
248 2135 393 2166 effictae
410 2130 534 2165 mentis
551 2142 688 2176 quoque
705 2129 861 2164 assensui
878 2130 947 2164 vim
961 2135 998 2164 et
1013 2128 1226 2163 coactionem
1241 2128 1405 2163 inferunt.
1435 2128 1528 2162 Ante

41 2178 152 2225 ipsius
175 2189 260 2213 vero
282 2177 444 2224 integrae
465 2182 501 2212 et
520 2178 700 2212 absolutae
724 2176 942 2222 captivitatis
967 2175 1100 2211 cladem
1121 2174 1346 2210 omnimodam
1367 2174 1527 2220 primum,

41 2236 66 2259 a
84 2237 154 2271 quo
175 2231 395 2267 numeretur,
417 2224 601 2259 terminum
629 2224 729 2258 annis
747 2223 874 2268 viginti
897 2223 1046 2269 priorem
1064 2222 1228 2257 statuisse
1247 2233 1310 2256 nos
1335 2222 1482 2256 alienum
1502 2232 1528 2255 a

40 2272 194 2307 veritate
218 2278 443 2307 commentum
464 2271 579 2306 nullus
602 2272 803 2306 arbitretur.
850 2271 946 2305 Idem
971 2270 1100 2316 quippe
1115 2268 1211 2304 circa
1232 2269 1344 2303 factas
1363 2268 1528 2304 Abrahae

40 2319 312 2400 psollicitationes
331 2319 554 2353 observatum
579 2318 699 2352 divina
723 2317 969 2363 scripturarum
995 2316 1137 2352 oracula
1154 2315 1411 2358 demonstrant,
1433 2326 1528 2361 quae

78 2377 165 2408 aac,
189 2366 295 2401 Iacob
323 2371 360 2400 et
386 2364 598 2411 patriarchis
630 2365 779 2399 nondum
801 2364 893 2399 natis
919 2375 1034 2400 semen
1055 2363 1130 2399 eius
1156 2363 1427 2409 alienigenarum
1450 2372 1530 2395 ser-

40 2413 155 2448 vitute
171 2411 270 2448 annis
292 2410 366 2449 400
383 2412 642 2458 opprimendum
661 2411 869 2458 praedixere
891 2415 928 2445 et
952 2411 998 2446 ab
1022 2411 1100 2457 ipso
1130 2410 1327 2456 deprompti
1363 2407 1527 2443 vaticinii

40 2465 209 2495 momento
237 2471 403 2494 annorum
428 2459 500 2495 400
520 2459 652 2505 lapsum
677 2469 845 2493 censuere
869 2457 1073 2504 ponendum.
1119 2457 1183 2492 Nil
1203 2457 1314 2502 igitur
1334 2454 1476 2491 absurdi
1501 2465 1524 2488 a

39 2507 141 2542 nobis
169 2506 382 2548 admittitur,
416 2517 491 2540 cum
523 2507 568 2541 ab
593 2504 760 2550 evulgata
779 2504 976 2540 Hieremiae
996 2504 1190 2551 prophetae
1215 2503 1332 2538 verbis
1361 2502 1419 2536 dei
1442 2512 1524 2535 sen-

39 2554 177 2596 tentia,
199 2565 291 2600 quae
309 2565 411 2595 sane,
435 2557 475 2587 ut
500 2553 706 2598 frequenter
723 2552 933 2598 repetimus,
956 2563 1046 2587 anno
1073 2551 1203 2587 Ioacim
1222 2550 1247 2586 4
1264 2549 1438 2590 innotuit,
1461 2546 1525 2581 mi·

39 2601 209 2645 gratiouis
223 2601 260 2635 in
276 2599 521 2646 Babylonicam
541 2598 714 2643 regionem
732 2605 770 2634 et
793 2598 1009 2654 captivitatis
1034 2599 1071 2634 in
1087 2599 1167 2645 ipsa
1183 2597 1314 2632 Iudaea
1334 2595 1442 2630 initae
1460 2605 1523 2627 an-

39 2658 158 2682 norum
177 2647 225 2684 70
240 2647 391 2693 spatium
417 2645 533 2680 evolvi
559 2653 718 2691 coeptum
745 2650 939 2683 statuimus.
986 2646 1081 2681 Idem
1107 2657 1192 2680 vero
1209 2643 1339 2678 Ioacim
1364 2651 1470 2675 annus
1497 2637 1522 2674 4

38 2693 361 2729 Nabuchodonosor
381 2694 512 2739 primus
531 2697 606 2734 est,
630 2704 653 2726 a
671 2704 739 2738 quo
766 2693 812 2728 ad
833 2693 920 2739 Cyri
943 2693 1078 2740 pariter
1097 2695 1115 2728 1
1140 2695 1331 2727 vertentem
1347 2693 1384 2722 et
1400 2687 1522 2720 ineun-

38 2743 108 2775 tem
123 2742 149 2776 2
164 2740 268 2775 medii
287 2741 478 2775 decurrunt
495 2741 552 2775 70.
600 2739 739 2786 Tennpli
754 2739 885 2787 quippe
909 2739 1143 2775 fundamentis
1162 2749 1251 2773 anno
1272 2734 1358 2780 Cyri
1382 2735 1407 2768 2
1426 2732 1522 2778 posi-

37 2786 87 2822 tio
101 2787 297 2822 zorobabel
312 2787 385 2822 filio
398 2785 569 2822 Salathiel
587 2785 772 2822 lechonine
786 2791 938 2834 nepote,
961 2798 1027 2821 ceu
1042 2787 1134 2832 regii
1148 2782 1279 2829 sceptri
1294 2780 1523 2826 repullulante

37 2834 215 2879 germine,
239 2845 281 2869 ae
298 2833 381 2868 Iesu
400 2833 544 2868 Iosedec
560 2831 633 2868 filio
653 2834 867 2879 pontificium
883 2833 1059 2868 obtinente
1079 2832 1225 2867 (lucibus
1242 2829 1338 2872 lapso
1360 2836 1523 2861 annorum

36 2880 85 2918 46
99 2880 304 2924 intervallo,
325 2881 392 2916 sub
406 2879 517 2916 Dario
536 2880 728 2930 Hystaspis
742 2881 816 2918 filio
840 2884 952 2916 totum
968 2891 1057 2928 opus
1075 2879 1306 2915 instauratum
1320 2878 1395 2916 est,
1417 2876 1522 2919 prout
