1754 3236
159 181 226 233 56
625 180 876 229 GEORGII
904 176 1191 228 SYNCELLI

164 305 278 346 λῶνα
308 294 364 344 τά
395 315 438 342 τε
460 296 505 342 ἔκ
535 291 762 355 Σισπάρων
779 290 1010 353 γράμματα
1036 286 1236 349 ἀνορύξαι
1257 288 1327 333 καὶ
1346 284 1486 345 πόλεις
1504 287 1665 341 πολλὰς

165 373 379 425 κτίζοντας
407 369 477 413 καὶ
507 366 596 427 ἱεροὶ
625 364 980 425 ἀνιὸρυσαμένους
1012 359 1138 408 πάλιν
1167 360 1373 405 ἔπικτίσαι
1401 359 1480 420 τὴν
1513 362 1664 418 Βαβυ-

165 446 291 497 λῶνα.
626 446 629 448 ’
698 444 700 446 ’

272 506 448 555 Τούτων
467 508 520 566 δὴ
541 507 625 554 ἀπὸ
638 503 912 565 Ἀλεξάνδρου
932 506 1008 549 τοῦ
1027 505 1344 563 Πολυ“ι’·στορος,
1384 499 1442 555 ὥς
1461 500 1546 547 ἀπὸ
1573 505 1667 560 Βη-

168 580 334 641 ρώσσου
369 584 444 625 τοῦ
483 579 538 623 τὰ
558 577 784 623 Χαλδαϊκὰ
811 578 1200 635 ψευδηγοροῧντος,
1236 574 1514 634 προκειμένων
1534 572 1698 626 ἒξεστιὸ

167 660 256 705 τοῖς
283 652 426 711 ὀρθῶς
447 646 680 706 ἐπιβάλλειν
708 648 980 705 βουλομένοις
1009 651 1062 706 τῇ
1083 650 1160 703 τῆς
1177 646 1219 690 Γ
1216 646 1385 696 ενὲσεως
1402 646 1504 707 θείᾳ
1523 647 1670 704 γραφῇ

153 725 240 768 ναὶ
268 726 321 782 τῇ
348 719 592 780 προκειμένῃ
611 721 836 778 Χαλδαϊκῇ
863 718 1136 779 τερατολογίᾳ
1163 715 1296 762 πόσον
1316 713 1510 774 ἀλλήλων
1532 717 1671 772 διενη-

35 801 79 841 V.
102 805 150 843 25
173 792 340 851 νόχασι,
376 795 465 842 πῶς
494 807 539 834 τε
571 791 613 835 ἓν
640 795 729 840 τοΐς
760 790 943 834 πλείοσιν
975 787 1229 832 ἀντιπίπτειν
1259 793 1349 838 τοῖς
1372 783 1672 838 θεοπνεύστοις

139 865 343 924 Ορητοῖς,
382 863 437 913 ἐξ
452 860 592 905 αἰτῶν
621 858 814 915 λαβοῦσα
833 860 911 911 τὰς
938 858 1040 910 ὅλας
1063 858 1286 918 ἀφορμὰς,
1323 859 1394 901 καὶ
1411 857 1482 901 διὰ
1498 862 1576 914 τῆς
1597 862 1672 902 τοῦ

172 932 358 990 ψεύδους
387 932 590 987 ἐπιμιξίας
619 931 942 989 εἶδωλολατρίαν
974 931 1042 974 καὶ
1070 934 1147 986 τῆς
1177 933 1378 986 κοσμικῆς
1400 929 1676 987 δημιουργίας
1687 937 1734 975 10

175 1004 307 1061 ἄλλην
338 1001 430 1047 τινὰ
457 1001 565 1046 κατὰ
586 1001 658 1045 τὸν
673 998 826 1059 χρόνον
856 1003 925 1045 καὶ
943 1000 1017 1045 τὸν
1035 998 1194 1059 τρόπον
1215 998 1393 1055 δύναμιν
1410 997 1676 1058 παρεισάγειν

175 1075 385 1131 ἐπείγεται.
425 1070 634 1130 φεύγουσα
661 1072 740 1130 γὰρ
762 1073 885 1116 εἰπεῖν
905 1071 970 1115 ὅτι
1002 1073 1046 1115 ἐκ
1079 1075 1164 1115 τῶν
1188 1074 1467 1116 Μωῢσαϊκῶν
1499 1074 1676 1130 γραφῶν

176 1144 349 1203 κέκλοφε
368 1142 444 1193 τὰς
461 1142 592 1201 ἀρχὰς
605 1146 682 1199 τῆς
701 1147 943 1201 συγγραφῆς
961 1141 1034 1190 τὸν
1050 1140 1231 1199 Ὠάννην
1248 1141 1298 1186 τὸ
1319 1139 1554 1186 θαλάττιον
1573 1143 1677 1195 ζῶον

176 1212 479 1274 προβάλλεται,
521 1211 619 1272 ὅπερ
656 1213 752 1257 οὐδὲ
785 1214 926 1271 γέγονέ
941 1230 1041 1258 ποτε
1063 1212 1158 1257 οὐδ’
1187 1211 1318 1271 ὤφθη
1341 1214 1421 1256 τινὶ
1445 1211 1543 1257 οὐδ’
1572 1210 1679 1272 ὑφέ-

176 1302 325 1343 στηκε,
375 1281 569 1342 καθάπερ
611 1283 707 1328 οὐδὲ
747 1285 974 1341 σκίνὸαψοι
1014 1285 1084 1328 καὶ
1112 1284 1389 1343 τραγέλαφοι·
1437 1284 1508 1327 καὶ
1551 1281 1678 1328 τοῦτό
1692 1293 1739 1330 15

178 1372 284 1415 φησι
315 1356 577 1414 παραδοῦναι
608 1361 696 1406 τοῖς
725 1353 969 1414 ἀνθρώποις
980 1388 995 1410 ,
1033 1355 1230 1413 γενέσθαι
1256 1373 1322 1400 πω
1338 1351 1493 1413 χρόνον
1516 1354 1558 1398 ἐν
1575 1348 1610 1414 ᾧ
1632 1355 1681 1399 τό

178 1430 264 1470 πᾶν
299 1423 448 1476 σκότος
484 1426 552 1468 καὶ
581 1423 697 1483 ὕδωρ
723 1420 787 1482 ἦν.
827 1427 911 1470 ἐπεὶ
941 1426 1020 1485 γὰρ
1049 1425 1124 1470 οὒκ
1141 1426 1284 1483 ἴσχυσε
1303 1429 1534 1485 προφανῶς
1556 1427 1683 1470 εἰπεῖν

143 1496 238 1540 Du}
267 1501 342 1540 τοῦ
374 1493 558 1539 θεόπτου
590 1493 758 1555 ῥήματα
789 1499 963 1556 λέγοντα
989 1498 1098 1551 „aaz
1126 1495 1278 1548 σκότος
1295 1494 1434 1540 ἐπάνω
1453 1501 1529 1553 τῆς
1548 1494 1684 1552 ἀβύσ-

182 1567 322 1620 σου,”
356 1565 589 1623 μετὲπλασε
616 1567 693 1622 μὲν
723 1567 823 1619 τούς
849 1565 1022 1626 λόγους,
1062 1567 1112 1612 οὗ
1145 1568 1231 1625 μὴν
1260 1568 1307 1612 δὲ
1334 1566 1434 1618 τοὺς
1458 1567 1686 1626 ἐχέφρονας

183 1636 348 1685 ἔλαθεν.
395 1638 431 1682 εἴ
461 1638 528 1684 καὶ
555 1635 693 1698 ἐπάγει
721 1638 848 1697 λέγων
885 1641 956 1684 καὶ
982 1636 1149 1691 τούτοις
1178 1640 1264 1693 ζῶα
1295 1635 1512 1698 τερατώδη
1534 1639 1603 1682 καὶ
1630 1638 1685 1683 τὰ
1696 1649 1743 1685 20

278 1753 314 1788 2.
354 1750 546 1794 κτίζοντας
585 1748 756 1798 Scaliger.
807 1751 1047 1796 σκοτίζοντας
1080 1752 1130 1788 G.
1168 1752 1364 1789 condidisse
1403 1751 1591 1787 Eusebius.

280 1799 315 1836 4.
349 1795 581 1847 ἆλεξάνδρου
604 1799 673 1836 τοῦ
697 1801 739 1834 A.
784 1802 855 1836 τοῦ
877 1797 1118 1848 Ἀλεξάνδρου
1149 1800 1198 1836 G.
1303 1797 1535 1857 Βηρτρσσου]
1568 1798 1685 1846 Vulgo

281 1847 500 1893 Βηρωσσοῦ.
601 1849 636 1884 6.
669 1845 843 1892 γενέσεως
874 1860 919 1884 m.
965 1847 1164 1896 γεννέσεως
1196 1848 1241 1884 A.
1290 1858 1498 1895 γεννησεως
1530 1848 1568 1882 G

283 1897 318 1930 8.
343 1895 538 1930 κατανοεῖν
562 1906 602 1930 τε
625 1895 706 1936 πῶς
732 1894 772 1932 ἐν
789 1916 835 1922 -
856 1892 1071 1934 ἀντιπίπτει
1093 1908 1138 1933 m.
1234 1898 1291 1933 10.
1327 1895 1620 1942 εἰδωλολατρίαν
1643 1900 1688 1930 Α.

281 1942 590 1987 εἰδωλολατρείαν
620 1943 669 1978 G.
774 1944 829 1979 12.
863 1944 982 1981 εἰπεῖν
1017 1941 1078 1981 ὅτι
1101 1943 1142 1981 ἐκ
1165 1944 1242 1980 τῶν
1266 1943 1309 1978 Α.
1334 1943 1453 1979 εἰπεῖν
1478 1942 1518 1980 ἐκ
1545 1940 1613 1979 τὸν
1638 1943 1687 1978 G.

356 1990 410 2026 13.
433 1987 600 2037 κέκλωφε
623 1992 664 2026 Α.
762 1993 818 2028 16.
842 2004 901 2028 πω
925 1995 968 2028 Α.
991 2005 1071 2035 πως
1094 1993 1142 2027 G.
1240 1992 1297 2028 18.
1329 1990 1393 2028 καὶ
1416 1990 1576 2035 σκότος]
1610 1991 1689 2025 Ge-

283 2048 357 2071 nes.
374 2037 414 2080 Ι,
437 2038 473 2073 2.
579 2039 635 2075 19.
669 2036 823 2085 λόγους]
857 2037 1056 2087 ἐτόλμησεν
1081 2039 1163 2076 add.
1196 2050 1241 2077 m.
1288 2038 1369 2088 Ego
1392 2036 1627 2086 μεταπλάσαι
1651 2037 1688 2073 in

283 2083 484 2131 μετέπλοισε
507 2085 649 2124 mutavi.
743 2088 802 2127 20.
825 2085 942 2137 λέγων
966 2089 1061 2128 delet
1082 2098 1128 2126 m.

195 2177 407 2228 Babylonem
423 2179 619 2225 profectos,
644 2180 780 2219 litteras
798 2182 955 2231 Sisparis
982 2182 1168 2227 effodisse,
1191 2182 1296 2219 urbes
1321 2180 1540 2224 aedificasse,
1563 2177 1690 2216 condi-

196 2225 291 2277 disse
308 2226 458 2273 templa,
483 2238 525 2262 ac
540 2227 665 2264 iterum
683 2229 896 2277 Babylonem
913 2232 1024 2279 ipsam
1041 2242 1226 2278 reparasse
1250 2230 1381 2268 dicunt.
1687 2259 1690 2262 .

290 2272 357 2308 His
384 2285 429 2308 ex
450 2273 646 2310 Alexandro
663 2276 887 2324 Polyhistore
911 2291 975 2316 nec
1002 2291 1082 2318 non¹¹
1105 2290 1148 2313 ex
1169 2278 1302 2314 Beroso
1331 2276 1478 2325 plurima
1510 2274 1556 2311 de
1578 2273 1692 2309 Chal-

196 2318 295 2355 daeis
313 2320 579 2366 confingentein
595 2323 742 2362 medium
780 2326 960 2372 ropositis‚
986 2325 1030 2362 de
1045 2325 1354 2362 divinaGeneseos
1374 2323 1561 2370 scriptura,
1587 2333 1693 2369 prae-

196 2367 343 2414 fataque
362 2367 406 2402 de
429 2368 613 2404 Chaldaeis
640 2377 838 2408 narratione
856 2373 992 2409 fabulas
1022 2377 1059 2408 et
1083 2373 1192 2409 aniles
1219 2384 1331 2419 nugas
1364 2372 1546 2408 redolente
1572 2381 1693 2405 sanum

196 2413 364 2451 iudicium
382 2416 540 2462 proferre
559 2416 773 2462 volentibus,
798 2425 926 2467 quanto
944 2420 1144 2459 discrimine
1171 2420 1259 2455 haec
1285 2421 1330 2456 ab
1347 2419 1408 2456 illa
1435 2417 1626 2459 dissideat,
1652 2428 1695 2452 ac

198 2461 293 2508 quali
309 2468 412 2509 pacto
430 2464 642 2502 sermonibus
665 2465 835 2503 divinitus
855 2467 1058 2515 inspiratis,
1083 2474 1220 2515 sumpto
1236 2467 1320 2503 licet
1341 2478 1383 2502 ex
1401 2465 1534 2501 eisdem
1561 2463 1694 2500 erroris

197 2514 413 2554 argumento,
437 2509 660 2555 adversetur,
686 2516 722 2547 et
739 2518 843 2560 prout
869 2516 1004 2552 demum
1019 2515 1209 2551 accedente
1227 2513 1407 2551 mendacio
1429 2512 1595 2548 falsorum
1611 2510 1697 2545 deo-

198 2565 275 2591 rum
302 2555 448 2599 Cultum,
474 2568 516 2593 ac
544 2557 636 2595 orbis
663 2559 807 2599 huiusce
834 2562 1023 2598 creationis
1039 2568 1176 2610 tempus
1199 2561 1294 2597 aliud
1319 2569 1357 2597 et
1385 2560 1491 2595 alium
1519 2563 1696 2593 auctorem

199 2602 382 2639 adstruere
401 2604 587 2641 contendat
599 2630 609 2647 ‚
632 2606 687 2641 fas
706 2610 760 2644 est
777 2610 910 2646 omnino
930 2610 1114 2646 coniicere.
1163 2608 1372 2655 Scriptionis
1391 2607 1480 2643 enim
1495 2609 1697 2651 argumenta

198 2649 388 2696 praecipua
405 2661 426 2685 a
445 2650 546 2685 Mose
562 2652 734 2698 plagiario
753 2656 920 2704 subrepta
937 2657 1043 2693 fateri
1064 2656 1263 2699 declinam,
1287 2656 1333 2691 ad
1345 2656 1503 2691 Oannem
1526 2651 1697 2688 marinum

198 2696 462 2733 describendum
480 2697 592 2743 (illud
609 2712 715 2743 vero,
739 2702 932 2750 scindapsis
956 2704 1066 2740 minus
1082 2708 1119 2740 et
1143 2702 1360 2739 hircocervis
1382 2700 1520 2743 extitit,
1545 2705 1607 2735 aut
1634 2698 1698 2734 uni

198 2743 310 2783 visum
331 2746 410 2789 est)
429 2744 545 2781 stilum
563 2748 744 2784 convertit.
791 2750 861 2785 Hic
882 2763 967 2787 vero
985 2751 1097 2794 idem,
1111 2751 1211 2794 *falso
1229 2749 1350 2787 subdit
1365 2749 1445 2791 ille,
1470 2747 1606 2783 litteras
1633 2746 1698 2782 ho-

197 2790 346 2828 minibus
364 2792 531 2836 tradidit;
555 2805 597 2828 ac
623 2798 758 2841 tempus
785 2796 970 2844 aliquando
989 2798 1129 2842 extitit,
1155 2809 1225 2845 quo
1255 2801 1382 2832 cuncta
1405 2795 1572 2831 tenebrae
1598 2795 1700 2829 erant

199 2843 238 2876 et
253 2850 355 2887 aqua.
405 2841 491 2875 Cum
512 2840 602 2876 enim
623 2841 736 2877 Mosis
755 2843 812 2878 dei
837 2845 1123 2891 contemplatoris
1140 2844 1178 2881 in
1206 2846 1330 2890 aperto
1355 2843 1467 2878 verba
1492 2842 1600 2877 haec:
1626 2843 1701 2886 „et

197 2888 364 2926 tenebrae
379 2891 481 2925 erant
498 2899 604 2937 super
619 2888 744 2926 faciem
763 2891 904 2939 abyssi''
923 2904 1053 2939 ponere
1072 2903 1141 2930 non
1163 2891 1331 2934 auderet,
1351 2893 1483 2925 mutato
1505 2888 1609 2924 etiam
1621 2899 1702 2922 num

197 2934 392 2984 plagiariae
409 2934 577 2970 orationis
597 2940 797 2982 argumento
815 2940 1095 2987 perspicaciores
1115 2938 1234 2975 oculos
1262 2949 1332 2974 non
1349 2936 1471 2972 latuit:
1495 2941 1533 2973 et
1558 2940 1702 2983 porten-
