1800 3236
204 164 306 215 614
665 166 920 214 GEORGII
952 166 1241 214 SYNCELLI

203 285 470 344 προφητειῶν
502 280 562 339 μὴ
587 260 931 340 προηγορεῧὸθαι
953 276 1066 323 οὕτω
1087 279 1255 336 γυμνῶς
1275 273 1355 319 ὕπ’
1382 272 1485 333 &ww
1505 280 1593 322 τῶν
1610 294 1716 336 γρα-ι·

203 359 299 416 φῶν
320 356 612 399 δεικνυουσῶν.
633 353 703 395 καὶ
722 349 821 407 μετ’
848 349 967 407 ὀλίγα
983 364 994 374 “
1021 347 1271 408 συνάγονται
1291 348 1338 391 δὲ
1354 347 1496 393 τοίνυν
1515 349 1554 393 οἳ
1572 347 1718 406 χρόνοι

203 427 271 471 ἐπὶ
307 424 386 483 τὴν
418 428 496 469 τοῦ
528 423 674 481 κυρίου
703 421 941 480 παρουσίαν
974 419 1057 464 ἀπὸ
1082 419 1219 475 Ἀδὰμ
1250 420 1320 463 καὶ
1345 422 1422 476 τῆς
1448 417 1719 470 ἀναστάσεως

164 496 279 554 Βὲτη
301 493 450 557 ,εφλαῖ
473 493 555 553 ἀφ’
580 487 630 537 οὗ
645 489 805 551 χρόνου
829 492 895 536 ε’πὶ
917 489 1159 549 ὀλυμπιάδα
1177 488 1242 536 σν’
1263 490 1334 549 ἔτη
1357 487 1463 550 ρῑνβ,
1486 488 1544 543 ὥς
1564 491 1607 536 ἓν
1629 497 1720 541 τοῖς

202 564 394 628 πρόσθεν
414 562 515 629 ἡμῖν
535 562 838 609 ἀποδέδεικται.
1723 565 1757 603 5,

427 674 658 735 Εὖσεβίου
686 678 772 721 τοῦ
803 673 1052 733 Παμφίλου
1080 673 1186 733 περὶ
1212 675 1306 720 τῶν
1334 669 1502 722 αὐτῶν.

304 766 472 824 Ἰησοῦς
502 762 526 810 ὅ
557 763 752 823 Χριστὸς
786 760 808 808 ὅ
827 762 919 815 υἱὸς
942 767 1020 807 τοῦ
1037 767 1144 808 θεοῦ
1166 760 1188 807 ὃ
1213 759 1356 821 κύριος
1371 759 1494 819 ἡμῶν
1514 759 1623 805 κατὰ
1643 759 1722 811 τάς-

204 839 298 897 περὶ
318 837 451 882 αὐτοῦ
485 835 748 895 προφητείας
771 834 836 878 ε’πὶ
857 833 907 878 τὸ
927 832 1073 886 πάθος
1094 831 1243 894 προῄει
1266 833 1387 884 ἔτους
1406 830 1468 876 ιθ’
1491 836 1568 889 τῆς
1591 835 1722 884 Τιβε-

205 910 299 969 ρίου
328 908 561 966 βασιλείας.
607 905 717 951 καθ’
751 903 800 950 ὃν
829 904 976 964 καιρὸν
1013 906 1084 949 καὶ
1118 906 1163 950 ἓν
1194 904 1338 956 ἄλλοις
1363 904 1440 961 μὲν
1469 900 1722 959 Ἑλληνικοῖς

203 976 502 1037 ὓπομνήμασιν
542 975 717 1036 εὕρομεν
756 974 1035 1035 ἱστορούμενα
1067 975 1177 1020 κατὰ
1212 976 1322 1028 λέξιν
1350 978 1501 1019 ταῦτα.
1548 971 1571 1018 ὃ
1600 972 1721 1031 ἥλιος
1734 979 1780 1016 10

204 1051 373 1103 ἐξέλιπε.
411 1049 602 1094 Βιθυνία
632 1048 821 1105 ἐσείσθη.
861 1048 1045 1099 Νικαίας
1061 1047 1270 1092 τὰπολλὰ
1289 1046 1444 1090 ἔπεσεν.
1483 1043 1511 1088 ἃ
1528 1046 1597 1088 καὶ
1618 1061 1722 1089 συν-

206 1120 297 1184 ᾴδει
315 1127 405 1172 τοΐς
425 1121 518 1179 περὶ
537 1118 587 1164 τὸ
606 1117 751 1170 πάθος
768 1122 845 1162 τοῦ
860 1122 1053 1177 σωτῆρος
1067 1116 1187 1175 ἡμῶν
1207 1113 1533 1175 συμβεβηκόσιν.
1570 1113 1722 1174 γράφει

50 1198 90 1237 Ρ.
114 1198 186 1236 325
210 1193 257 1236 δὲ
283 1193 354 1237 καὶ
388 1191 562 1249 Φλέγων
595 1187 617 1233 ὃ
648 1189 726 1240 τὰς
754 1187 1022 1245 ὀλυμπιάδας
1046 1191 1139 1248 περὶ
1160 1193 1244 1233 τῶν
1267 1189 1408 1232 αὐτῶν
1429 1188 1472 1230 ἓν
1490 1190 1550 1247 τῷ
1573 1185 1624 1244 ιγ’
1644 1183 1722 1246 ῥή-

205 1279 338 1321 μασιν
366 1261 511 1312 αὗτοΐς
531 1257 656 1304 τάδε·
699 1264 759 1320 τῷ
783 1257 821 1303 δ’
842 1258 921 1303 ἔτει
943 1264 1020 1317 τῆς
1038 1258 1108 1316 σβ’
1131 1257 1395 1316 ὀλυμπιάδος
1415 1256 1570 1315 ἐγένετο
1594 1257 1723 1301 ἔκλει-

205 1346 284 1390 ψις
309 1330 430 1389 ἡλίου
452 1332 624 1389 μεγίστη
648 1335 732 1375 τῶν
755 1330 1022 1388 ἐγνωσμένων
1045 1327 1276 1390 πρότερον,
1320 1331 1391 1379 καὶ
1410 1327 1485 1379 νὺξ
1511 1326 1602 1390 ὥρα
1624 1328 1721 1386 ἕκτῃ
1736 1335 1782 1372 15

207 1408 286 1460 τῆς
304 1401 465 1462 ἡμέρας
492 1402 673 1460 ἐγένετο,
713 1400 820 1445 ὥστε
849 1403 919 1445 καὶ
942 1401 1124 1460 ἀστέρας
1150 1404 1193 1446 ἐν
1213 1401 1381 1460 οὐρανῷ
1401 1403 1596 1458 φανῆναι.
1637 1415 1724 1443 σει-

209 1471 320 1531 σμός
346 1491 391 1517 τε
421 1473 551 1531 με’γας
583 1471 694 1517 κατὰ
722 1474 934 1517 Βιθυνίαν
963 1471 1183 1531 γενόμενος
1204 1472 1259 1516 τὰ
1279 1470 1418 1516 πολλὰ
1440 1471 1623 1522 Νικαίας
1645 1488 1724 1513 κα-

209 1545 489 1603 τεστρέψατο.
527 1545 597 1588 καὶ
624 1547 761 1587 ταῦτα
794 1544 871 1599 μὲν
901 1541 924 1587 ὃ
955 1545 1165 1601 ὃηλωθεὶς
1196 1541 1316 1602 ἀνήρ.
1353 1538 1575 1598 τεκμήριον
1606 1541 1648 1585 ‹5'
1671 1539 1724 1584 ἂν

208 1616 367 1674 γένοιτο
398 1618 475 1659 τοῦ
498 1613 607 1658 κατὰ
627 1612 724 1658 τόδε
744 1613 793 1658 τὸ
817 1613 910 1665 ἔτος
930 1616 1188 1660 πεπονθέναι
1210 1615 1284 1659 τὸν
1304 1617 1477 1671 σωτῆρα
1496 1609 1524 1668 ἦ
1549 1617 1625 1656 τοῦ
1648 1629 1726 1655 κυ-

211 1687 304 1746 ρίου
338 1685 447 1731 κατὰ
473 1683 672 1742 Ἰωάννην
704 1683 939 1743 εὐαγγελίου
969 1687 1209 1746 μαρτυρία,
1247 1683 1341 1743 ἥτις
1360 1682 1468 1741 μετὰ
1492 1683 1542 1727 τὸ
1563 1681 1608 1728 ιε’
1633 1682 1784 1734 {tog-20

305 1788 342 1824 1.
366 1783 652 1833 προηγορέσθαι
676 1786 720 1821 A.
831 1786 984 1832 γυμναῖς
1007 1786 1182 1835 Scaliger.
1218 1785 1334 1831 Vulgo
1355 1782 1510 1832 γυμνὸς.
1623 1784 1659 1820 2.
1683 1780 1727 1820 δὲ

305 1846 374 1872 om.
395 1834 444 1871 G.
537 1834 573 1870 3.
601 1829 857 1878 ἀναστάσεως]
881 1834 1036 1877 κτίσεως
1059 1847 1105 1871 m.
1210 1835 1245 1870 6.
1272 1830 1477 1881 Εὐσεβίου]
1504 1833 1547 1868 Ρ.
1569 1832 1653 1868 370.

308 1883 368 1919 11.
392 1879 575 1925 ἐξέλειπεν
593 1882 639 1917 ’Β-
748 1880 904 1930 συνᾴδει
919 1883 950 1917 Β
970 1887 1008 1917 et
1026 1883 1056 1918 P
1068 1882 1162 1929 apud
1182 1882 1351 1917 Goarum.
1375 1878 1485 1917 σάδει
1504 1881 1551 1914 G.
1574 1892 1727 1927 congru-

306 1934 374 1964 unt
396 1929 587 1965 Eusebius.
704 1930 761 1965 13.
788 1929 937 1977 Φλέγων
961 1931 992 1964 Β
1011 1934 1048 1966 et
1063 1930 1253 1966 Eusebius,
1298 1928 1415 1975 Vulgo
1440 1927 1568 1975 λέγων.
1673 1928 1728 1975 τῷ

308 1973 351 2014 δὲ
368 1975 403 2013 δ’
426 1977 471 2014 Β.
574 1977 633 2013 17.
657 1974 857 2024 γενόμενος
881 1990 947 2015 om.
966 1979 1015 2013 G.
1122 1979 1177 2014 18.
1203 1975 1392 2019 δολωθεὶς
1412 1978 1456 2013 Α.

215 2081 383 2116 nusquam
410 2070 485 2107 eius
515 2072 705 2109 adventum
722 2072 921 2118 prophetiis
947 2071 1171 2107 enunciatum
1194 2074 1394 2107 asserentes
1412 2082 1482 2106 non
1501 2081 1637 2116 possum
1656 2081 1726 2104 non

216 2117 372 2153 mirari-’⁷
409 2119 460 2154 Et
480 2124 563 2166 post
580 2131 711 2166 pauca:
731 2120 846 2162 „anni
868 2120 988 2166 itaque
1006 2120 1052 2155 ab
1071 2120 1182 2155 Adam
1202 2119 1345 2155 condito
1370 2118 1415 2154 ad
1434 2118 1570 2153 Christi
1593 2117 1727 2152 adven-

216 2167 288 2198 tum
314 2167 351 2199 et
379 2165 456 2201 eius
479 2167 773 2203 resurrectionem
800 2168 893 2204 5531
921 2167 1156 2213 colliguntur3
1183 2179 1204 2203 a
1233 2178 1302 2214 qua
1328 2164 1495 2211 temporis
1516 2166 1652 2211 epocha
1680 2164 1725 2199 ad

217 2211 461 2296 ἓέᾗᾚξῗέεω
487 2216 558 2252 250
584 2214 670 2252 anui
693 2216 785 2259 192,
808 2217 852 2252 ut
877 2214 916 2251 in
940 2213 1238 2263 praecedentibus
1267 2213 1482 2249 declaratum
1507 2217 1582 2258 est,
1614 2211 1727 2248 inter-

637 2332 803 2374 Eusebii
831 2334 1032 2388 Pamphili
1063 2334 1114 2374 de
1141 2332 1298 2373 iisdem.

311 2398 413 2435 Iesus
429 2398 594 2437 Christus
611 2401 671 2437 dei
693 2401 786 2436 filius
807 2400 965 2437 dominus
991 2404 1135 2444 noster,
1160 2401 1270 2437 sacris
1297 2401 1571 2448 phrophetarum
1599 2400 1728 2436 vatici-

221 2445 290 2484 niis
305 2446 357 2483 ita
374 2449 598 2492 testantibus,
617 2460 706 2484 anno
725 2448 866 2483 Tiberii
882 2448 1087 2496 imperantis
1107 2450 1152 2486 18
1170 2449 1215 2484 ad
1234 2449 1432 2496 passionem
1451 2447 1636 2496 processit,
1656 2459 1727 2494 quo

220 2499 380 2542 tempore
397 2494 434 2531 in
459 2495 536 2531 aliis
556 2496 690 2543 pariter
709 2496 924 2532 Graecorum
944 2497 1199 2531 commentariis
1226 2497 1315 2532 haec
1332 2497 1440 2532 verbo
1468 2499 1570 2531 tenus
1590 2495 1727 2541 reperi-

221 2553 299 2578 mus
327 2542 518 2590 descripta.
574 2543 636 2578 Sol
663 2544 818 2580 defecit:
854 2543 1022 2590 Bithynia
1050 2548 1170 2580 terrae
1196 2549 1294 2579 motu
1328 2555 1509 2579 concussa.
1567 2542 1728 2579 Nicaeae

220 2589 343 2636 plures
371 2589 476 2633 aedes
503 2590 653 2626 dirutae.
702 2591 751 2625 Et
778 2591 867 2627 haec
894 2591 1032 2637 quidem
1052 2590 1117 2634 iis,
1139 2603 1231 2638 quae
1257 2592 1354 2627 circa
1377 2590 1513 2626 Christi
1531 2589 1727 2636 passionem

221 2636 403 2679 accidere,
427 2643 628 2675 consonant.
675 2637 836 2684 Phlegon
857 2650 942 2674 vero
965 2639 1010 2674 01
1037 2639 1212 2686 mpiadum
1236 2651 1277 2674 su
1307 2641 1448 2685 putator
1480 2636 1649 2683 egregius
1681 2637 1728 2672 de

220 2683 419 2731 huiusmodi
445 2684 538 2722 libro
558 2687 602 2726 13
625 2685 772 2720 totidem
793 2685 912 2721 verbis
939 2651 1074 2722 scrigit.
1124 2687 1223 2721 Anno
1251 2688 1284 2722 O
1300 2685 1479 2733 ympiadis«
1494 2685 1566 2721 202
1588 2689 1728 2731 quarto,

222 2731 412 2775 maximus,
434 2731 686 2780 quihominum
704 2733 868 2768 memoria
888 2737 1023 2776 exstet,
1048 2733 1130 2769 solis
1157 2734 1320 2769 defectus
1346 2733 1447 2767 visus
1471 2737 1544 2775 est3
1567 2731 1729 2766 incubuit

221 2788 294 2813 nox
310 2779 398 2814 hora
416 2779 489 2815 diei
509 2779 553 2823 6=,
575 2780 628 2824 ita
642 2783 684 2818 ut
700 2783 796 2816 astra
813 2780 926 2816 medio
943 2781 1040 2816 caelo
1062 2785 1302 2824 cernerentur,
1325 2783 1363 2815 et
1377 2779 1502 2826 ingens
1521 2790 1583 2826 per
1601 2778 1729 2826 Bithy-

222 2824 316 2870 niam
326 2828 446 2862 terrae
458 2832 571 2872 motus
590 2827 769 2864 maximam
779 2828 935 2864 Nicaeae
954 2830 1088 2874 partem
1101 2828 1288 2864 subvertit.
1314 2828 1365 2863 Et
1373 2827 1461 2862 haec
1473 2826 1609 2874 quidem
1622 2837 1727 2874 prae-

224 2871 320 2907 fatus
337 2873 402 2918 qvir.
451 2874 532 2910 Hoc
544 2880 774 2923 ‘autem-‘anno
795 2875 1002 2912 salvatorem
1025 2888 1166 2924 passum
1190 2877 1395 2922 argumento
1413 2877 1469 2910 est
1487 2874 1628 2909 Ioannis
1644 2872 1727 2908 stilo

224 2919 459 2968 conscriptum
478 2922 933 2969 evangeliitestvitiiortium,>
948 2935 1019 2971 quo
1045 2927 1129 2972 post
1147 2922 1287 2961 Tiberii
1311 2933 1438 2960 annum
1468 2923 1512 2961 15
1541 2920 1725 2957 triennium
