<?xml version="1.0" encoding="UTF-8"?>
<!DOCTYPE html PUBLIC "-//W3C//DTD XHTML 1.0 Transitional//EN"
    "http://www.w3.org/TR/xhtml1/DTD/xhtml1-transitional.dtd">
<html xmlns="http://www.w3.org/1999/xhtml" xml:lang="en" lang="en">
 <head>
  <title>
</title>
<meta http-equiv="Content-Type" content="text/html;charset=utf-8" />
  <meta name='ocr-system' content='tesseract 3.04.00' />
  <meta name='ocr-capabilities' content='ocr_page ocr_carea ocr_par ocr_line ocrx_word'/>
</head>
<body>
  <div class='ocr_page' id='page_1' title='image "./corpusscriptorum20niebuoft_0583.png"; bbox 0 0 1800 3236; ppageno 0'>
   <div class='ocr_carea' id='block_1_1' title="bbox 585 146 1596 202">
    <p class='ocr_par' dir='ltr' id='par_1_1' title="bbox 585 146 1596 202">
     <span class='ocr_line' id='line_1_1' title="bbox 585 146 1596 202; baseline -0.002 -2"><span class='ocrx_word' id='word_1_1' title='bbox 585 151 1109 200; x_wconf 85' lang='lat' dir='ltr'><strong>CHRONOGRAPHIA.</strong></span> <span class='ocrx_word' id='word_1_2' title='bbox 1492 146 1596 202; x_wconf 82' lang='lat'><strong>569</strong></span> 
     </span>
    </p>
   </div>
   <div class='ocr_carea' id='block_1_2' title="bbox 19 261 1748 1728">
    <p class='ocr_par' dir='ltr' id='par_1_2' title="bbox 19 261 1748 1728">
     <span class='ocr_line' id='line_1_2' title="bbox 93 261 1597 330; baseline -0.005 -13"><span class='ocrx_word' id='word_1_3' title='bbox 93 267 292 330; x_wconf 74' lang='grc' dir='ltr'><strong><em>Ἡρώδην</em></strong></span> <span class='ocrx_word' id='word_1_4' title='bbox 304 262 614 325; x_wconf 65' lang='grc' dir='ltr'><strong><em>βασιλεύσαντα</em></strong></span> <span class='ocrx_word' id='word_1_5' title='bbox 628 264 835 323; x_wconf 84' lang='grc' dir='ltr'><strong><em>Ἑβραίων</em></strong></span> <span class='ocrx_word' id='word_1_6' title='bbox 852 263 961 321; x_wconf 78' lang='grc' dir='ltr'><strong><em>μετὰ</em></strong></span> <span class='ocrx_word' id='word_1_7' title='bbox 982 261 1191 320; x_wconf 69' lang='grc' dir='ltr'><strong>ςΥρκανόν</strong></span> <span class='ocrx_word' id='word_1_8' title='bbox 1209 265 1376 321; x_wconf 82' lang='grc' dir='ltr'><strong><em>πρῶτον</em></strong></span> <span class='ocrx_word' id='word_1_9' title='bbox 1396 263 1597 324; x_wconf 75' lang='grc' dir='ltr'><strong><em>ἄλλογενῆ</em></strong></span> 
     </span>
     <span class='ocr_line' id='line_1_3' title="bbox 98 333 1598 399; baseline -0.003 -13"><span class='ocrx_word' id='word_1_10' title='bbox 98 343 169 386; x_wconf 79' lang='grc' dir='ltr'><strong>καὶ</strong></span> <span class='ocrx_word' id='word_1_11' title='bbox 196 343 338 399; x_wconf 85' lang='grc' dir='ltr'><strong><em>τρίτον</em></strong></span> <span class='ocrx_word' id='word_1_12' title='bbox 367 337 602 394; x_wconf 81' lang='grc' dir='ltr'><strong><em>’Ῑώσηππον</em></strong></span> <span class='ocrx_word' id='word_1_13' title='bbox 629 339 698 380; x_wconf 82' lang='grc' dir='ltr'><strong><em>καὶ</em></strong></span> <span class='ocrx_word' id='word_1_14' title='bbox 737 333 942 394; x_wconf 78' lang='grc' dir='ltr'><em>Φερώραν</em></span> <span class='ocrx_word' id='word_1_15' title='bbox 973 334 1188 392; x_wconf 83' lang='grc' dir='ltr'><strong><em>τέταρτον.</em></strong></span> <span class='ocrx_word' id='word_1_16' title='bbox 1235 334 1375 390; x_wconf 74' lang='grc' dir='ltr'><strong><em>ἐπειδὴ</em></strong></span> <span class='ocrx_word' id='word_1_17' title='bbox 1417 336 1491 380; x_wconf 80' lang='grc' dir='ltr'><strong><em>τὸν</em></strong></span> <span class='ocrx_word' id='word_1_18' title='bbox 1519 355 1598 381; x_wconf 85' lang='grc' dir='ltr'><strong>κα-</strong></span> 
     </span>
     <span class='ocr_line' id='line_1_4' title="bbox 97 402 1597 469; baseline -0.003 -13"><span class='ocrx_word' id='word_1_19' title='bbox 97 411 155 456; x_wconf 83' lang='grc' dir='ltr'><strong>τὰ</strong></span> <span class='ocrx_word' id='word_1_20' title='bbox 174 406 498 469; x_wconf 76' lang='grc' dir='ltr'><strong><em>Ἀριστοβούλου</em></strong></span> <span class='ocrx_word' id='word_1_21' title='bbox 538 409 672 464; x_wconf 77' lang='grc' dir='ltr'><strong><em>δῆθεν</em></strong></span> <span class='ocrx_word' id='word_1_22' title='bbox 708 407 777 450; x_wconf 80' lang='grc' dir='ltr'><strong><em>καὶ</em></strong></span> <span class='ocrx_word' id='word_1_23' title='bbox 811 410 897 450; x_wconf 80' lang='grc' dir='ltr'><strong><em>τῶν</em></strong></span> <span class='ocrx_word' id='word_1_24' title='bbox 927 404 1079 449; x_wconf 79' lang='grc' dir='ltr'><strong><em>τέκνων</em></strong></span> <span class='ocrx_word' id='word_1_25' title='bbox 1115 403 1295 448; x_wconf 78' lang='grc' dir='ltr'><strong>ἀνείλετο</strong></span> <span class='ocrx_word' id='word_1_26' title='bbox 1325 402 1505 461; x_wconf 84' lang='grc' dir='ltr'><strong><em>πόλεμον</em></strong></span> <span class='ocrx_word' id='word_1_27' title='bbox 1536 412 1597 466; x_wconf 82' lang='grc' dir='ltr'><strong>τῷ</strong></span> 
     </span>
     <span class='ocr_line' id='line_1_5' title="bbox 91 473 1634 542; baseline -0.005 -16"><span class='ocrx_word' id='word_1_28' title='bbox 91 480 244 542; x_wconf 75' lang='grc' dir='ltr'><strong><em>Ἀρέτᾳ</em></strong></span> <span class='ocrx_word' id='word_1_29' title='bbox 271 479 371 531; x_wconf 73' lang='grc' dir='ltr'><strong><em>τούς</em></strong></span> <span class='ocrx_word' id='word_1_30' title='bbox 399 478 501 529; x_wconf 78' lang='grc' dir='ltr'><strong><em>υῗεΐς</em></strong></span> <span class='ocrx_word' id='word_1_31' title='bbox 528 477 605 521; x_wconf 78' lang='grc' dir='ltr'><strong><em>σῦν</em></strong></span> <span class='ocrx_word' id='word_1_32' title='bbox 638 478 820 534; x_wconf 82' lang='grc' dir='ltr'><strong><em>θυγατρὶ</em></strong></span> <span class='ocrx_word' id='word_1_33' title='bbox 848 473 1037 534; x_wconf 77' lang='grc' dir='ltr'><strong><em>Σαλώμῃ</em></strong></span> <span class='ocrx_word' id='word_1_34' title='bbox 1058 476 1354 533; x_wconf 75' lang='grc' dir='ltr'><strong><em>παρατίθεται.</em></strong></span> <span class='ocrx_word' id='word_1_35' title='bbox 1392 480 1528 520; x_wconf 87' lang='grc' dir='ltr'><strong><em>ταῦτα</em></strong></span> <span class='ocrx_word' id='word_1_36' title='bbox 1549 478 1599 521; x_wconf 76' lang='grc' dir='ltr'><strong>δέ</strong></span> <span class='ocrx_word' id='word_1_37' title='bbox 1603 485 1634 519; x_wconf 89' lang='lat' dir='ltr'>D</span> 
     </span>
     <span class='ocr_line' id='line_1_6' title="bbox 69 545 1601 608; baseline -0.003 -13"><span class='ocrx_word' id='word_1_38' title='bbox 69 550 174 608; x_wconf 82' lang='grc' dir='ltr'><strong><em>5μοι</em></strong></span> <span class='ocrx_word' id='word_1_39' title='bbox 205 545 620 608; x_wconf 77' lang='grc' dir='ltr'><strong><em>προπαρεσκεύασται</em></strong></span> <span class='ocrx_word' id='word_1_40' title='bbox 650 548 729 604; x_wconf 77' lang='grc' dir='ltr'><strong>οὐχ</strong></span> <span class='ocrx_word' id='word_1_41' title='bbox 756 545 928 600; x_wconf 80' lang='grc' dir='ltr'><strong><em>ἁπλῶς,</em></strong></span> <span class='ocrx_word' id='word_1_42' title='bbox 966 545 1076 589; x_wconf 75' lang='grc' dir='ltr'><strong><em>ἀλλὰ</em></strong></span> <span class='ocrx_word' id='word_1_43' title='bbox 1099 547 1228 596; x_wconf 76' lang='grc' dir='ltr'><strong><em>δεῖξαι</em></strong></span> <span class='ocrx_word' id='word_1_44' title='bbox 1246 547 1490 606; x_wconf 75' lang='grc' dir='ltr'><strong><em>βουλομένῳ</em></strong></span> <span class='ocrx_word' id='word_1_45' title='bbox 1512 552 1601 599; x_wconf 87' lang='grc' dir='ltr'><strong><em>πῶς</em></strong></span> 
     </span>
     <span class='ocr_line' id='line_1_7' title="bbox 98 613 1601 678; baseline -0.001 -14"><span class='ocrx_word' id='word_1_46' title='bbox 98 619 337 678; x_wconf 69' lang='grc' dir='ltr'><strong><em>ἕγγιζοῦσης</em></strong></span> <span class='ocrx_word' id='word_1_47' title='bbox 364 624 442 675; x_wconf 82' lang='grc' dir='ltr'><strong><em>τῆς</em></strong></span> <span class='ocrx_word' id='word_1_48' title='bbox 471 623 548 662; x_wconf 92' lang='grc' dir='ltr'><strong>τοῦ</strong></span> <span class='ocrx_word' id='word_1_49' title='bbox 570 621 821 675; x_wconf 81' lang='grc' dir='ltr'><strong><em>μονογενοῦς</em></strong></span> <span class='ocrx_word' id='word_1_50' title='bbox 842 617 937 660; x_wconf 83' lang='grc' dir='ltr'><strong><em>υἱοῦ</em></strong></span> <span class='ocrx_word' id='word_1_51' title='bbox 958 618 1028 660; x_wconf 84' lang='grc' dir='ltr'><strong>καὶ</strong></span> <span class='ocrx_word' id='word_1_52' title='bbox 1048 613 1172 674; x_wconf 79' lang='grc' dir='ltr'><strong><em>λόγου</em></strong></span> <span class='ocrx_word' id='word_1_53' title='bbox 1194 619 1269 660; x_wconf 89' lang='grc' dir='ltr'><strong>τοῦ</strong></span> <span class='ocrx_word' id='word_1_54' title='bbox 1293 620 1400 660; x_wconf 87' lang='grc' dir='ltr'><strong><em>θεοῦ</em></strong></span> <span class='ocrx_word' id='word_1_55' title='bbox 1420 619 1490 661; x_wconf 81' lang='grc' dir='ltr'><strong>καὶ</strong></span> <span class='ocrx_word' id='word_1_56' title='bbox 1512 634 1601 662; x_wconf 82' lang='grc' dir='ltr'><strong>σω-</strong></span> 
     </span>
     <span class='ocr_line' id='line_1_8' title="bbox 98 683 1600 748; baseline -0.003 -13"><span class='ocrx_word' id='word_1_57' title='bbox 98 695 236 748; x_wconf 18' lang='grc' dir='ltr'><strong><em>τῆρος.</em></strong></span> <span class='ocrx_word' id='word_1_58' title='bbox 253 688 374 747; x_wconf 71' lang='grc' dir='ltr'><strong><em>ἡμῶν</em></strong></span> <span class='ocrx_word' id='word_1_59' title='bbox 397 689 537 746; x_wconf 79' lang='grc' dir='ltr'><strong><em>Ἰησοῦ</em></strong></span> <span class='ocrx_word' id='word_1_60' title='bbox 559 692 752 747; x_wconf 84' lang='grc' dir='ltr'><strong><em>Χριστοῦ</em></strong></span> <span class='ocrx_word' id='word_1_61' title='bbox 770 688 893 738; x_wconf 86' lang='grc' dir='ltr'><strong><em>θείας</em></strong></span> <span class='ocrx_word' id='word_1_62' title='bbox 921 683 1171 745; x_wconf 79' lang='grc' dir='ltr'><strong><em>σαρκώσεως</em></strong></span> <span class='ocrx_word' id='word_1_63' title='bbox 1187 686 1366 739; x_wconf 73' lang='grc' dir='ltr'><strong><em>ἐξέλιπεν</em></strong></span> <span class='ocrx_word' id='word_1_64' title='bbox 1393 686 1535 744; x_wconf 75' lang='grc' dir='ltr'><strong><em>ἄρχων</em></strong></span> <span class='ocrx_word' id='word_1_65' title='bbox 1555 689 1600 740; x_wconf 75' lang='grc' dir='ltr'><strong>ἐξ</strong></span> 
     </span>
     <span class='ocr_line' id='line_1_9' title="bbox 95 756 1599 817; baseline -0.001 -13"><span class='ocrx_word' id='word_1_66' title='bbox 95 759 235 804; x_wconf 75' lang='grc' dir='ltr'><strong><em>Ἰούδα</em></strong></span> <span class='ocrx_word' id='word_1_67' title='bbox 263 762 334 804; x_wconf 81' lang='grc' dir='ltr'><strong>καὶ</strong></span> <span class='ocrx_word' id='word_1_68' title='bbox 361 757 589 817; x_wconf 75' lang='grc' dir='ltr'><strong><em>ἡγούμενος</em></strong></span> <span class='ocrx_word' id='word_1_69' title='bbox 620 759 665 803; x_wconf 70' lang='grc' dir='ltr'><strong>ἐκ</strong></span> <span class='ocrx_word' id='word_1_70' title='bbox 690 763 775 803; x_wconf 86' lang='grc' dir='ltr'><strong><em>τῶν</em></strong></span> <span class='ocrx_word' id='word_1_71' title='bbox 803 760 951 816; x_wconf 85' lang='grc' dir='ltr'><strong><em>μηρῶν</em></strong></span> <span class='ocrx_word' id='word_1_72' title='bbox 979 756 1111 800; x_wconf 75' lang='grc' dir='ltr'><strong><em>αὐτοῦ</em></strong></span> <span class='ocrx_word' id='word_1_73' title='bbox 1141 756 1250 800; x_wconf 80' lang='grc' dir='ltr'><strong><em>κατὰ</em></strong></span> <span class='ocrx_word' id='word_1_74' title='bbox 1270 756 1349 814; x_wconf 79' lang='grc' dir='ltr'><strong><em>τὴν</em></strong></span> <span class='ocrx_word' id='word_1_75' title='bbox 1365 756 1599 817; x_wconf 84' lang='grc' dir='ltr'><strong><em>πρόρρησιν</em></strong></span> 
     </span>
     <span class='ocr_line' id='line_1_10' title="bbox 68 826 634 889; baseline -0.005 -12"><span class='ocrx_word' id='word_1_76' title='bbox 68 872 75 877; x_wconf 95' lang='grc'><strong><em>.</em></strong></span> <span class='ocrx_word' id='word_1_77' title='bbox 97 835 175 875; x_wconf 81' lang='grc' dir='ltr'><strong>τοῦ</strong></span> <span class='ocrx_word' id='word_1_78' title='bbox 193 828 452 889; x_wconf 75' lang='grc' dir='ltr'><strong><em>πατριάρχου</em></strong></span> <span class='ocrx_word' id='word_1_79' title='bbox 469 826 634 884; x_wconf 78' lang='grc' dir='ltr'><strong><em>Ἰακώβ.</em></strong></span> 
     </span>
     <span class='ocr_line' id='line_1_11' title="bbox 39 893 1598 958; baseline -0.001 -14"><span class='ocrx_word' id='word_1_80' title='bbox 39 904 89 939; x_wconf 89' lang='grc'><strong>10</strong></span> <span class='ocrx_word' id='word_1_81' title='bbox 197 900 468 958; x_wconf 74' lang='grc' dir='ltr'><strong><em>Ἀλέξανδρος</em></strong></span> <span class='ocrx_word' id='word_1_82' title='bbox 479 894 805 956; x_wconf 78' lang='grc' dir='ltr'><strong><em>Ἀριστοβούλου</em></strong></span> <span class='ocrx_word' id='word_1_83' title='bbox 826 895 920 948; x_wconf 77' lang='grc' dir='ltr'><strong><em>υἱὸς</em></strong></span> <span class='ocrx_word' id='word_1_84' title='bbox 939 893 1221 956; x_wconf 78' lang='grc' dir='ltr'><strong><em>πρεσβύτερος</em></strong></span> <span class='ocrx_word' id='word_1_85' title='bbox 1239 894 1466 955; x_wconf 79' lang='grc' dir='ltr'><strong><em>Πομπήιον</em></strong></span> <span class='ocrx_word' id='word_1_86' title='bbox 1490 897 1598 943; x_wconf 79' lang='grc' dir='ltr'><strong><em>ἄπο-</em></strong></span> 
     </span>
     <span class='ocr_line' id='line_1_12' title="bbox 99 966 1599 1028; baseline -0.001 -14"><span class='ocrx_word' id='word_1_87' title='bbox 99 970 206 1028; x_wconf 78' lang='grc' dir='ltr'><strong><em>δρὰς</em></strong></span> <span class='ocrx_word' id='word_1_88' title='bbox 239 977 387 1028; x_wconf 78' lang='grc' dir='ltr'><strong><em>κρατεῖ</em></strong></span> <span class='ocrx_word' id='word_1_89' title='bbox 409 969 515 1027; x_wconf 84' lang='grc' dir='ltr'><strong><em>πρὸς</em></strong></span> <span class='ocrx_word' id='word_1_90' title='bbox 539 967 677 1026; x_wconf 78' lang='grc' dir='ltr'><strong><em>βραχὺ</em></strong></span> <span class='ocrx_word' id='word_1_91' title='bbox 708 972 792 1012; x_wconf 84' lang='grc' dir='ltr'><strong><em>τῶν</em></strong></span> <span class='ocrx_word' id='word_1_92' title='bbox 807 966 1024 1011; x_wconf 79' lang='grc' dir='ltr'><strong><em>Ἰουδαίων</em></strong></span> <span class='ocrx_word' id='word_1_93' title='bbox 1045 969 1114 1011; x_wconf 84' lang='grc' dir='ltr'><strong>καὶ</strong></span> <span class='ocrx_word' id='word_1_94' title='bbox 1136 967 1268 1010; x_wconf 82' lang='grc' dir='ltr'><strong><em>αὐτοῦ</em></strong></span> <span class='ocrx_word' id='word_1_95' title='bbox 1287 968 1437 1026; x_wconf 82' lang='grc' dir='ltr'><strong><em>μικρὸν</em></strong></span> <span class='ocrx_word' id='word_1_96' title='bbox 1457 968 1510 1025; x_wconf 83' lang='grc' dir='ltr'><strong>δὴ</strong></span> <span class='ocrx_word' id='word_1_97' title='bbox 1529 971 1599 1013; x_wconf 78' lang='grc' dir='ltr'><strong>καὶ</strong></span> 
     </span>
     <span class='ocr_line' id='line_1_13' title="bbox 19 1034 1597 1098; baseline -0.001 -14"><span class='ocrx_word' id='word_1_98' title='bbox 19 1060 31 1070; x_wconf 92' lang='grc'><em>·</em></span> <span class='ocrx_word' id='word_1_99' title='bbox 93 1034 327 1098; x_wconf 64' lang='grc' dir='ltr'><strong><em>’Υρκανοῦ,</em></strong></span> <span class='ocrx_word' id='word_1_100' title='bbox 365 1041 400 1084; x_wconf 76' lang='grc' dir='ltr'><strong>εἰ</strong></span> <span class='ocrx_word' id='word_1_101' title='bbox 425 1039 486 1095; x_wconf 87' lang='grc' dir='ltr'><strong>μὴ</strong></span> <span class='ocrx_word' id='word_1_102' title='bbox 516 1040 715 1094; x_wconf 85' lang='grc' dir='ltr'><strong><em>Γαβίνιος</em></strong></span> <span class='ocrx_word' id='word_1_103' title='bbox 735 1039 793 1088; x_wconf 79' lang='grc' dir='ltr'><strong>εἷς</strong></span> <span class='ocrx_word' id='word_1_104' title='bbox 820 1038 980 1095; x_wconf 79' lang='grc' dir='ltr'><strong><em>Συρίαν</em></strong></span> <span class='ocrx_word' id='word_1_105' title='bbox 999 1039 1210 1096; x_wconf 78' lang='grc' dir='ltr'><strong><em>πεμφθεὶς</em></strong></span> <span class='ocrx_word' id='word_1_106' title='bbox 1230 1035 1426 1096; x_wconf 75' lang='grc' dir='ltr'><strong><em>Σκαύρου</em></strong></span> <span class='ocrx_word' id='word_1_107' title='bbox 1451 1037 1597 1083; x_wconf 78' lang='grc' dir='ltr'><strong><em>διάδο-</em></strong></span> 
     </span>
     <span class='ocr_line' id='line_1_14' title="bbox 92 1105 1628 1168; baseline -0.001 -13"><span class='ocrx_word' id='word_1_108' title='bbox 92 1128 170 1167; x_wconf 86' lang='grc' dir='ltr'><strong>χος</strong></span> <span class='ocrx_word' id='word_1_109' title='bbox 189 1108 377 1168; x_wconf 75' lang='grc' dir='ltr'><strong><em>ΖΙΙάρκον</em></strong></span> <span class='ocrx_word' id='word_1_110' title='bbox 398 1107 617 1153; x_wconf 79' lang='grc' dir='ltr'><strong><em>Ἀντώνιον</em></strong></span> <span class='ocrx_word' id='word_1_111' title='bbox 641 1107 748 1164; x_wconf 78' lang='grc' dir='ltr'><strong><em>μετὰ</em></strong></span> <span class='ocrx_word' id='word_1_112' title='bbox 770 1105 986 1163; x_wconf 77' lang='grc' dir='ltr'><strong><em>δυνάμεώς</em></strong></span> <span class='ocrx_word' id='word_1_113' title='bbox 1009 1125 1122 1159; x_wconf 85' lang='grc' dir='ltr'><strong><em>τινος</em></strong></span> <span class='ocrx_word' id='word_1_114' title='bbox 1140 1107 1397 1165; x_wconf 78' lang='grc' dir='ltr'><strong><em>προπέμψας</em></strong></span> <span class='ocrx_word' id='word_1_115' title='bbox 1414 1110 1598 1166; x_wconf 77' lang='grc' dir='ltr'><strong><em>ἐπῆλθεν</em></strong></span> <span class='ocrx_word' id='word_1_116' title='bbox 1625 1140 1628 1144; x_wconf 38' lang='grc' dir='ltr'><strong><em>ι</em></strong></span> 
     </span>
     <span class='ocr_line' id='line_1_15' title="bbox 98 1168 1599 1238; baseline 0 -14"><span class='ocrx_word' id='word_1_117' title='bbox 98 1180 240 1231; x_wconf 76' lang='grc' dir='ltr'><strong><em>αὐτοῖς</em></strong></span> <span class='ocrx_word' id='word_1_118' title='bbox 276 1179 383 1235; x_wconf 82' lang='grc' dir='ltr'><strong><em>μετὰ</em></strong></span> <span class='ocrx_word' id='word_1_119' title='bbox 414 1181 603 1229; x_wconf 87' lang='grc' dir='ltr'><strong><em>πλείονος</em></strong></span> <span class='ocrx_word' id='word_1_120' title='bbox 629 1181 886 1236; x_wconf 81' lang='grc' dir='ltr'><strong><em>προσβολῆς.</em></strong></span> <span class='ocrx_word' id='word_1_121' title='bbox 924 1168 1033 1222; x_wconf 68' lang='grc' dir='ltr'><strong><em>ἔνθα</em></strong></span> <span class='ocrx_word' id='word_1_122' title='bbox 1061 1178 1121 1234; x_wconf 80' lang='grc' dir='ltr'><strong>μὴ</strong></span> <span class='ocrx_word' id='word_1_123' title='bbox 1148 1178 1311 1236; x_wconf 73' lang='grc' dir='ltr'><strong><em>ἐνέγκας</em></strong></span> <span class='ocrx_word' id='word_1_124' title='bbox 1326 1178 1599 1238; x_wconf 77' lang='grc' dir='ltr'><strong><em>Ἀλέξανδρος</em></strong></span> 
     </span>
     <span class='ocr_line' id='line_1_16' title="bbox 41 1246 1748 1310; baseline 0.002 -19"><span class='ocrx_word' id='word_1_125' title='bbox 41 1254 88 1291; x_wconf 88' lang='grc'><strong>15</strong></span> <span class='ocrx_word' id='word_1_126' title='bbox 98 1251 176 1307; x_wconf 73' lang='grc' dir='ltr'><strong><em>τὴν</em></strong></span> <span class='ocrx_word' id='word_1_127' title='bbox 189 1250 410 1295; x_wconf 87' lang='grc' dir='ltr'><strong><em>Ἀντωνίου</em></strong></span> <span class='ocrx_word' id='word_1_128' title='bbox 440 1248 682 1308; x_wconf 67' lang='grc' dir='ltr'><strong><em>προσβολὴν</em></strong></span> <span class='ocrx_word' id='word_1_129' title='bbox 704 1246 978 1310; x_wconf 73' lang='grc' dir='ltr'><strong><em>Ἀντιπάτρου</em></strong></span> <span class='ocrx_word' id='word_1_130' title='bbox 999 1249 1291 1306; x_wconf 76' lang='grc' dir='ltr'><strong><em>παρεπομένου</em></strong></span> <span class='ocrx_word' id='word_1_131' title='bbox 1311 1251 1380 1292; x_wconf 83' lang='grc' dir='ltr'><strong>καὶ</strong></span> <span class='ocrx_word' id='word_1_132' title='bbox 1403 1254 1487 1293; x_wconf 83' lang='grc' dir='ltr'><strong><em>τῶν</em></strong></span> <span class='ocrx_word' id='word_1_133' title='bbox 1502 1254 1591 1294; x_wconf 92' lang='grc' dir='ltr'><strong><em>λοι-</em></strong></span> <span class='ocrx_word' id='word_1_134' title='bbox 1615 1255 1657 1292; x_wconf 88' lang='lat' dir='ltr'><strong>P.</strong></span> <span class='ocrx_word' id='word_1_135' title='bbox 1680 1256 1748 1294; x_wconf 83' lang='lat'><strong>301</strong></span> 
     </span>
     <span class='ocr_line' id='line_1_17' title="bbox 95 1316 1596 1380; baseline 0 -16"><span class='ocrx_word' id='word_1_136' title='bbox 95 1325 187 1364; x_wconf 83' lang='grc' dir='ltr'><strong><em>πῶν</em></strong></span> <span class='ocrx_word' id='word_1_137' title='bbox 216 1318 466 1380; x_wconf 78' lang='grc' dir='ltr'><strong><em>ὖπερμᾶχων</em></strong></span> <span class='ocrx_word' id='word_1_138' title='bbox 496 1317 703 1377; x_wconf 66' lang='grc' dir='ltr'><strong>ιΥρκανοῦ</strong></span> <span class='ocrx_word' id='word_1_139' title='bbox 730 1317 944 1362; x_wconf 77' lang='grc' dir='ltr'><strong><em>Ἰουδαίων</em></strong></span> <span class='ocrx_word' id='word_1_140' title='bbox 966 1316 1103 1376; x_wconf 73' lang='grc' dir='ltr'><strong><em>φεύγει</em></strong></span> <span class='ocrx_word' id='word_1_141' title='bbox 1133 1318 1239 1376; x_wconf 83' lang='grc' dir='ltr'><strong><em>πρὸς</em></strong></span> <span class='ocrx_word' id='word_1_142' title='bbox 1257 1318 1311 1362; x_wconf 81' lang='grc' dir='ltr'><strong>τὰ</strong></span> <span class='ocrx_word' id='word_1_143' title='bbox 1327 1316 1596 1377; x_wconf 87' lang='grc' dir='ltr'><strong><em>Ἱεροσόλυμα</em></strong></span> 
     </span>
     <span class='ocr_line' id='line_1_18' title="bbox 95 1385 1594 1446; baseline 0.001 -13"><span class='ocrx_word' id='word_1_144' title='bbox 95 1389 392 1446; x_wconf 68' lang='grc' dir='ltr'><strong><em>ἑξακισχιλίους</em></strong></span> <span class='ocrx_word' id='word_1_145' title='bbox 411 1389 638 1444; x_wconf 74' lang='grc' dir='ltr'><strong><em>ἀποβαλών</em></strong></span> <span class='ocrx_word' id='word_1_146' title='bbox 659 1393 711 1446; x_wconf 88' lang='grc' dir='ltr'><strong>τῇ</strong></span> <span class='ocrx_word' id='word_1_147' title='bbox 733 1388 954 1432; x_wconf 81' lang='grc' dir='ltr'><strong><em>Ἀντωνίου</em></strong></span> <span class='ocrx_word' id='word_1_148' title='bbox 970 1385 1237 1445; x_wconf 73' lang='grc' dir='ltr'><strong><em>γενναιότητι.</em></strong></span> <span class='ocrx_word' id='word_1_149' title='bbox 1266 1395 1483 1445; x_wconf 84' lang='grc' dir='ltr'><strong><em>πανταχοῦ</em></strong></span> <span class='ocrx_word' id='word_1_150' title='bbox 1501 1391 1594 1446; x_wconf 74' lang='grc' dir='ltr'><strong><em>μὲν,</em></strong></span> 
     </span>
     <span class='ocr_line' id='line_1_19' title="bbox 94 1456 1596 1517; baseline 0 -14"><span class='ocrx_word' id='word_1_151' title='bbox 94 1458 280 1516; x_wconf 79' lang='grc' dir='ltr'><strong><em>μάλιστα</em></strong></span> <span class='ocrx_word' id='word_1_152' title='bbox 311 1460 358 1503; x_wconf 74' lang='grc' dir='ltr'><strong>δὲ</strong></span> <span class='ocrx_word' id='word_1_153' title='bbox 390 1460 580 1503; x_wconf 67' lang='grc' dir='ltr'><strong><em>ἐνταῦθα</em></strong></span> <span class='ocrx_word' id='word_1_154' title='bbox 608 1456 835 1514; x_wconf 76' lang='grc' dir='ltr'><strong><em>ΙΙομπήιος</em></strong></span> <span class='ocrx_word' id='word_1_155' title='bbox 862 1456 1053 1517; x_wconf 71' lang='grc' dir='ltr'><strong><em>“Υρκανῷ</em></strong></span> <span class='ocrx_word' id='word_1_156' title='bbox 1073 1457 1150 1514; x_wconf 82' lang='grc' dir='ltr'><strong><em>τὴν</em></strong></span> <span class='ocrx_word' id='word_1_157' title='bbox 1175 1457 1484 1516; x_wconf 78' lang='grc' dir='ltr'><strong><em>ἀρχιερωσύνην</em></strong></span> <span class='ocrx_word' id='word_1_158' title='bbox 1499 1458 1596 1504; x_wconf 76' lang='grc' dir='ltr'>ἐκύ-</span> 
     </span>
     <span class='ocr_line' id='line_1_20' title="bbox 98 1525 1595 1588; baseline 0 -14"><span class='ocrx_word' id='word_1_159' title='bbox 98 1547 244 1588; x_wconf 84' lang='grc' dir='ltr'><strong><em>ρωσεν.</em></strong></span> <span class='ocrx_word' id='word_1_160' title='bbox 283 1526 305 1573; x_wconf 83' lang='grc' dir='ltr'><em>ὃ</em></span> <span class='ocrx_word' id='word_1_161' title='bbox 337 1528 465 1580; x_wconf 70' lang='grc' dir='ltr'><strong><em>αὐτὸς</em></strong></span> <span class='ocrx_word' id='word_1_162' title='bbox 489 1529 719 1578; x_wconf 77' lang='grc' dir='ltr'><strong><em>Ἰουδαίους</em></strong></span> <span class='ocrx_word' id='word_1_163' title='bbox 734 1525 952 1583; x_wconf 83' lang='grc' dir='ltr'><strong><em>Ῥωμαίοις</em></strong></span> <span class='ocrx_word' id='word_1_164' title='bbox 969 1525 1214 1585; x_wconf 75' lang='grc' dir='ltr'><strong><em>ὖποφόρους</em></strong></span> <span class='ocrx_word' id='word_1_165' title='bbox 1231 1528 1385 1579; x_wconf 73' lang='grc' dir='ltr'><strong><em>ἔταξεν.</em></strong></span> <span class='ocrx_word' id='word_1_166' title='bbox 1423 1527 1445 1573; x_wconf 81' lang='grc' dir='ltr'><em>ὃ</em></span> <span class='ocrx_word' id='word_1_167' title='bbox 1468 1530 1595 1582; x_wconf 79' lang='grc' dir='ltr'><strong><em>αὐτὸς</em></strong></span> 
     </span>
     <span class='ocr_line' id='line_1_21' title="bbox 38 1595 1596 1657; baseline 0.001 -14"><span class='ocrx_word' id='word_1_168' title='bbox 38 1601 364 1657; x_wconf 64' lang='grc' dir='ltr'><strong><em>ΞΟἈντίπατρον</em></strong></span> <span class='ocrx_word' id='word_1_169' title='bbox 391 1597 631 1657; x_wconf 74' lang='grc' dir='ltr'><strong><em>ἀλλόφυλον</em></strong></span> <span class='ocrx_word' id='word_1_170' title='bbox 654 1595 848 1656; x_wconf 76' lang='grc' dir='ltr'><strong><em>ἸΙρώδου</em></strong></span> <span class='ocrx_word' id='word_1_171' title='bbox 870 1597 962 1642; x_wconf 80' lang='grc' dir='ltr'><strong><em>υἱὸν</em></strong></span> <span class='ocrx_word' id='word_1_172' title='bbox 984 1599 1052 1641; x_wconf 83' lang='grc' dir='ltr'><strong><em>καὶ</em></strong></span> <span class='ocrx_word' id='word_1_173' title='bbox 1070 1597 1232 1657; x_wconf 87' lang='grc' dir='ltr'><strong><em>πατέρα</em></strong></span> <span class='ocrx_word' id='word_1_174' title='bbox 1259 1602 1337 1655; x_wconf 82' lang='grc' dir='ltr'><strong><em>τῆς</em></strong></span> <span class='ocrx_word' id='word_1_175' title='bbox 1354 1601 1596 1644; x_wconf 80' lang='grc' dir='ltr'><strong><em>Παλαιστί-</em></strong></span> 
     </span>
     <span class='ocr_line' id='line_1_22' title="bbox 94 1669 1014 1728; baseline -0.002 -13"><span class='ocrx_word' id='word_1_176' title='bbox 94 1688 169 1727; x_wconf 86' lang='grc' dir='ltr'><strong>νης</strong></span> <span class='ocrx_word' id='word_1_177' title='bbox 188 1671 411 1728; x_wconf 67' lang='grc' dir='ltr'><strong><em>ἐπίτροπον</em></strong></span> <span class='ocrx_word' id='word_1_178' title='bbox 430 1669 669 1726; x_wconf 75' lang='grc' dir='ltr'><strong><em>κατέστησε.</em></strong></span> <span class='ocrx_word' id='word_1_179' title='bbox 1011 1681 1014 1683; x_wconf 85' lang='grc'><em>“</em></span> 
     </span>
    </p>
   </div>
   <div class='ocr_carea' id='block_1_3' title="bbox 187 1790 1618 2030">
    <p class='ocr_par' dir='ltr' id='par_1_3' title="bbox 187 1790 1618 2030">
     <span class='ocr_line' id='line_1_23' title="bbox 189 1790 1594 1838; baseline -0.001 -8"><span class='ocrx_word' id='word_1_180' title='bbox 189 1794 224 1830; x_wconf 80' lang='lat'><strong>2.</strong></span> <span class='ocrx_word' id='word_1_181' title='bbox 249 1792 391 1838; x_wconf 83' lang='grc' dir='ltr'><strong><em>τρίτον]</em></strong></span> <span class='ocrx_word' id='word_1_182' title='bbox 414 1794 566 1836; x_wconf 76' lang='grc' dir='ltr'><strong><em>πρῶτον</em></strong></span> <span class='ocrx_word' id='word_1_183' title='bbox 590 1791 636 1826; x_wconf 90' lang='lat' dir='ltr'><strong>G.</strong></span> <span class='ocrx_word' id='word_1_184' title='bbox 732 1791 909 1838; x_wconf 80' lang='grc' dir='ltr'><strong><em>φερῶραν</em></strong></span> <span class='ocrx_word' id='word_1_185' title='bbox 926 1790 970 1826; x_wconf 87' lang='grc' dir='ltr'><strong><em>Α.</em></strong></span> <span class='ocrx_word' id='word_1_186' title='bbox 994 1790 1162 1836; x_wconf 76' lang='grc' dir='ltr'><strong><em>φερορᾶν</em></strong></span> <span class='ocrx_word' id='word_1_187' title='bbox 1182 1790 1226 1827; x_wconf 91' lang='grc' dir='ltr'><strong>Β.</strong></span> <span class='ocrx_word' id='word_1_188' title='bbox 1252 1791 1432 1837; x_wconf 80' lang='grc' dir='ltr'><strong><em>Φερωρᾶν</em></strong></span> <span class='ocrx_word' id='word_1_189' title='bbox 1451 1790 1499 1827; x_wconf 83' lang='lat' dir='ltr'><strong>G.</strong></span> <span class='ocrx_word' id='word_1_190' title='bbox 1526 1793 1594 1828; x_wconf 86' lang='grc' dir='ltr'><strong>Φε-</strong></span> 
     </span>
     <span class='ocr_line' id='line_1_24' title="bbox 190 1835 1618 1886; baseline -0.001 -11"><span class='ocrx_word' id='word_1_191' title='bbox 190 1837 316 1886; x_wconf 80' lang='grc' dir='ltr'><strong><em>ρώρας</em></strong></span> <span class='ocrx_word' id='word_1_192' title='bbox 337 1841 429 1885; x_wconf 85' lang='lat' dir='ltr'><strong>apud</strong></span> <span class='ocrx_word' id='word_1_193' title='bbox 449 1841 631 1886; x_wconf 83' lang='lat' dir='ltr'><strong>losepbum</strong></span> <span class='ocrx_word' id='word_1_194' title='bbox 652 1837 790 1874; x_wconf 87' lang='lat' dir='ltr'><strong>dicitur.</strong></span> <span class='ocrx_word' id='word_1_195' title='bbox 884 1837 949 1873; x_wconf 80' lang='grc' dir='ltr'><strong><em>καὶ</em></strong></span> <span class='ocrx_word' id='word_1_196' title='bbox 964 1837 1093 1884; x_wconf 74' lang='grc' dir='ltr'><strong><em>ἐπειδὴ</em></strong></span> <span class='ocrx_word' id='word_1_197' title='bbox 1116 1850 1161 1874; x_wconf 87' lang='lat' dir='ltr'><strong>m.</strong></span> <span class='ocrx_word' id='word_1_198' title='bbox 1253 1839 1291 1875; x_wconf 85' lang='lat'><strong>3.</strong></span> <span class='ocrx_word' id='word_1_199' title='bbox 1315 1840 1368 1886; x_wconf 80' lang='grc' dir='ltr'><strong>τῷ</strong></span> <span class='ocrx_word' id='word_1_200' title='bbox 1385 1850 1429 1874; x_wconf 81' lang='grc' dir='ltr'><strong><em>ιιι.</em></strong></span> <span class='ocrx_word' id='word_1_201' title='bbox 1449 1839 1526 1875; x_wconf 75' lang='grc' dir='ltr'><strong><em>ταῖν</em></strong></span> <span class='ocrx_word' id='word_1_202' title='bbox 1542 1835 1591 1878; x_wconf 73' lang='lat' dir='ltr'><strong>G.</strong></span> <span class='ocrx_word' id='word_1_203' title='bbox 1613 1858 1618 1861; x_wconf 94' lang='lat'>·</span> 
     </span>
     <span class='ocr_line' id='line_1_25' title="bbox 259 1882 1589 1932; baseline -0.001 -9"><span class='ocrx_word' id='word_1_204' title='bbox 259 1886 295 1923; x_wconf 83' lang='lat'><strong>4.</strong></span> <span class='ocrx_word' id='word_1_205' title='bbox 319 1887 416 1929; x_wconf 72' lang='grc' dir='ltr'><strong><em>υἱεῖς</em></strong></span> <span class='ocrx_word' id='word_1_206' title='bbox 434 1888 475 1924; x_wconf 85' lang='grc' dir='ltr'><strong><em>Β.</em></strong></span> <span class='ocrx_word' id='word_1_207' title='bbox 501 1886 612 1929; x_wconf 71' lang='grc' dir='ltr'><strong><em>υἱούς</em></strong></span> <span class='ocrx_word' id='word_1_208' title='bbox 631 1887 679 1921; x_wconf 89' lang='lat' dir='ltr'><strong>G.</strong></span> <span class='ocrx_word' id='word_1_209' title='bbox 783 1887 818 1922; x_wconf 87' lang='grc'><strong><em>7.</em></strong></span> <span class='ocrx_word' id='word_1_210' title='bbox 852 1883 1031 1929; x_wconf 74' lang='grc' dir='ltr'><strong><em>ἐξέλειπεν</em></strong></span> <span class='ocrx_word' id='word_1_211' title='bbox 1048 1885 1090 1919; x_wconf 92' lang='grc' dir='ltr'><strong>Β.</strong></span> <span class='ocrx_word' id='word_1_212' title='bbox 1207 1886 1265 1921; x_wconf 85' lang='grc'><strong>11.</strong></span> <span class='ocrx_word' id='word_1_213' title='bbox 1296 1887 1359 1922; x_wconf 82' lang='grc' dir='ltr'><strong><em>καὶ</em></strong></span> <span class='ocrx_word' id='word_1_214' title='bbox 1386 1882 1589 1932; x_wconf 69' lang='grc' dir='ltr'><strong><em>“Ί’ρκανοῦ]</em></strong></span> 
     </span>
     <span class='ocr_line' id='line_1_26' title="bbox 189 1929 1591 1979; baseline 0.001 -9"><span class='ocrx_word' id='word_1_215' title='bbox 189 1935 262 1970; x_wconf 76' lang='grc' dir='ltr'><strong>τοῦ</strong></span> <span class='ocrx_word' id='word_1_216' title='bbox 282 1935 457 1978; x_wconf 77' lang='grc' dir='ltr'><strong><em>Υρκανοῦ</em></strong></span> <span class='ocrx_word' id='word_1_217' title='bbox 479 1934 527 1970; x_wconf 90' lang='lat' dir='ltr'><strong>G.</strong></span> <span class='ocrx_word' id='word_1_218' title='bbox 647 1935 703 1970; x_wconf 84' lang='lat'><strong>13.</strong></span> <span class='ocrx_word' id='word_1_219' title='bbox 738 1929 856 1969; x_wconf 76' lang='grc' dir='ltr'><strong><em>αὐτὸν</em></strong></span> <span class='ocrx_word' id='word_1_220' title='bbox 882 1931 1084 1979; x_wconf 79' lang='grc' dir='ltr'><strong><em>ἠβουλήθη</em></strong></span> <span class='ocrx_word' id='word_1_221' title='bbox 1104 1931 1199 1977; x_wconf 74' lang='grc' dir='ltr'><strong><em>μετὰ</em></strong></span> <span class='ocrx_word' id='word_1_222' title='bbox 1222 1935 1394 1976; x_wconf 80' lang='grc' dir='ltr'><strong><em>πλείονος</em></strong></span> <span class='ocrx_word' id='word_1_223' title='bbox 1418 1932 1591 1971; x_wconf 79' lang='grc' dir='ltr'><strong><em>ἐπελθεῖν</em></strong></span> 
     </span>
     <span class='ocr_line' id='line_1_27' title="bbox 187 1978 1488 2030; baseline 0 -12"><span class='ocrx_word' id='word_1_224' title='bbox 187 1982 402 2030; x_wconf 83' lang='grc' dir='ltr'><strong><em>προσβολῆς</em></strong></span> <span class='ocrx_word' id='word_1_225' title='bbox 425 1983 466 2017; x_wconf 88' lang='grc' dir='ltr'><strong>Ρ.</strong></span> <span class='ocrx_word' id='word_1_226' title='bbox 505 1995 507 1997; x_wconf 70' lang='grc'><strong>’</strong></span> <span class='ocrx_word' id='word_1_227' title='bbox 575 1981 631 2018; x_wconf 86' lang='grc'><strong>18.</strong></span> <span class='ocrx_word' id='word_1_228' title='bbox 654 1979 828 2017; x_wconf 77' lang='grc' dir='ltr'><strong><em>ἐνταῦθα</em></strong></span> <span class='ocrx_word' id='word_1_229' title='bbox 846 1978 888 2017; x_wconf 77' lang='grc' dir='ltr'><strong>δὲ</strong></span> <span class='ocrx_word' id='word_1_230' title='bbox 904 1978 1066 2027; x_wconf 81' lang='grc' dir='ltr'><strong><em>μάλιστα</em></strong></span> <span class='ocrx_word' id='word_1_231' title='bbox 1087 1981 1134 2018; x_wconf 82' lang='lat' dir='ltr'><strong>G.</strong></span> <span class='ocrx_word' id='word_1_232' title='bbox 1486 1993 1488 1995; x_wconf 85' lang='lat'>·</span> 
     </span>
    </p>
   </div>
   <div class='ocr_carea' id='block_1_4' title="bbox 88 2084 1589 2929">
    <p class='ocr_par' dir='ltr' id='par_1_4' title="bbox 92 2084 1589 2460">
     <span class='ocr_line' id='line_1_28' title="bbox 92 2084 1587 2133; baseline 0 -13"><span class='ocrx_word' id='word_1_233' title='bbox 92 2086 189 2121; x_wconf 86' lang='lat' dir='ltr'><strong>illum</strong></span> <span class='ocrx_word' id='word_1_234' title='bbox 201 2111 212 2128; x_wconf 97' lang='lat'>‚</span> <span class='ocrx_word' id='word_1_235' title='bbox 236 2086 297 2133; x_wconf 91' lang='lat' dir='ltr'><strong>qui</strong></span> <span class='ocrx_word' id='word_1_236' title='bbox 314 2086 451 2121; x_wconf 84' lang='lat' dir='ltr'><strong>sublato</strong></span> <span class='ocrx_word' id='word_1_237' title='bbox 468 2086 633 2133; x_wconf 84' lang='lat' dir='ltr'><strong>Hyrcano</strong></span> <span class='ocrx_word' id='word_1_238' title='bbox 652 2085 782 2132; x_wconf 88' lang='lat' dir='ltr'><strong>primus</strong></span> <span class='ocrx_word' id='word_1_239' title='bbox 798 2087 1038 2120; x_wconf 79' lang='lat' dir='ltr'><strong>extraneorum</strong></span> <span class='ocrx_word' id='word_1_240' title='bbox 1056 2084 1294 2121; x_wconf 79' lang='lat' dir='ltr'>Hebraeorum</span> <span class='ocrx_word' id='word_1_241' title='bbox 1316 2084 1468 2122; x_wconf 69' lang='lat' dir='ltr'><strong>obtinuit</strong></span> <span class='ocrx_word' id='word_1_242' title='bbox 1486 2084 1587 2132; x_wconf 88' lang='lat' dir='ltr'><strong>prin-</strong></span> 
     </span>
     <span class='ocr_line' id='line_1_29' title="bbox 93 2132 1587 2179; baseline 0 -12"><span class='ocrx_word' id='word_1_243' title='bbox 93 2133 269 2179; x_wconf 86' lang='lat' dir='ltr'><strong>cipatum‚</strong></span> <span class='ocrx_word' id='word_1_244' title='bbox 292 2133 544 2179; x_wconf 82' lang='lat' dir='ltr'><strong>Iosephumque</strong></span> <span class='ocrx_word' id='word_1_245' title='bbox 574 2134 722 2167; x_wconf 90' lang='lat' dir='ltr'><strong>omnium</strong></span> <span class='ocrx_word' id='word_1_246' title='bbox 753 2133 915 2167; x_wconf 82' lang='lat' dir='ltr'><strong>maiorem</strong></span> <span class='ocrx_word' id='word_1_247' title='bbox 949 2137 987 2166; x_wconf 87' lang='lat' dir='ltr'><strong>et</strong></span> <span class='ocrx_word' id='word_1_248' title='bbox 1006 2133 1196 2167; x_wconf 90' lang='lat' dir='ltr'><strong>Pheroram</strong></span> <span class='ocrx_word' id='word_1_249' title='bbox 1221 2138 1382 2178; x_wconf 85' lang='lat' dir='ltr'><strong>quartum</strong></span> <span class='ocrx_word' id='word_1_250' title='bbox 1420 2132 1587 2178; x_wconf 75' lang='lat' dir='ltr'>suscepit,</span> 
     </span>
     <span class='ocr_line' id='line_1_30' title="bbox 93 2179 1589 2225; baseline 0.001 -12"><span class='ocrx_word' id='word_1_251' title='bbox 93 2191 223 2215; x_wconf 85' lang='lat' dir='ltr'><strong>summa</strong></span> <span class='ocrx_word' id='word_1_252' title='bbox 242 2181 501 2217; x_wconf 83' lang='lat' dir='ltr'><strong>necessitudine</strong></span> <span class='ocrx_word' id='word_1_253' title='bbox 521 2180 725 2215; x_wconf 85' lang='lat' dir='ltr'><strong>coniunctus</strong></span> <span class='ocrx_word' id='word_1_254' title='bbox 743 2185 820 2221; x_wconf 88' lang='lat' dir='ltr'><strong>est;</strong></span> <span class='ocrx_word' id='word_1_255' title='bbox 844 2184 882 2214; x_wconf 87' lang='lat' dir='ltr'><strong>et</strong></span> <span class='ocrx_word' id='word_1_256' title='bbox 898 2179 990 2225; x_wconf 85' lang='lat' dir='ltr'><strong>apud</strong></span> <span class='ocrx_word' id='word_1_257' title='bbox 1005 2191 1082 2214; x_wconf 87' lang='lat' dir='ltr'><strong>eum</strong></span> <span class='ocrx_word' id='word_1_258' title='bbox 1112 2179 1203 2214; x_wconf 90' lang='lat' dir='ltr'><strong>bello</strong></span> <span class='ocrx_word' id='word_1_259' title='bbox 1228 2179 1265 2214; x_wconf 88' lang='lat' dir='ltr'><strong>in</strong></span> <span class='ocrx_word' id='word_1_260' title='bbox 1290 2180 1589 2224; x_wconf 72' lang='lat' dir='ltr'><strong>Aristobulum‚et</strong></span> 
     </span>
     <span class='ocr_line' id='line_1_31' title="bbox 93 2225 1587 2272; baseline -0.001 -12"><span class='ocrx_word' id='word_1_261' title='bbox 93 2227 185 2261; x_wconf 85' lang='lat' dir='ltr'><strong>filios</strong></span> <span class='ocrx_word' id='word_1_262' title='bbox 206 2231 298 2262; x_wconf 85' lang='lat' dir='ltr'><strong>moto</strong></span> <span class='ocrx_word' id='word_1_263' title='bbox 320 2227 451 2262; x_wconf 90' lang='lat' dir='ltr'><strong>liberos</strong></span> <span class='ocrx_word' id='word_1_264' title='bbox 470 2227 608 2261; x_wconf 85' lang='lat' dir='ltr'><strong>eosdem</strong></span> <span class='ocrx_word' id='word_1_265' title='bbox 630 2239 706 2262; x_wconf 90' lang='lat' dir='ltr'><strong>cum</strong></span> <span class='ocrx_word' id='word_1_266' title='bbox 724 2227 863 2261; x_wconf 84' lang='lat' dir='ltr'><strong>Salome</strong></span> <span class='ocrx_word' id='word_1_267' title='bbox 880 2226 953 2261; x_wconf 87' lang='lat' dir='ltr'><strong>filia</strong></span> <span class='ocrx_word' id='word_1_268' title='bbox 972 2225 1145 2272; x_wconf 80' lang='lat' dir='ltr'><strong>deposuit.</strong></span> <span class='ocrx_word' id='word_1_269' title='bbox 1192 2227 1292 2262; x_wconf 89' lang='lat' dir='ltr'><strong>Haec</strong></span> <span class='ocrx_word' id='word_1_270' title='bbox 1309 2238 1377 2262; x_wconf 88' lang='lat' dir='ltr'><strong>non</strong></span> <span class='ocrx_word' id='word_1_271' title='bbox 1394 2227 1587 2262; x_wconf 86' lang='lat' dir='ltr'><strong>inconsulto</strong></span> 
     </span>
     <span class='ocr_line' id='line_1_32' title="bbox 93 2271 1588 2320; baseline -0.001 -12"><span class='ocrx_word' id='word_1_272' title='bbox 93 2273 151 2308; x_wconf 81' lang='lat' dir='ltr'><strong>vel</strong></span> <span class='ocrx_word' id='word_1_273' title='bbox 166 2278 310 2318; x_wconf 83' lang='lat' dir='ltr'><strong>temere,</strong></span> <span class='ocrx_word' id='word_1_274' title='bbox 334 2274 396 2309; x_wconf 86' lang='lat' dir='ltr'><strong>sed</strong></span> <span class='ocrx_word' id='word_1_275' title='bbox 418 2286 462 2309; x_wconf 84' lang='lat' dir='ltr'><strong>ex</strong></span> <span class='ocrx_word' id='word_1_276' title='bbox 478 2274 651 2308; x_wconf 85' lang='lat' dir='ltr'><strong>industria</strong></span> <span class='ocrx_word' id='word_1_277' title='bbox 677 2273 868 2320; x_wconf 88' lang='lat' dir='ltr'><strong>praemissa</strong></span> <span class='ocrx_word' id='word_1_278' title='bbox 884 2273 967 2317; x_wconf 85' lang='lat' dir='ltr'><strong>sint,</strong></span> <span class='ocrx_word' id='word_1_279' title='bbox 980 2285 1062 2319; x_wconf 92' lang='lat' dir='ltr'><strong>·quo</strong></span> <span class='ocrx_word' id='word_1_280' title='bbox 1087 2271 1257 2319; x_wconf 83' lang='lat' dir='ltr'><strong>unigeniti</strong></span> <span class='ocrx_word' id='word_1_281' title='bbox 1274 2273 1336 2308; x_wconf 84' lang='lat' dir='ltr'><strong>filii</strong></span> <span class='ocrx_word' id='word_1_282' title='bbox 1354 2278 1392 2309; x_wconf 88' lang='lat' dir='ltr'><strong>et</strong></span> <span class='ocrx_word' id='word_1_283' title='bbox 1407 2274 1507 2309; x_wconf 82' lang='lat' dir='ltr'><strong>verbi</strong></span> <span class='ocrx_word' id='word_1_284' title='bbox 1531 2272 1588 2307; x_wconf 90' lang='lat' dir='ltr'><strong>dei</strong></span> 
     </span>
     <span class='ocr_line' id='line_1_33' title="bbox 92 2319 1588 2366; baseline -0.001 -11"><span class='ocrx_word' id='word_1_285' title='bbox 92 2325 129 2355; x_wconf 87' lang='lat' dir='ltr'><strong>et</strong></span> <span class='ocrx_word' id='word_1_286' title='bbox 146 2319 331 2355; x_wconf 80' lang='lat' dir='ltr'><strong>salvatoris</strong></span> <span class='ocrx_word' id='word_1_287' title='bbox 350 2321 461 2356; x_wconf 77' lang='lat' dir='ltr'>nostri</span> <span class='ocrx_word' id='word_1_288' title='bbox 479 2321 557 2356; x_wconf 83' lang='lat' dir='ltr'><strong>Iesu</strong></span> <span class='ocrx_word' id='word_1_289' title='bbox 581 2321 734 2355; x_wconf 82' lang='lat' dir='ltr'><strong>christri</strong></span> <span class='ocrx_word' id='word_1_290' title='bbox 754 2320 909 2366; x_wconf 82' lang='lat' dir='ltr'><strong>proxima</strong></span> <span class='ocrx_word' id='word_1_291' title='bbox 925 2320 992 2355; x_wconf 89' lang='lat' dir='ltr'><strong>iam</strong></span> <span class='ocrx_word' id='word_1_292' title='bbox 1010 2320 1129 2355; x_wconf 84' lang='lat' dir='ltr'><strong>diviua</strong></span> <span class='ocrx_word' id='word_1_293' title='bbox 1145 2320 1261 2356; x_wconf 86' lang='lat' dir='ltr'><strong>carnis</strong></span> <span class='ocrx_word' id='word_1_294' title='bbox 1283 2321 1452 2355; x_wconf 84' lang='lat' dir='ltr'><strong>humanae</strong></span> <span class='ocrx_word' id='word_1_295' title='bbox 1469 2332 1588 2354; x_wconf 90' lang='lat' dir='ltr'><strong>susce-</strong></span> 
     </span>
     <span class='ocr_line' id='line_1_34' title="bbox 93 2366 1585 2415; baseline 0.001 -14"><span class='ocrx_word' id='word_1_296' title='bbox 93 2366 214 2413; x_wconf 79' lang='lat' dir='ltr'><strong>ptione</strong></span> <span class='ocrx_word' id='word_1_297' title='bbox 231 2372 401 2402; x_wconf 83' lang='lat' dir='ltr'><strong>rectorem</strong></span> <span class='ocrx_word' id='word_1_298' title='bbox 420 2379 464 2402; x_wconf 84' lang='lat' dir='ltr'><strong>ex</strong></span> <span class='ocrx_word' id='word_1_299' title='bbox 483 2368 571 2402; x_wconf 92' lang='lat' dir='ltr'><strong>Iuda</strong></span> <span class='ocrx_word' id='word_1_300' title='bbox 584 2393 595 2410; x_wconf 87' lang='lat'>‚</span> <span class='ocrx_word' id='word_1_301' title='bbox 620 2373 657 2402; x_wconf 91' lang='lat' dir='ltr'><strong>et</strong></span> <span class='ocrx_word' id='word_1_302' title='bbox 683 2379 726 2401; x_wconf 85' lang='lat' dir='ltr'><strong>ex</strong></span> <span class='ocrx_word' id='word_1_303' title='bbox 743 2368 819 2401; x_wconf 90' lang='lat' dir='ltr'><strong>eius</strong></span> <span class='ocrx_word' id='word_1_304' title='bbox 837 2366 1023 2402; x_wconf 84' lang='lat' dir='ltr'><strong>femoribus</strong></span> <span class='ocrx_word' id='word_1_305' title='bbox 1040 2367 1185 2410; x_wconf 88' lang='lat' dir='ltr'><strong>ducem,</strong></span> <span class='ocrx_word' id='word_1_306' title='bbox 1210 2379 1255 2403; x_wconf 85' lang='lat' dir='ltr'><strong>ex</strong></span> <span class='ocrx_word' id='word_1_307' title='bbox 1285 2367 1509 2415; x_wconf 76' lang='lat' dir='ltr'><strong>patriarchae</strong></span> <span class='ocrx_word' id='word_1_308' title='bbox 1529 2367 1585 2402; x_wconf 81' lang='lat' dir='ltr'><strong>Ia-</strong></span> 
     </span>
     <span class='ocr_line' id='line_1_35' title="bbox 93 2413 951 2460; baseline 0.003 -13"><span class='ocrx_word' id='word_1_309' title='bbox 93 2413 160 2447; x_wconf 86' lang='lat' dir='ltr'><strong>cob</strong></span> <span class='ocrx_word' id='word_1_310' title='bbox 178 2415 390 2460; x_wconf 86' lang='lat' dir='ltr'><strong>praenuncio</strong></span> <span class='ocrx_word' id='word_1_311' title='bbox 408 2426 564 2449; x_wconf 85' lang='lat' dir='ltr'><strong>sermone</strong></span> <span class='ocrx_word' id='word_1_312' title='bbox 581 2414 751 2449; x_wconf 77' lang='lat' dir='ltr'><strong>defecisse</strong></span> <span class='ocrx_word' id='word_1_313' title='bbox 769 2413 951 2450; x_wconf 86' lang='lat' dir='ltr'><strong>declarem.</strong></span> 
     </span>
    </p>

    <p class='ocr_par' dir='ltr' id='par_1_5' title="bbox 88 2460 1583 2929">
     <span class='ocr_line' id='line_1_36' title="bbox 185 2460 1583 2508; baseline -0.001 -12"><span class='ocrx_word' id='word_1_314' title='bbox 185 2460 384 2496; x_wconf 75' lang='lat' dir='ltr'><strong>Alexander</strong></span> <span class='ocrx_word' id='word_1_315' title='bbox 399 2460 590 2497; x_wconf 84' lang='lat' dir='ltr'><strong>Aristobuli</strong></span> <span class='ocrx_word' id='word_1_316' title='bbox 610 2461 700 2495; x_wconf 83' lang='lat' dir='ltr'><strong>filius</strong></span> <span class='ocrx_word' id='word_1_317' title='bbox 727 2461 835 2495; x_wconf 87' lang='lat' dir='ltr'><strong>maior</strong></span> <span class='ocrx_word' id='word_1_318' title='bbox 856 2460 1013 2508; x_wconf 86' lang='lat' dir='ltr'><strong>Pompeii</strong></span> <span class='ocrx_word' id='word_1_319' title='bbox 1037 2461 1194 2496; x_wconf 77' lang='lat' dir='ltr'><strong>mnibus</strong></span> <span class='ocrx_word' id='word_1_320' title='bbox 1221 2461 1363 2507; x_wconf 87' lang='lat' dir='ltr'><strong>elapsus</strong></span> <span class='ocrx_word' id='word_1_321' title='bbox 1379 2460 1583 2496; x_wconf 88' lang='lat' dir='ltr'><strong>Iudaeorum</strong></span> 
     </span>
     <span class='ocr_line' id='line_1_37' title="bbox 91 2506 1583 2555; baseline -0.001 -13"><span class='ocrx_word' id='word_1_322' title='bbox 91 2506 290 2553; x_wconf 85' lang='lat' dir='ltr'><strong>principatu</strong></span> <span class='ocrx_word' id='word_1_323' title='bbox 320 2507 365 2542; x_wconf 84' lang='lat' dir='ltr'><strong>ad</strong></span> <span class='ocrx_word' id='word_1_324' title='bbox 389 2508 500 2542; x_wconf 86' lang='lat' dir='ltr'><strong>breve</strong></span> <span class='ocrx_word' id='word_1_325' title='bbox 530 2513 667 2554; x_wconf 83' lang='lat' dir='ltr'><strong>tempus</strong></span> <span class='ocrx_word' id='word_1_326' title='bbox 692 2508 848 2553; x_wconf 80' lang='lat' dir='ltr'><strong>potitur3</strong></span> <span class='ocrx_word' id='word_1_327' title='bbox 883 2508 1066 2555; x_wconf 86' lang='lat' dir='ltr'><strong>ipsumque</strong></span> <span class='ocrx_word' id='word_1_328' title='bbox 1088 2509 1287 2554; x_wconf 74' lang='lat' dir='ltr'><strong>Hyrcanum</strong></span> <span class='ocrx_word' id='word_1_329' title='bbox 1314 2509 1350 2543; x_wconf 90' lang='lat' dir='ltr'><strong>in</strong></span> <span class='ocrx_word' id='word_1_330' title='bbox 1378 2513 1583 2553; x_wconf 81' lang='lat' dir='ltr'><strong>potestatem</strong></span> 
     </span>
     <span class='ocr_line' id='line_1_38' title="bbox 92 2553 1581 2601; baseline 0 -13"><span class='ocrx_word' id='word_1_331' title='bbox 92 2554 246 2599; x_wconf 82' lang='lat' dir='ltr'><strong>egisset,</strong></span> <span class='ocrx_word' id='word_1_332' title='bbox 271 2553 337 2588; x_wconf 84' lang='lat' dir='ltr'><strong>nisi</strong></span> <span class='ocrx_word' id='word_1_333' title='bbox 359 2554 534 2588; x_wconf 82' lang='lat' dir='ltr'><strong>Gabinius</strong></span> <span class='ocrx_word' id='word_1_334' title='bbox 553 2554 679 2588; x_wconf 78' lang='lat' dir='ltr'><strong>Scauri</strong></span> <span class='ocrx_word' id='word_1_335' title='bbox 703 2566 884 2590; x_wconf 85' lang='lat' dir='ltr'><strong>successor</strong></span> <span class='ocrx_word' id='word_1_336' title='bbox 909 2555 945 2590; x_wconf 86' lang='lat' dir='ltr'><strong>in</strong></span> <span class='ocrx_word' id='word_1_337' title='bbox 962 2555 1098 2601; x_wconf 82' lang='lat' dir='ltr'><strong>Syriam</strong></span> <span class='ocrx_word' id='word_1_338' title='bbox 1121 2555 1267 2598; x_wconf 85' lang='lat' dir='ltr'><strong>missus,</strong></span> <span class='ocrx_word' id='word_1_339' title='bbox 1291 2555 1413 2590; x_wconf 88' lang='lat' dir='ltr'><strong>Marco</strong></span> <span class='ocrx_word' id='word_1_340' title='bbox 1432 2553 1581 2589; x_wconf 84' lang='lat' dir='ltr'><strong>Antonio</strong></span> 
     </span>
     <span class='ocr_line' id='line_1_39' title="bbox 91 2599 1583 2648; baseline -0.001 -13"><span class='ocrx_word' id='word_1_341' title='bbox 91 2611 169 2635; x_wconf 79' lang='lat' dir='ltr'><strong>cum</strong></span> <span class='ocrx_word' id='word_1_342' title='bbox 193 2600 331 2636; x_wconf 74' lang='lat' dir='ltr'><strong>velitum</strong></span> <span class='ocrx_word' id='word_1_343' title='bbox 348 2601 459 2646; x_wconf 85' lang='lat' dir='ltr'><strong>copiis</strong></span> <span class='ocrx_word' id='word_1_344' title='bbox 480 2606 750 2647; x_wconf 74' lang='lat' dir='ltr'><strong>praecurrente,</strong></span> <span class='ocrx_word' id='word_1_345' title='bbox 771 2602 851 2648; x_wconf 78' lang='lat' dir='ltr'><strong>ipse</strong></span> <span class='ocrx_word' id='word_1_346' title='bbox 877 2601 1065 2637; x_wconf 80' lang='lat' dir='ltr'><strong>robustiori</strong></span> <span class='ocrx_word' id='word_1_347' title='bbox 1085 2603 1244 2637; x_wconf 85' lang='lat' dir='ltr'><strong>exercitu</strong></span> <span class='ocrx_word' id='word_1_348' title='bbox 1269 2602 1399 2636; x_wconf 85' lang='lat' dir='ltr'><strong>bostem</strong></span> <span class='ocrx_word' id='word_1_349' title='bbox 1423 2599 1583 2634; x_wconf 76' lang='lat' dir='ltr'><strong>attrivis-</strong></span> 
     </span>
     <span class='ocr_line' id='line_1_40' title="bbox 92 2646 1581 2695; baseline -0.001 -14"><span class='ocrx_word' id='word_1_350' title='bbox 92 2649 158 2681; x_wconf 82' lang='lat' dir='ltr'><strong>set.</strong></span> <span class='ocrx_word' id='word_1_351' title='bbox 207 2647 348 2682; x_wconf 72' lang='lat' dir='ltr'><strong>Antonii</strong></span> <span class='ocrx_word' id='word_1_352' title='bbox 363 2659 448 2682; x_wconf 85' lang='lat' dir='ltr'><strong>vero</strong></span> <span class='ocrx_word' id='word_1_353' title='bbox 470 2654 507 2682; x_wconf 86' lang='lat' dir='ltr'><strong>et</strong></span> <span class='ocrx_word' id='word_1_354' title='bbox 525 2647 700 2693; x_wconf 83' lang='lat' dir='ltr'><strong>Antipatri</strong></span> <span class='ocrx_word' id='word_1_355' title='bbox 725 2659 800 2683; x_wconf 92' lang='lat' dir='ltr'><strong>eum</strong></span> <span class='ocrx_word' id='word_1_356' title='bbox 817 2648 975 2695; x_wconf 84' lang='lat' dir='ltr'><strong>sequuti,</strong></span> <span class='ocrx_word' id='word_1_357' title='bbox 998 2648 1271 2694; x_wconf 85' lang='lat' dir='ltr'><strong>Iudaeorumque</strong></span> <span class='ocrx_word' id='word_1_358' title='bbox 1286 2646 1443 2693; x_wconf 79' lang='lat' dir='ltr'><strong>Hyrcani</strong></span> <span class='ocrx_word' id='word_1_359' title='bbox 1462 2649 1581 2691; x_wconf 85' lang='lat' dir='ltr'><strong>partes</strong></span> 
     </span>
     <span class='ocr_line' id='line_1_41' title="bbox 91 2692 1580 2738; baseline -0.001 -11"><span class='ocrx_word' id='word_1_360' title='bbox 91 2693 260 2729; x_wconf 83' lang='lat' dir='ltr'><strong>tuentium</strong></span> <span class='ocrx_word' id='word_1_361' title='bbox 277 2706 344 2729; x_wconf 92' lang='lat' dir='ltr'><strong>non</strong></span> <span class='ocrx_word' id='word_1_362' title='bbox 364 2695 480 2730; x_wconf 79' lang='lat' dir='ltr'><strong>ferens</strong></span> <span class='ocrx_word' id='word_1_363' title='bbox 499 2694 659 2730; x_wconf 88' lang='lat' dir='ltr'><strong>incursus</strong></span> <span class='ocrx_word' id='word_1_364' title='bbox 668 2695 884 2738; x_wconf 82' lang='lat' dir='ltr'><strong>Alexander,</strong></span> <span class='ocrx_word' id='word_1_365' title='bbox 906 2708 952 2731; x_wconf 86' lang='lat' dir='ltr'><strong>ex</strong></span> <span class='ocrx_word' id='word_1_366' title='bbox 969 2696 1042 2731; x_wconf 89' lang='lat' dir='ltr'><strong>suis</strong></span> <span class='ocrx_word' id='word_1_367' title='bbox 1055 2695 1195 2731; x_wconf 81' lang='lat' dir='ltr'><strong>Antonii</strong></span> <span class='ocrx_word' id='word_1_368' title='bbox 1211 2695 1341 2729; x_wconf 85' lang='lat' dir='ltr'><strong>virtute</strong></span> <span class='ocrx_word' id='word_1_369' title='bbox 1358 2694 1402 2728; x_wconf 92' lang='lat' dir='ltr'><strong>ad</strong></span> <span class='ocrx_word' id='word_1_370' title='bbox 1420 2704 1482 2727; x_wconf 85' lang='lat' dir='ltr'><strong>sex</strong></span> <span class='ocrx_word' id='word_1_371' title='bbox 1503 2692 1580 2726; x_wconf 88' lang='lat' dir='ltr'><strong>mil-</strong></span> 
     </span>
     <span class='ocr_line' id='line_1_42' title="bbox 90 2739 1581 2789; baseline -0.001 -15"><span class='ocrx_word' id='word_1_372' title='bbox 90 2739 141 2774; x_wconf 82' lang='lat' dir='ltr'><strong>lia</strong></span> <span class='ocrx_word' id='word_1_373' title='bbox 169 2739 377 2775; x_wconf 83' lang='lat' dir='ltr'><strong>desideratis</strong></span> <span class='ocrx_word' id='word_1_374' title='bbox 397 2741 615 2776; x_wconf 82' lang='lat' dir='ltr'><strong>Hierusalem</strong></span> <span class='ocrx_word' id='word_1_375' title='bbox 638 2742 794 2788; x_wconf 56' lang='lat' dir='ltr'><strong>fugamo</strong></span> <span class='ocrx_word' id='word_1_376' title='bbox 819 2742 958 2789; x_wconf 77' lang='lat' dir='ltr'><strong>recipit.</strong></span> <span class='ocrx_word' id='word_1_377' title='bbox 1003 2743 1133 2777; x_wconf 89' lang='lat' dir='ltr'><strong>Iterum</strong></span> <span class='ocrx_word' id='word_1_378' title='bbox 1160 2742 1258 2776; x_wconf 87' lang='lat' dir='ltr'><strong>velut</strong></span> <span class='ocrx_word' id='word_1_379' title='bbox 1281 2741 1350 2775; x_wconf 88' lang='lat' dir='ltr'><strong>iam</strong></span> <span class='ocrx_word' id='word_1_380' title='bbox 1379 2740 1581 2785; x_wconf 83' lang='lat' dir='ltr'><strong>frequenter</strong></span> 
     </span>
     <span class='ocr_line' id='line_1_43' title="bbox 89 2785 1580 2837; baseline -0.001 -17"><span class='ocrx_word' id='word_1_381' title='bbox 89 2785 293 2831; x_wconf 83' lang='lat' dir='ltr'><strong>Hyrcanum</strong></span> <span class='ocrx_word' id='word_1_382' title='bbox 310 2787 346 2822; x_wconf 90' lang='lat' dir='ltr'><strong>in</strong></span> <span class='ocrx_word' id='word_1_383' title='bbox 365 2788 573 2835; x_wconf 82' lang='lat' dir='ltr'><strong>pontificatu</strong></span> <span class='ocrx_word' id='word_1_384' title='bbox 582 2789 770 2836; x_wconf 20' lang='lat' dir='ltr'><strong>*confirmat</strong></span> <span class='ocrx_word' id='word_1_385' title='bbox 786 2789 992 2837; x_wconf 85' lang='lat' dir='ltr'><strong>Pompeius3</strong></span> <span class='ocrx_word' id='word_1_386' title='bbox 1015 2789 1175 2834; x_wconf 86' lang='lat' dir='ltr'><strong>idemque</strong></span> <span class='ocrx_word' id='word_1_387' title='bbox 1194 2787 1342 2822; x_wconf 87' lang='lat' dir='ltr'><strong>Iudaeos</strong></span> <span class='ocrx_word' id='word_1_388' title='bbox 1359 2786 1451 2820; x_wconf 87' lang='lat' dir='ltr'><strong>inter</strong></span> <span class='ocrx_word' id='word_1_389' title='bbox 1468 2785 1580 2820; x_wconf 79' lang='lat' dir='ltr'><strong>vecti-</strong></span> 
     </span>
     <span class='ocr_line' id='line_1_44' title="bbox 88 2832 1580 2882; baseline 0.001 -15"><span class='ocrx_word' id='word_1_390' title='bbox 88 2833 189 2877; x_wconf 71' lang='lat' dir='ltr'><strong>galea</strong></span> <span class='ocrx_word' id='word_1_391' title='bbox 216 2834 363 2879; x_wconf 88' lang='lat' dir='ltr'><strong>populos</strong></span> <span class='ocrx_word' id='word_1_392' title='bbox 390 2840 573 2878; x_wconf 79' lang='lat' dir='ltr'><strong>recenset3</strong></span> <span class='ocrx_word' id='word_1_393' title='bbox 596 2839 634 2870; x_wconf 88' lang='lat' dir='ltr'><strong>et</strong></span> <span class='ocrx_word' id='word_1_394' title='bbox 649 2836 870 2882; x_wconf 79' lang='lat' dir='ltr'><strong>Antipatrum</strong></span> <span class='ocrx_word' id='word_1_395' title='bbox 893 2836 1046 2872; x_wconf 81' lang='lat' dir='ltr'><strong>Herodis</strong></span> <span class='ocrx_word' id='word_1_396' title='bbox 1069 2835 1175 2870; x_wconf 88' lang='lat' dir='ltr'><strong>filium</strong></span> <span class='ocrx_word' id='word_1_397' title='bbox 1206 2838 1243 2869; x_wconf 88' lang='lat' dir='ltr'><strong>et</strong></span> <span class='ocrx_word' id='word_1_398' title='bbox 1264 2833 1410 2869; x_wconf 84' lang='lat' dir='ltr'><strong>alterius</strong></span> <span class='ocrx_word' id='word_1_399' title='bbox 1427 2832 1580 2869; x_wconf 86' lang='lat' dir='ltr'><strong>Herodis</strong></span> 
     </span>
     <span class='ocr_line' id='line_1_45' title="bbox 90 2881 957 2929; baseline 0.006 -14"><span class='ocrx_word' id='word_1_400' title='bbox 90 2884 226 2925; x_wconf 81' lang='lat' dir='ltr'><strong>patrem</strong></span> <span class='ocrx_word' id='word_1_401' title='bbox 248 2881 471 2919; x_wconf 78' lang='lat' dir='ltr'><strong>Palaestinae</strong></span> <span class='ocrx_word' id='word_1_402' title='bbox 485 2887 744 2929; x_wconf 79' lang='lat' dir='ltr'><strong>procuratorem</strong></span> <span class='ocrx_word' id='word_1_403' title='bbox 762 2882 957 2920; x_wconf 81' lang='lat' dir='ltr'><strong>constituit.</strong></span> 
     </span>
    </p>
   </div>
  </div>
 </body>
</html>
