1800 3236
516 193 1081 271 CHRONOGRAPHIA.
1533 217 1603 268 95
1643 262 1651 269 ,

77 338 208 385 αὗτόν
233 335 394 399 τρόπον
425 337 495 382 καὶ
523 337 568 382 ἓν
589 341 644 396 τῇ
673 333 1133 395 συγχύσειίδιασπαρέν
1151 330 1526 393 κατεκληρώσαντο
1555 335 1602 380 αἱ

77 409 146 467 οβ’
177 410 314 470 φυλαί
342 427 387 454 τε
414 410 485 452 καὶ
518 412 727 466 γλῶσσαι,
766 409 803 451 εἴ
834 407 906 450 καὶ
938 405 1047 461 μετὰ
1068 409 1204 448 ταῦτα
1225 403 1336 449 κατά
1360 423 1477 457 τινας
1498 415 1637 451 και-Β

79 481 183 541 ροῦς
212 481 533 541 »ἀπῳκίσθησαν
570 478 692 523 ἄλλοι
731 477 919 533 ἀλλαχοῦ
951 476 1151 531 πολέμοις
1183 477 1253 519 καὶ
1291 476 1600 532 αἰχμαλωσίαις

80 554 151 596 καὶ
172 559 268 603 ταῖς
286 550 384 595 κατ’
413 548 608 606 ἀλλήλων
629 550 883 600 πλεονεξίαις
902 548 971 590 καὶ
994 548 1236 605 τυραννίσιν
1253 545 1416 604 ἀλόγως
1429 546 1598 606 χρησά-

53 629 225 679 5μενοι·
262 623 356 680 περὶ
388 613 448 665 ὧν
478 615 739 678 ἐντυγχάνων
764 636 828 670 τις
857 625 951 669 ταῖς
977 615 1277 668 θεοπνεύστοις
1305 622 1476 677 πρῶτον
1494 636 1602 677 γρα-

80 700 207 752 φαῖς,
245 691 388 736 ἔπειτα
419 691 466 734 δὲ
492 694 562 735 καὶ
599 699 693 742 ταῖς
716 690 968 739 Ἰουδαῒκαῖς
995 689 1065 731 καὶ
1093 686 1354 745 Ἑλληνικαῖς
1371 690 1439 732 καὶ
1460 691 1601 747 Αἷγυ-
1654 702 1658 706 ’

79 762 329 820 πτιακαΐςῆ
359 763 629 813 Χαλδαϊκαῖς
650 762 856 819 ἱστορίαις
878 759 1056 812 εἴσεται,
1097 761 1132 802 εἶ
1156 761 1225 802 καὶ
1243 762 1304 815 μὴ
1332 759 1376 803 ἓν
1398 764 1500 803 πᾶσι
1515 760 1602 817 χρὴ
1625 756 1629 759 “

80 842 176 886 ταῖς
205 838 293 878 τῶν
329 833 596 877 ἀλλοπίστων
627 837 891 889 συγγραφαῖς
925 830 1128 883 ἕπεσθαι,
1166 827 1354 885 μάλιστα
1393 831 1441 875 δὲ
1469 831 1514 874 ἓν
1540 828 1605 883 οἷς

80 906 175 964 περὶ
195 907 429 955 πολυθεΐας
450 906 518 947 καὶ
541 904 724 961 ἀπείρων
746 903 852 945 ἐτῶν
877 900 1033 958 γένεσιν
1057 898 1219 955 κόσμου
1253 898 1477 959 εἲσάγουσι.
1527 901 1606 961 φέ-

26 984 73 1020 10
85 994 200 1035 ρεται
229 975 312 1034 γὰρ
330 974 439 1033 παρ’
463 975 716 1032 Αἰγυπτίοις
743 969 926 1015 παλαιόν
944 987 985 1015 τι
998 979 1332 1029 χρονογραφεῖον
1343 1005 1358 1026 ,
1397 972 1442 1024 ἐξ
1461 965 1512 1016 οὗ
1533 973 1604 1016 καὶ

81 1046 159 1091 τὸν
188 1049 393 1090 Munatii
433 1048 733 1101 πεπλανῆσθαι
766 1043 941 1098 νομίζω,
979 1031 1168 1100 περιέχον
1197 1040 1235 1085 λ’
1267 1044 1524 1086 δυναστειῶν
1556 1044 1644 1087 ἔνθ

83 1124 241 1175 γενεαῖς
270 1114 397 1161 πάλιν
416 1114 494 1175 ριγ’
511 1113 669 1174 χρόνον
687 1114 886 1172 ἄπειρον,
928 1109 1016 1174 [καὶ
1040 1112 1089 1156 οὗ
1114 1112 1189 1157 τὸν
1208 1112 1339 1157 αὐτὸν
1362 1113 1436 1157 τὸν
1453 1117 1606 1158 lilan-

82 1185 174 1250 θῶ]
189 1189 239 1232 »ἐν
259 1184 434 1246 μυριάσι
453 1188 562 1246 τρισὶ
586 1187 654 1230 καὶ
678 1182 822 1246 Ιςφκέ,
862 1188 1032 1242 πρῶτον
1051 1183 1129 1239 μὲν
1151 1187 1236 1228 τῶν
1251 1184 1469 1241 Αὖριτῶν,
1507 1183 1605 1229 δεύ-

83 1255 207 1317 τερον
233 1259 281 1302 δὲ
315 1250 402 1302 τ’ῶν
422 1258 684 1317 Μεστραίων
694 1290 709 1312 ,
748 1257 892 1315 τρίτον
911 1255 959 1299 δὲ
975 1256 1228 1313 Αἰγυπτίων
1238 1289 1254 1311 ,
1295 1254 1408 1300 οὕτω
1428 1273 1518 1308 πως
1538 1257 1605 1301 ἐπὶ

26 1341 72 1379 15
84 1330 231 1383 λέξεως
251 1329 359 1386 ἴχον.

312 1429 440 1474 Θεῶν
468 1426 674 1488 βασιλεία
701 1424 815 1472 κατὰ
843 1423 897 1471 τὸ
928 1421 1124 1471 παλαιὸν
1151 1423 1380 1483 χρονικόν.

184 1512 424 1575 Ἡφαίστου
450 1513 607 1573 χρόνος
637 1514 714 1564 οὒκ
744 1513 830 1558 ἔστι
868 1513 938 1558 διὰ
959 1512 1007 1557 τὸ
1030 1513 1182 1564 νυκτὸς
1198 1515 1270 1557 καὶ
1296 1511 1458 1571 ἡμέρας
1477 1512 1607 1558 αῧτόν

84 1587 259 1646 φαίνειν.
309 1586 460 1639 “Ham
479 1585 735 1645 “Htpaa'otov
777 1585 1047 1640 ἐβασίλευσεν
1090 1585 1196 1628 ἐτῶν
1223 1582 1439 1641 μυριάδας
1479 1592 1603 1644 τρεῖς.

86 1657 227 1702 ἔπειτα
248 1655 443 1716 Κρόνος,
483 1659 587 1716 φησὶ
597 1690 613 1711 ,
652 1657 722 1700 καὶ
743 1655 783 1699 οἳ
809 1655 947 1699 λοιποὶ
971 1652 1124 1707 πάντες
1148 1656 1243 1699 θεοὶ
1266 1653 1430 1700 δώδεκα
1457 1656 1604 1711 ἔβασί-
1627 1663 1673 1700 V.
1696 1661 1743 1699 41

180 1748 215 1783 1.
249 1746 517 1791 διασπαρεῖσαι
549 1756 596 1781 m.
703 1744 738 1781 3.
769 1741 1048 1790 ἀπῳκίσθησαν
1072 1755 1118 1779 m.
1154 1740 1440 1791 ἆποιιιίσθησαν
1462 1744 1512 1781 G.

179 1794 216 1829 7.
240 1790 267 1841 ἢ
294 1795 339 1829 Α.
364 1794 429 1830 καὶ
452 1794 503 1829 G.
598 1791 753 1836 εἴσεται]
779 1792 894 1837 Vulgo
916 1791 1048 1828 ἴσεται.
1145 1794 1205 1830 10.
1235 1790 1330 1839 παρ’
1361 1792 1442 1827 add.
1467 1796 1510 1828 Α.

181 1843 238 1878 12.
262 1840 408 1888 χρόνον
426 1839 586 1886 ἄπειρον
601 1852 646 1875 m.
670 1838 819 1886 χρόνων
844 1839 1016 1885 ἀπείρων
1045 1839 1096 1874 G.
1191 1840 1258 1877 καὶ
1277 1861 1324 1868 —
1342 1841 1520 1877 Μανεθῶ
1540 1839 1608 1876 de-

179 1889 232 1925 let
250 1901 298 1925 m.
394 1890 451 1927 13.
476 1888 543 1925 οἱσι
560 1887 675 1934 τρισὶ]
700 1886 833 1934 Incipit
847 1887 891 1922 B.
928 1886 1065 1922 Dehinc
1093 1886 1156 1922 ubi
1177 1887 1291 1923 Goari
1319 1900 1443 1923 nomen
1472 1889 1607 1935 simpli-

181 1937 326 1984 pliciter
342 1949 454 1984 pono,
487 1942 635 1983 recepta
658 1936 841 1982 scriptura
865 1934 1001 1970 codicis
1031 1934 1216 1981 utriusque
1235 1936 1417 1971 consensui
1443 1935 1604 1971 debetur.

183 1986 240 2022 15.
266 1984 413 2031 λέξεως]
437 1983 572 2030 λέξεων
596 1984 641 2019 Α.
735 1984 794 2021 16.
818 1979 863 2018 τὸ
885 1993 952 2018 om.
977 1985 1028 2019 G.
1123 1985 1181 2020 17.
1205 1981 1341 2031 αὐτὸν]
1370 1981 1501 2021 αὐτῶν
1523 1985 1569 2020 Β.

85 2055 183 2091 iussu
203 2055 448 2099 distributum,
474 2054 597 2091 eodem
627 2065 768 2101 quoque
787 2056 891 2100 pacto
918 2052 954 2088 in
974 2052 1171 2099 linguarum
1190 2054 1395 2090 confusione
1415 2055 1482 2091 sibi
1502 2054 1607 2091 attri-

85 2104 206 2139 butum
223 2105 272 2141 72
301 2104 415 2139 tribus
438 2107 476 2138 et
496 2103 658 2148 linguae,
685 2101 789 2148 quasi
810 2112 832 2135 a
848 2100 1041 2135 maioribus
1064 2107 1211 2147 accepto
1232 2103 1331 2146 iure,
1357 2103 1608 2150 possidendum

86 2151 274 2187 adierunt:
298 2151 460 2198 quamvis
487 2150 656 2197 deinceps
670 2156 866 2196 temporum
885 2147 1106 2190 intervallis,
1131 2149 1220 2184 bello
1235 2162 1479 2198 nonnunquam
1501 2156 1607 2192 moto,

87 2198 138 2241 vi,
160 2198 296 2245 rapinis
314 2204 352 2233 et
371 2197 652 2244 grassationibus
672 2197 709 2231 in
728 2196 878 2231 invicem
897 2195 1134 2242 irrumpentes
1158 2197 1300 2243 quidam
1318 2199 1356 2234 in
1376 2204 1518 2235 exteras
1537 2198 1608 2233 sibi

86 2246 251 2292 regiones
287 2246 424 2294 captivi
459 2246 595 2280 fuerint
619 2243 786 2286 abducti;
821 2242 859 2278 in
889 2254 1033 2289 quorum
1056 2243 1216 2280 notitiam
1243 2246 1382 2290 veniet,
1414 2246 1476 2294 qui
1497 2245 1607 2293 primo

86 2294 286 2340 scripturas
312 2305 335 2328 a
354 2293 421 2328 deo
450 2292 647 2335 revelatas,
672 2298 745 2326 tum
771 2290 957 2333 Iudaicas,
982 2290 1163 2334 Graeca-⁴3,
1187 2294 1426 2340 Aegyptiacas
1446 2301 1482 2329 et
1498 2293 1608 2329 Chal-

86 2341 210 2375 daicas
232 2341 400 2376 historias
430 2340 595 2383 evolvet3
620 2338 779 2387 quamvis
808 2337 1001 2372 infidelium
1026 2337 1182 2385 scripta,
1217 2342 1278 2377 ubi
1299 2342 1446 2378 maxime
1465 2341 1608 2377 deorum

87 2388 316 2434 multiplicem
339 2399 515 2424 numerum
542 2392 579 2422 et
603 2387 757 2422 infinitos
778 2397 889 2420 annos
910 2385 1006 2420 circa
1025 2386 1144 2421 mundi
1163 2388 1325 2424 natalitia
1342 2389 1607 2425 comminiscun-

86 2440 171 2478 tur,
206 2436 335 2471 nullam
360 2441 560 2471 mereantur
585 2434 702 2470 fidem.
750 2433 863 2485 Vct-us
888 2432 977 2468 enim
1009 2434 1177 2478 quaedam
1197 2436 1511 2483 chronographica
1543 2437 1608 2472 ‹le-

88 2482 237 2530 scriptio
255 2483 370 2519 fertur
390 2483 484 2530 apud
506 2482 715 2528 Aegyptios.
746 2491 819 2527 qua
837 2480 1083 2515 manetho-iem
1101 2482 1138 2517 in
1155 2495 1307 2519 errorem
1323 2485 1511 2519 abductum
1530 2484 1607 2519 exi-

88 2530 216 2573 stimo,
240 2542 400 2578 quaeque
426 2530 579 2576 triginta
607 2528 868 2576 principatuum
895 2538 959 2573 per
999 2530 1263 2574 generationum
1294 2533 1361 2568 113
1389 2531 1514 2567 seriem
1543 2532 1610 2566 im-

87 2589 206 2613 menso
233 2578 383 2625 quodam
403 2576 571 2624 temporis
590 2576 919 2628 spatiovauuorum
935 2573 1103 2611 videlicet
1119 2579 1312 2625 myriadum
1337 2580 1441 2614 trium
1459 2584 1496 2614 et
1513 2578 1607 2615 6525

87 2625 372 2660 distributionem
403 2624 670 2671 complectitur,
702 2635 746 2658 ac
774 2621 887 2669 primo
912 2622 1054 2668 quidem
1083 2625 1306 2668 Antiatum,
1346 2626 1498 2662 secundo
1528 2626 1608 2662 Me-

88 2677 285 2709 straeorum
304 2685 348 2708 ac
366 2673 502 2709 demum
520 2671 776 2719 Aegyptiorum
794 2670 1030 2706 narrationem
1048 2671 1114 2708 hoc
1132 2674 1211 2709 fere
1230 2674 1333 2711 modo
1354 2673 1517 2710 instituit.

609 2755 850 2796 DEORUM·
867 2756 1093 2797 REGNUM

560 2815 676 2855 iuxta
728 2822 850 2856 vetus
900 2815 1146 2858 chronicon.

183 2880 337 2918 Vulcani
365 2887 521 2930 tempus,
545 2883 638 2930 quod
667 2883 821 2919 interdiu
850 2888 1027 2931 noctuque
1053 2887 1246 2930 appareat,
1270 2883 1365 2920 hand
1392 2882 1605 2930 assignatur.

89 2927 165 2970 Sol,
182 2928 331 2964 Vulcani
348 2931 454 2974 filius,
478 2931 694 2977 myriadibus
714 2943 880 2966 annorum
897 2931 1012 2966 tribus
1034 2933 1221 2977 regnavit,
1244 2938 1316 2967 tum
1338 2933 1526 2974 Saturnus,
1551 2931 1608 2965 in·-

89 2975 169 3022 quit
181 3001 193 3018 ,
215 2988 258 3012 ac
277 2977 403 3026 reliqui
433 2979 620 3014 duodecim
647 2979 698 3014 dii
716 2990 862 3026 regnum
880 2984 1070 3015 tenuerunt
1089 2980 1190 3016 anuis
1217 2979 1336 3024 39843
1360 2978 1487 3015 deinde
1503 2978 1609 3015 semi-
