1800 3236
211 151 314 203 458
678 162 930 209 GEORGII
958 161 1243 211 SYNCELLI

215 278 318 327 ξατο
349 274 410 334 τῷ
428 276 542 335 θεῷ,
581 274 617 318 εἷ
643 271 886 330 βασιλεύσοι
915 278 1120 333 Περσῶν,
1158 274 1362 334 ἀνεγεῖραι
1385 274 1460 321 τόν
1481 274 1724 334 ἔν’Ἱεροσο-

177 343 368 401 Βλῦμοις
399 344 502 389 νεὼν
532 346 602 388 καὶ
633 342 772 389 πάντα
803 345 858 389 τὰ
887 345 1103 391 Ἰουδαίων
1137 345 1369 391 ἀποδοῦναι
1409 347 1501 406 ἱερὰ
1530 347 1608 393 σὺν
1637 356 1726 400 τοῖς

215 412 497 472 αἰχμαλώτοις
522 416 592 458 καὶ
620 413 843 475 πατρῴοις
861 414 991 461 ἔθεσι.
1028 414 1191 461 τούτων
1219 422 1303 462 τῶν
1322 416 1454 474 εὐχῶν
1474 417 1726 477 Ζοροβάβελ

215 485 238 531 ὅ
270 490 348 531 τοῦ
378 485 605 542 Σαλαθιὴλ
637 485 848 543 ἀκουστὴς
869 488 940 530 καὶ
959 483 1201 543 σύμβουλος
1220 488 1335 548 αὐτῷ
1360 486 1527 546 γεγόνει.
1567 489 1632 534 διὸ
1658 491 1727 534 καὶ

212 556 420 614 ἀνέμνησε
440 553 634 612 συνήθης
647 554 705 600 ὢν
722 558 791 600 καὶ
811 556 894 615 πρὸ
914 561 992 614 τῆς
1006 559 1235 615 βασιλείας.
1259 562 1406 618 Κῦρος
1423 560 1500 615 μὲν
1518 559 1596 618 τὴν
1609 558 1757 619 noui-5

212 646 290 684 την
315 626 533 677 Ἰουδαίοις
563 624 795 684 ἀνάκλησιν
821 628 890 671 ἐπὶ
920 628 976 672 τὰ
1008 629 1192 689 σφέτερα
1223 627 1547 689 προσεφώνησεν
1575 631 1622 674 ἐκ
1650 635 1729 688 τῆς

212 696 296 742 ὑπὸ
326 694 724 756 Ναβουχοδονόσωρ
757 699 1071 755 αἰχμαλωσίας,
1110 696 1266 760 πρώτῳ
1293 699 1373 745 ἔτει
1403 705 1480 758 τῆς
1510 703 1728 758 βασιλείας

212 768 361 822 αὐτοῦ,
401 766 786 826 φιλοτιμησάμενος
806 768 897 826 ἅμα
914 772 984 814 καὶ
1002 770 1056 814 τὰ
1076 770 1183 828 πρὸς
1203 770 1432 828 οἷκοδομὴν
1452 773 1522 816 καὶ
1543 772 1618 816 τὸν
1637 777 1728 816 Ζο-

213 836 400 898 ροβάβελ
412 837 504 882 υἱὸν
516 842 592 882 τοῦ
606 839 834 897 Σαλαθιὴλ
853 841 950 885 υἱοῦ
963 841 1156 898 Ἰεχονίου
1179 841 1274 885 υἱοῦ
1298 845 1375 886 τοῦ
1394 841 1583 898 Ἰωακεὶμ
1600 847 1728 898 βασι-

211 910 316 962 λέως
334 906 476 953 Ἰούδα
509 906 567 960 ὥς
589 909 634 953 ἔκ
650 914 873 966 βασιλικοῦ
891 911 1034 970 γένους
1054 916 1131 957 τοῦ
1147 910 1287 956 Ἰούδα
1306 910 1504 971 ἡγεῖσθαι
1523 918 1601 972 τῆς
1626 911 1728 958 ἀνό-
1740 918 1787 953 10

174 983 294 1025 Οδου
350 976 634 1037 συνεχώρησε,
683 979 1010 1040 συνεξάρχοντος
1067 982 1184 1043 αὐτῷ
1229 984 1299 1028 καὶ
1360 982 1730 1042 ἄρχιερατεῦοντος

208 1052 347 1109 Ἰησοῦ
382 1051 476 1095 υἱοῦ
494 1050 703 1095 Ἰωσεδέκ·
740 1053 848 1096 καθ’
871 1052 918 1097 ὃν
935 1050 1092 1111 χρόνον
1117 1059 1202 1098 τῶν
1224 1054 1433 1110 θεμελίων
1457 1052 1729 1113 ὑποβληθέν-

211 1140 298 1167 των
320 1126 396 1166 τοῦ
420 1125 525 1166 ναοῦ
544 1123 614 1165 καὶ
632 1127 709 1166 τοῦ
731 1126 1041 1182 θυσιαστηρίου
1065 1124 1215 1183 εἴρχθη
1241 1122 1268 1181 ἦ
1288 1124 1490 1182 οἰκοδομὴ
1514 1130 1591 1169 τοῦ
1615 1127 1728 1184 ἱεροῦ

214 1193 260 1238 ἐν
286 1191 561 1251 Ἰερουσαλὴμ
590 1192 668 1245 ἕως
696 1198 773 1238 τοῦ
808 1195 1003 1254 δευτέρου
1038 1194 1157 1247 ἔτους
1187 1199 1264 1253 τῆς
1284 1196 1503 1252 βασιλείας
1523 1198 1726 1256 Δαρείου,

217 1262 276 1316 ατς
295 1265 339 1308 ἓν
357 1262 589 1323 τῷἼῖσδρα
606 1264 846 1322 γέγραπται.
1740 1272 1786 1308 15

312 1333 408 1380 ’Ότι
435 1334 479 1378 ἐν
512 1340 601 1385 τοῖς
623 1333 790 1393 χρόνοις
819 1338 896 1380 τοῦ
922 1333 1195 1394 Ἀρταξέρξου
1222 1340 1299 1381 τοῦ
1321 1339 1504 1395 Περσῶν
1522 1335 1730 1390 βασιλέως

217 1405 491 1464 κατέγραψαν
521 1403 629 1448 κατὰ
660 1410 744 1450 τῶν
762 1404 1070 1451 κατοικούντων
1091 1408 1134 1451 ἐν
1154 1411 1207 1466 τῇ
1224 1407 1408 1469 Ἰουδαίᾳ
1431 1408 1499 1450 καὶ
1517 1405 1725 1465 Ἰερουσα-

216 1476 303 1534 λὴμ
334 1474 567 1531 Βάλσαμος
595 1477 664 1520 καὶ
684 1474 967 1535 Μιθριδάτης
989 1479 1058 1521 καὶ
1084 1479 1317 1534 Ταβέλλιος
1337 1480 1406 1521 καὶ
1425 1475 1641 1534 Ῥάθυμος
1660 1481 1730 1522 καὶ

214 1547 484 1602 Βεέλτεθμος
510 1548 580 1590 καὶ
601 1545 816 1603 Ῥαμέλιος
851 1548 892 1591 οἱ
921 1556 1181 1606 γραμματεῖς
1200 1551 1269 1592 καὶ
1290 1549 1332 1593 οἱ
1350 1550 1486 1593 λοιποὶ
1507 1548 1547 1592 οἱ
1565 1547 1731 1601 τούτοις

215 1614 546 1673 συντασσόμενοι
558 1651 572 1672 ,
611 1620 823 1670 οἰκοῦντες
855 1619 900 1662 δὲ
919 1619 963 1661 ἐν
981 1621 1201 1682 Σαμαρείᾳ
1225 1621 1293 1663 καὶ
1314 1627 1404 1671 τοῖς
1423 1618 1566 1671 ἄλλοις
1583 1617 1788 1672 τόποις20

311 1711 345 1746 1.
371 1703 574 1752 ἀνεγεῖραι]
600 1703 792 1753 ἀργυροῦν
812 1709 860 1744 G.
955 1708 990 1742 2.
1010 1708 1106 1743 νεῶν
1125 1708 1167 1743 Β.
1187 1707 1284 1746 ναόν
1296 1708 1345 1746 G.
1439 1706 1476 1745 4.
1502 1706 1663 1756 ἐγεγόνει
1680 1710 1729 1746 G.

308 1758 346 1792 6.
377 1753 675 1802 προσεφώνησεν
703 1757 748 1791 Β.
782 1751 1052 1802 προεφώνησεν
1083 1757 1132 1793 G.
1272 1759 1307 1794 9.
1340 1757 1514 1802 ἰεχωνίου
1548 1758 1621 1792 ΑΒ.

312 1806 370 1840 10.
406 1799 471 1847 ὥς]
502 1800 544 1844 ὃς
567 1803 610 1838 Α.
751 1806 806 1840 12.
831 1805 904 1841 τοῦ
927 1803 1017 1840 υἱοῦ
1042 1803 1085 1838 Β.
1216 1804 1274 1841 13.
1306 1803 1462 1851 εἴρχθη]
1498 1801 1625 1851 ἥρχθη
1653 1805 1729 1841 ΑΒ.

311 1847 416 1896 ἤχθη
443 1851 491 1885 G.
526 1850 629 1887 Cous.
658 1863 695 1897 p.
721 1852 790 1888 235
821 1852 856 1889 b.
889 1851 987 1887 Infra
1021 1862 1056 1897 p.
1083 1848 1155 1888 242
1183 1862 1216 1887 a.
1243 1854 1298 1886 est
1325 1851 1430 1898 ἤργει
1460 1863 1503 1886 ex
1532 1852 1670 1888 Esdrae
1699 1853 1729 1887 1.

308 1900 356 1940 2,
378 1898 437 1934 25.
559 1900 615 1934 16.
641 1899 714 1934 τοῦ
734 1900 890 1947 Περσῶν
913 1898 1107 1945 βασιλέως]
1133 1899 1204 1935 τοῦ
1226 1903 1263 1933 et
1287 1899 1467 1946 βασιλέως
1490 1911 1556 1935 om.
1583 1900 1633 1936 G.

312 1946 370 1984 17.
397 1943 639 1991 κατέγραψαν
671 1945 754 1982 dedi
780 1958 823 1982 ex
852 1947 961 1982 Esdr.
983 1946 1012 1981 I.
1046 1948 1092 1989 2,
1119 1948 1176 1984 15.
1212 1946 1329 1993 Vulgo
1361 1946 1608 1994 κατέγραψεν.

311 1994 371 2031 18.
394 1991 637 2040 μηθριδάτης
647 1994 691 2031 Β.
788 1997 845 2032 19.
865 1994 1089 2043 βεέλτεθμος
1100 1994 1142 2029 Α.
1164 1993 1388 2041 βεελτεθμός
1400 1995 1441 2030 Β.
1460 1994 1670 2039 Βεὲλθεμος
1680 1995 1729 2033 G.

371 2041 438 2079 καὶ
459 2041 497 2078 οἱ
521 2041 647 2078 λοιποὶ
667 2041 706 2078 οὶ
723 2040 931 2086 τούτοις-
951 2039 1224 2089 ὃγραμματεῦς
1243 2042 1366 2078 addidi
1385 2054 1432 2078 ex
1455 2043 1497 2078 B.
1522 2043 1641 2078 Verba
1660 2043 1730 2091 βα·-

314 2091 411 2126 σιλεῖ
427 2109 474 2116 -
493 2088 732 2136 γραμματεύς
754 2090 858 2126 etiam
874 2090 912 2127 in
930 2091 961 2126 A
980 2094 1135 2126 exstant.

219 2158 287 2194 deo
304 2159 423 2203 vovit,
447 2172 557 2206 regno
582 2160 766 2195 Persarum
783 2172 804 2195 a
824 2173 862 2196 se
885 2161 1028 2197 obtento
1040 2185 1051 2203 ‚
1075 2159 1238 2206 templum
1254 2159 1506 2206 Hierosolymis
1526 2163 1729 2206 argenteum

223 2206 416 2242 oblaturum
437 2211 474 2242 et
491 2219 594 2242 sacra
611 2212 738 2242 cuncta
760 2208 965 2243 Iudaeorum
989 2219 1079 2243 vasa
1105 2207 1341 2249 redditurum,
1366 2207 1643 2254 Iudaeorumque
1668 2220 1729 2243 ca-

224 2253 342 2300 ptivos
360 2266 477 2290 omnes
495 2254 622 2300 patriis
638 2254 789 2289 moribus
808 2254 1055 2290 restituendos·
1103 2254 1271 2289 Votorum
1290 2253 1450 2289 conscius
1470 2259 1507 2289 et
1527 2259 1650 2290 auctor
1667 2267 1730 2290 ex-

222 2300 350 2336 titerat
370 2302 566 2336 Zorobabel
591 2301 684 2336 filius
701 2301 894 2344 Salathie13
919 2313 988 2348 qua
1009 2301 1054 2336 de
1076 2312 1182 2336 causa
1206 2300 1412 2336 familiarius
1440 2313 1516 2336 cum
1549 2314 1591 2337 eo
1620 2314 1730 2348 agens

224 2347 375 2394 sceptris
393 2348 544 2383 nondum
572 2348 684 2395 potito
709 2348 866 2394 pollicita
887 2348 1107 2395 frequentius
1127 2349 1319 2384 revocabat
1343 2348 1380 2384 in
1408 2353 1566 2385 mentem.
1615 2350 1730 2396 Cyrus

223 2395 384 2442 equidem
405 2407 494 2430 anno
530 2395 631 2440 regni
653 2395 707 2430 sui
727 2395 859 2442 primo,
883 2395 1024 2430 Iudaeis
1037 2420 1047 2438 ,
1073 2401 1154 2442 post
1172 2395 1347 2431 inductam
1366 2408 1386 2431 a
1403 2395 1731 2432 Nabuchodonosor

225 2442 488 2488 captivitatem,
513 2442 664 2488 priorem
684 2443 729 2478 ad
750 2442 843 2478 lares
864 2442 1025 2489 proprios
1043 2443 1193 2479 reditum
1215 2442 1288 2478 lato
1321 2443 1436 2478 edicto
1468 2443 1598 2478 licitum
1622 2444 1727 2487 fecit;

222 2491 289 2526 sed
306 2501 372 2525 nec
391 2490 538 2536 exiguas
557 2490 751 2537 reparando
770 2491 898 2537 templo
918 2490 1065 2525 contulit
1092 2501 1262 2537 expensas
1275 2517 1286 2536 ,
1311 2502 1353 2526 ac
1369 2491 1567 2526 Zorobabel
1585 2490 1728 2537 insuper

223 2537 395 2573 Salathiel
414 2537 523 2573 filium
537 2562 547 2580 ‚
571 2537 757 2573 Iechoniae
780 2542 964 2584 nepotem,
988 2537 1117 2572 Ioacim
1133 2537 1229 2584 regis
1245 2537 1333 2573 Iuda
1363 2542 1588 2585 pronepotem
1600 2564 1610 2581 ,
1629 2538 1731 2584 regia

224 2585 338 2632 stirpe
359 2584 493 2628 ortum,
518 2584 681 2620 adiuncto
703 2585 820 2620 factae
838 2585 1027 2630 potestatis
1047 2590 1083 2621 et
1104 2585 1253 2620 collatae
1279 2584 1465 2631 dignitatis
1494 2585 1631 2630 collega
1650 2585 1730 2621 Iesu

224 2633 297 2668 filio
322 2632 469 2668 Iosedec
494 2632 682 2678 pontifice,
714 2631 973 2678 remigrationis
1001 2644 1042 2667 ac
1069 2632 1149 2667 viae
1175 2631 1298 2667 ducem
1336 2644 1415 2667 esse
1441 2632 1624 2680 permisit3
1660 2644 1729 2679 quo

223 2685 380 2727 tempore
401 2678 527 2727 positis
549 2679 674 2715 altaris
690 2679 878 2726 templique
894 2679 1126 2714 fundamentis
1144 2679 1182 2714 in
1202 2679 1419 2715 Hierusalem
1437 2685 1731 2725 superexstruen-

222 2727 270 2809 ἰὴ
292 2728 399 2763 moles
417 2727 508 2773 erigi
525 2727 656 2775 coepit,
679 2727 726 2762 ad
743 2738 867 2762 annum
885 2726 986 2763 Darii
1003 2728 1039 2770 2,
1064 2726 1158 2774 quod
1175 2726 1311 2762 Eadm
1332 2726 1476 2774 scriptis
1491 2730 1656 2762 testatum
1672 2738 1730 2763 re·-

237 2774 249 2808 i
275 2774 337 2809 uit.

251 2787 275 2821 q
318 2821 525 2857 Artaxerxis
544 2821 731 2857 Persarum
757 2819 852 2867 regis
878 2823 1034 2868 tempore
1055 2819 1174 2856 hostili
1192 2819 1334 2867 penitus
1359 2819 1451 2865 stylo
1479 2820 1647 2856 adversus
1675 2820 1730 2855 in-

224 2868 319 2903 colas
337 2869 490 2905 Iudaeae
509 2872 546 2905 et
563 2868 783 2905 Hierusalem
802 2868 976 2915 scripsere
993 2868 1171 2903 Balsamus
1188 2871 1225 2903 et
1242 2867 1469 2903 Mithridates
1491 2871 1528 2903 et
1547 2867 1742 2903 'rubellius‘

225 2918 264 2951 et
285 2916 507 2964 Rhathymus
527 2921 566 2953 et
586 2916 827 2954 Beeltethmus
848 2920 887 2953 et
900 2915 1101 2953 Rhamelius
1119 2915 1260 2952 scribae
1280 2919 1319 2951 et
1336 2914 1476 2962 reliqui,
1493 2914 1556 2963 qui
1575 2920 1677 2951 erant
1694 2915 1730 2950 in
