1800 3236
255 169 360 220 468
736 174 989 222 GEoRGn
1019 154 1306 222 SYNCELLI

221 309 254 346 c
371 280 509 339 Οὗτος
537 286 615 338 τὰς
644 284 940 344 μυθευομένας
969 284 1078 330 κατὰ
1102 289 1180 343 τῆς
1202 281 1407 337 Ἑλλάδος
1426 281 1637 345 μυριάδας
1655 285 1763 343 μετὰ

260 355 449 410 Δάτιδος
478 358 548 401 καὶ
579 347 835 416 Σαφὲρνουςμ
854 360 941 400 τῶν
972 360 1219 414 στρατηγῶν
1247 355 1449 412 ἐξέπεμψε
1471 357 1657 407 πεισθεὶς
1675 362 1764 407 τοῖς

258 426 479 488 τυράννοις
502 425 640 488 Ἱππίᾳ
670 431 731 487 τῷ
755 426 971 486 Ἀθηναίῳ
1004 427 1073 472 καὶ
1091 424 1339 486 Δημαράτῳ
1352 430 1411 486 τῷ
1428 427 1761 485 Λακεδαιμονίῳ

263 502 504 556 διωχθεῖσιν
532 496 728 551 οἴκοθεν,
768 495 912 540 λοιπὸν
942 496 988 540 δὲ
1015 498 1084 540 καὶ
1110 495 1181 540 διὰ
1196 496 1274 553 τὴν
1291 494 1490 555 Σάρδεων
1508 495 1663 540 ἅλωσιν
1679 494 1761 539 ὑπὸ

263 573 349 614 τῶν
372 566 612 623 Ἀθηναίων
627 565 688 623 μὴ
718 567 787 610 καὶ
811 563 1025 625 φερόντων
1043 570 1129 610 τῶν
1154 566 1263 610 κατὰ
1290 566 1366 623 τὴν
1382 566 1525 611 Ἀσίαν
1543 566 1619 623 τὴν
1643 567 1793 624 Περ-5

263 643 350 684 σῶν
383 634 578 694 ἀνάγκην.
615 634 709 681 τότε
738 635 790 694 δὴ
813 640 951 688 κακῶς
971 633 1228 695 πράττουσιν
1249 637 1291 680 ἐν
1310 639 1563 694 Μαραθῶνι
1581 636 1763 695 Πέρσαι,

264 705 507 754 Μιλτιάδου
540 706 608 750 καὶ
635 706 891 766 Ἀριστείδου
931 708 1001 750 καὶ
1032 703 1310 763 Καλλιμάχου
1336 710 1474 757 καλῶς
1508 708 1767 764 ἐστρατηγη-

261 776 422 833 κότων,
460 777 504 821 ἓν
533 774 595 827 οἷς
625 778 694 821 καὶ
731 775 753 821 ὃ
788 774 992 836 τύραννος
1018 775 1183 828 Ἱππίας
1207 778 1345 821 πίπτει
1365 776 1472 833 μετὰ
1492 781 1578 821 τῶν
1597 774 1768 835 βαρβά-

263 867 350 904 ρων
374 847 619 904 Ἀθηναίοις
649 844 899 903 μαχόμενος.
947 846 1077 899 αὐτὸς
1110 847 1156 891 δὲ
1190 848 1374 906 Δαρεῖος
1405 846 1482 891 οὖκ
1508 846 1682 906 ἐνεγκὼν
1716 845 1767 890 τὸ

264 916 409 969 πάθος
430 919 472 969 ἒξ
498 916 686 972 ἀθυμίας
711 915 955 962 ἀπόλλυται.
1779 927 1798 962 1

228 1004 263 1041 1)
369 987 463 1031 Ἐπὶ
487 986 617 1031 αὐτοῦ
646 1004 752 1039 τινες
779 989 991 1043 νομίζουσι
1010 986 1064 1030 τὰ
1086 985 1192 1031 κατὰ
1213 986 1286 1046 τὸν
1301 989 1342 1030 Γ
1340 986 1399 1044 ὼγ
1417 987 1485 1031 καὶ
1503 984 1673 1044 Μαγώγ
1700 1003 1770 1031 τε-

266 1056 466 1103 τελέσθαι
503 1056 618 1114 παρὰ
651 1061 727 1101 τοῦ
749 1055 930 1114 μεγάλου
949 1052 1316 1116 προαγορευθέῦτα
1337 1056 1534 1115 Ἰεζεκιήλ.
1572 1058 1770 1114 ἐπιστρα-

267 1126 420 1179 τεύσας
436 1126 517 1185 γὰρ
551 1126 628 1170 σὺν
648 1125 867 1186 διαφόροις
886 1127 1064 1181 ἔθνεσιν,
1086 1128 1143 1178 ὥς
1163 1143 1281 1185 φασι,
1302 1129 1462 1185 Συρίαν
1478 1128 1554 1184 μὲν
1572 1128 1641 1170 καὶ
1665 1131 1771 1170 Φοι-

269 1199 385 1255 νίκην
428 1199 496 1241 καὶ
539 1196 618 1247 τὰς
644 1198 1026 1255 παραθαλασσίους
1063 1195 1304 1252 ἔσκύλευσε,
1342 1202 1395 1256 τῇ
1425 1199 1470 1241 δὲ
1499 1196 1773 1255 Ἰερουσαλὴμ

120 1274 163 1311 V.
189 1274 258 1313 197
276 1266 465 1313 ἐπελθών
507 1265 752 1324 κατεβλήθη
784 1266 997 1325 θεήλατος
1027 1274 1228 1324 σκηπτοῒς
1252 1269 1320 1311 καὶ
1349 1272 1526 1325 πληγαῖς
1553 1272 1628 1311 τοῦ
1663 1271 1770 1310 θεοῦ
1783 1278 1800 1314 1

271 1335 536 1390 πατάξαντος
569 1336 698 1381 αὐτὸν
735 1336 813 1380 σὺν
848 1342 909 1398 τῷ
938 1335 1094 1395 πλήθει
1132 1338 1201 1380 καὶ
1231 1338 1347 1395 νίκην
1387 1336 1617 1389 δεδωκότος
1642 1339 1773 1395 χωρὶς

273 1408 416 1453 ὅπλων
431 1414 520 1457 τοῖς
542 1407 586 1450 ἓν
600 1404 886 1464 Ἰερουσαλὴμ,
917 1409 986 1452 καὶ
1004 1411 1187 1451 πλοῦτον
1206 1405 1376 1467 ἄπειρον
1397 1406 1612 1467 λαφύρων,
1641 1424 1772 1465 στρα-

273 1482 503 1536 τηγοῧντος
530 1477 595 1519 ἐπὶ
626 1481 701 1534 τῆς
719 1477 931 1529 Ἰουδαίας,
949 1481 1025 1522 τοῦ
1048 1475 1321 1536 Ζοροβάβελ,
1358 1479 1464 1536 μεθ’
1488 1477 1535 1523 ὃν
1557 1477 1632 1523 οὐκ
1650 1473 1773 1537 ’ἧρξεν

275 1548 403 1600 ἄλλος
421 1549 464 1601 ἐξ
481 1543 645 1602 Ἰούδα,
683 1547 778 1591 ἀλλ’
805 1548 846 1592 οἷ
867 1547 1069 1608 ἀρχιερεῖς
1092 1545 1354 1606 ἡγεμόνευον.

366 1685 405 1722 2.
425 1678 599 1726 ,Δάτιδος
617 1681 694 1728 καὶ]
724 1682 928 1728 Legebatur
943 1679 1111 1725 Δάτιδος
1136 1681 1201 1720 καὶ
1222 1681 1307 1729 (καὶ
1326 1694 1392 1719 om.
1411 1682 1504 1729 ΑΒ.)
1530 1682 1676 1719 Λατίου
1696 1679 1772 1718 καὶ.

442 1729 688 1775 Σαφέρνους]
723 1730 988 1779 Αρταφέρνους
1010 1743 1044 1766 m
1070 1734 1192 1766 recte:
1224 1730 1308 1766 vide
1326 1731 1499 1766 Herodot.
1521 1731 1592 1774 VI,
1620 1729 1677 1767 94.

370 1778 566 1823 πεισθεὶς]
591 1778 774 1823 προσθεὶς
798 1779 846 1813 G.
965 1780 1001 1815 3.
1024 1779 1145 1826 ἱππίῳ
1166 1778 1241 1813 AB.
1353 1779 1407 1826 τῷ
1427 1780 1458 1814 λ.
1481 1778 1525 1813 Β.
1557 1779 1690 1813 Aberat
1709 1777 1774 1824 τῷ.

441 1826 476 1862 5.
499 1823 552 1871 μὴ
576 1825 657 1860 add.
677 1825 719 1860 B.
831 1822 903 1871 τὴν
921 1826 1091 1872 Περσῶν]
1116 1826 1192 1861 τῶν
1213 1824 1369 1872 Περσῶν
1393 1826 1442 1861 G.
1554 1826 1590 1861 7.
1614 1824 1775 1861 Μιλτιά-

370 1871 464 1912 anve,-
482 1872 546 1908 καὶ
561 1868 807 1918 Ἀριστείδους
831 1873 879 1909 G.
1007 1874 1043 1910 9.
1069 1871 1218 1919 ἐνέγκας
1236 1873 1286 1907 G.
1416 1875 1473 1910 11.
1499 1871 1714 1910 τετελέσθαι
1729 1873 1773 1908 Β.

371 1921 602 1957 τετελεῖσθαι
619 1920 662 1955 A.
686 1922 878 1957 τελεῖσθαι
900 1921 949 1957 G.
1045 1922 1101 1959 13.
1126 1919 1179 1964 ὥς
1201 1930 1319 1966 φασιν
1342 1919 1423 1956 add.
1446 1920 1489 1955 B.

371 2033 443 2069 I-Iic
467 2034 669 2071 decantatas
695 2039 750 2072 tot
779 2035 937 2072 historiis
963 2034 1136 2072 hominum
1165 2034 1341 2083 myriadas
1376 2036 1441 2071 sub
1467 2035 1614 2071 ducibus
1635 2033 1777 2078 Datide‚

279 2080 385 2116 Datio
414 2084 451 2116 et
467 2082 688 2129 Artapherne
715 2083 828 2126 misit,
851 2084 1008 2130 tyrannis
1030 2083 1188 2130 Hippiae
1208 2083 1411 2119 Atheniensi
1437 2087 1473 2118 et
1496 2084 1683 2118 Demarato
1706 2083 1778 2117 La-

281 2128 504 2163 cedaemonio
515 2129 632 2176 patria
649 2130 758 2176 pulsis
776 2131 865 2165 bene
883 2131 1051 2174 affectus3
1072 2143 1114 2166 ac
1131 2130 1286 2177 insuper,
1304 2130 1577 2165 utAtheuienses
1590 2130 1777 2164 Persarum

279 2173 460 2219 imperium
483 2187 546 2221 per
563 2177 681 2212 Asiam
697 2178 821 2223 augeri
840 2190 908 2212 non
925 2178 1100 2221 ferentes,
1125 2182 1162 2212 et
1178 2177 1309 2212 cladem
1331 2177 1374 2211 ab
1400 2176 1451 2212 eis
1468 2177 1638 2211 Sardibus
1657 2176 1778 2212 incen-

281 2220 340 2255 dio
368 2222 518 2257 vastatis
543 2223 696 2266 illatam,
724 2224 963 2259 ulcisceretur.
1011 2225 1169 2259 Adverso
1194 2224 1314 2259 Marte
1338 2228 1496 2269 pugnant
1523 2224 1566 2258 ad
1595 2224 1778 2258 Maratho-

281 2279 358 2302 nem
376 2267 528 2312 Persae,
563 2270 743 2313 Miltiade,
767 2270 923 2305 Aristide
953 2273 989 2305 et
1012 2270 1220 2305 Callimacho
1235 2296 1245 2312 ‚
1280 2271 1460 2315 praeclare
1484 2270 1606 2306 ducum
1635 2283 1778 2305 munere

281 2314 523 2359 fungentibus.
570 2315 722 2363 Hippias
749 2317 1008 2351 Atheniensium
1035 2322 1206 2362 tyrannus
1237 2317 1330 2351 inter
1358 2317 1579 2353 decertantes
1608 2318 1776 2353 barbaros

282 2361 399 2403 cadit3
423 2361 500 2407 ipse
522 2362 650 2398 Darius
671 2363 790 2398 illatae
809 2363 1015 2398 calamitatis
1034 2363 1226 2410 impotens,
1251 2364 1355 2398 animi
1371 2376 1528 2399 moerore
1551 2365 1655 2411 perit.

377 2408 451 2443 Sub
469 2420 511 2443 eo
523 2433 535 2452 ,
561 2420 652 2455 quae
672 2409 717 2444 de
726 2411 808 2455 Gog
828 2416 864 2444 et
883 2410 1013 2456 Magog
1030 2423 1051 2445 a
1065 2423 1188 2457 magno
1209 2412 1381 2458 propheta
1389 2411 1554 2447 Ezeciele
1572 2416 1653 2446 sunt
1673 2423 1778 2458 prae·-

282 2453 397 2498 dicta,
422 2455 562 2501 quidam
584 2457 730 2502 primum
749 2456 934 2502 adimpleta
951 2463 1105 2493 censent.
1154 2458 1336 2494 variarum
1363 2458 1494 2505 quippe
1518 2459 1694 2494 nationum
1720 2470 1779 2493 ar-

283 2501 348 2536 mis
370 2501 543 2548 stipatus,
567 2502 691 2549 Syria,
716 2503 894 2538 Phoenice
915 2508 950 2538 et
966 2505 1051 2539 mari
1075 2505 1161 2540 locis
1188 2504 1430 2540 adiacentibus
1460 2506 1674 2547 devastatis,
1700 2517 1778 2540 cum

282 2547 500 2584 Hierusalem
527 2549 786 2596 inexspectatus
812 2550 969 2597 impetit,
992 2552 1190 2587 fulminibus
1219 2552 1365 2587 caelitus
1394 2552 1572 2595 immissis,
1602 2552 1778 2598 variisque

283 2595 399 2642 plagis
419 2597 649 2642 prosternitur
661 2622 672 2639 ‚
697 2597 762 2632 deo
780 2597 817 2632 in
834 2610 911 2632 eum
931 2603 966 2633 et
984 2599 1021 2633 in
1042 2600 1116 2634 eius
1137 2598 1328 2634 exercitum
1345 2611 1478 2634 manum
1497 2604 1700 2641 exserente,
1724 2599 1779 2633 vi-

284 2642 498 2689 ctoriamque
516 2643 733 2679 incruentam
764 2648 801 2679 et
830 2645 1017 2691 spoliorum
1043 2658 1112 2681 non
1141 2647 1381 2682 numerandam
1411 2646 1543 2692 copiam
1558 2646 1777 2681 Hierusalem

284 2688 408 2725 incolis
427 2689 635 2733 exhibente,
660 2690 747 2726 duce
773 2691 924 2727 Iudaeae
941 2692 1159 2736 Zorobabel,
1183 2698 1264 2776 post
1291 2705 1392 2740 quem
1420 2693 1507 2728 alius
1531 2704 1575 2728 ex
1591 2694 1678 2729 Iuda
1708 2704 1776 2727 non

1195 2753 1207 2775 1

285 2736 487 2819 sumpsittin
503 2737 638 2786 plebem
655 2737 884 2783 dominatum,
907 2739 969 2775 sed
987 2740 1096 2776 omnis
1111 2741 1182 2788 pub
1210 2752 1251 2778 ca
1278 2745 1436 2788 potestas
1460 2752 1568 2788 penes
1593 2740 1776 2788 pontifices

285 2794 432 2820 remansl
452 2809 462 2821 .
