1800 3236
192 221 259 272 84
659 222 913 271 GEORGII
941 222 1232 270 SYNCELLI

190 340 400 394 ναναιόις,
440 335 517 390 οὓς
558 337 629 383 διὰ
665 337 890 389 Μωῦσέως
923 338 991 381 καὶ
1013 336 1154 394 Ἰησοῦ
1187 332 1499 394 ἕξωλόθρευσεν
1535 330 1558 376 ὃ
1587 332 1706 387 θεὸς,

193 414 262 457 καὶ
283 408 392 455 κατά
414 427 531 461 τινας
553 408 726 468 καιροὺς
739 408 808 452 διὰ
822 412 906 452 τῶν
928 412 1081 466 κριτῶν
1100 398 1287 450 ἇπὲὃωκε
1305 412 1395 457 τοῖς
1414 404 1522 455 υἱοῖς
1538 403 1710 462 Ἰσραὴλ

55 499 100 535 Ρ,
125 494 173 534 46
197 483 273 540 τὴν
301 478 504 539 πατρῴαν
534 484 637 538 γῆν,
677 477 734 530 ὥς
757 480 802 522 ἐκ
823 482 899 522 τοῦ
920 478 1018 534 Σὴμ
1039 474 1339 534 καταγομένοις
1357 476 1427 519 διὰ
1450 478 1598 532 γενεῶν
1623 472 1706 531 λη’,

193 556 300 598 ἐτῶν
332 549 479 613 Ιαχπζ.
518 549 540 594 ὃ
575 552 644 594 καὶ
674 549 864 608 ἔφθασεν
894 550 951 600 εἷς
978 547 1026 592 τὸ
1059 545 1164 609 ‘60⁷7'
1189 547 1300 601 ἔτος,
1339 546 1433 604 ἤτοι
1463 549 1523 605 τῷ
1547 542 1610 602 κγ’
1633 550 1710 601 τῆς

192 623 408 680 βασιλείας
433 624 704 676 Σαλομῶνος,
751 619 862 664 καθ’
902 618 951 663 ὃν
981 620 1201 662 ἓνεκαίνισε
1233 617 1309 662 τὸν
1337 615 1420 661 ὑπ’
1453 616 1585 660 αὐτοῦ
1616 620 1738 658 κτι-5

195 694 357 739 σθέντα
386 695 592 748 πολυτελῆ
612 691 741 745 ναὸν,
779 688 922 741 θύσας
949 693 1010 749 τῷ
1032 686 1215 749 πατρῴῳ
1239 692 1330 748 θεῷ
1353 691 1579 745 λαμπρῶς·
1616 686 1710 744 περὶ

197 759 257 810 ὧν
285 765 329 807 ἐν
357 748 446 814 τοῖς
479 764 598 813 ἲὸἰόις
626 759 770 812 τόποις
799 759 976 817 ἑκάστης
1009 764 1094 804 τῶν
1117 760 1258 804 αὐτῶν
1277 757 1342 816 λη’
1363 763 1511 817 γενεῶν
1531 756 1640 801 κατὰ
1659 755 1709 800 τὸ

197 837 407 894 ἐγχωροῦν
437 830 688 889 στοιχειώδει
718 833 895 890 ἐπιτομῇ
929 831 1005 875 σὺν
1025 835 1116 891 θεῷ
1147 828 1413 887 λεχθήσεται.
1451 833 1528 873 νῦν
1559 828 1605 871 δὲ
1635 828 1710 870 ἒπ-

200 906 443 960 ανέλθωμεν
461 901 588 947 πάλιν
610 904 676 946 ἐπὶ
695 902 773 960 τὴν
809 903 1087 960 πυργοποιιάν
1117 902 1186 945 καὶ
1218 900 1293 958 τὴν
1323 898 1521 958 σύγχυσιν
1540 902 1626 942 τῶν
1644 895 1710 953 οβ’

199 977 337 1020 ἐθνῶν
370 976 438 1018 καὶ
459 977 684 1031 γλωσσῶν,
723 973 774 1016 αἳ
791 971 1112 1030 συνεχύθησαν,
1150 973 1219 1015 καὶ
1242 972 1420 1028 εἴπωμεν
1445 969 1473 1014 ἃ
1495 977 1584 1021 τοῖς
1603 972 1709 1012 πολ-
1722 975 1769 1010 10

198 1051 289 1097 λοΐς
312 1049 397 1090 τῶν
425 1045 645 1103 ἱστορικῶν
663 1045 931 1103 προείρηται,
969 1050 1069 1087 ποῖα
1086 1044 1154 1086 καὶ
1177 1040 1290 1086 πόσα
1313 1042 1418 1099 ἔθνη
1437 1039 1599 1101 ἑκάστῳ
1624 1043 1711 1084 τῶν

200 1121 329 1175 τριῶν
341 1116 444 1159 υἱῶν
455 1120 529 1159 τοῦ
542 1118 641 1159 Νῶε
662 1114 805 1172 ἔλαχεν
827 1116 871 1158 ἐκ
893 1119 976 1158 τῶν
989 1113 1304 1172 διασπαρέντων
1325 1110 1616 1169 ἑβδομήκοντα
1632 1108 1709 1155 δύο

161 1195 192 1231 Β
206 1189 357 1231 ἐθνῶν.
372 1185 455 1244 χρὴ
473 1187 518 1229 δὲ
536 1185 862 1242 ἀναμνησθῆναι
877 1189 960 1229 τῶν
979 1184 1295 1244 προλεχθὲντων
1313 1183 1522 1240 ἀνωτέρω,
1548 1180 1610 1226 ὅτι
1630 1181 1710 1240 ἄρ·-

195 1257 366 1315 ξάμενοι
400 1260 460 1316 τῷ
501 1260 716 1317 καθολικῷ
749 1254 892 1317 Ιβψλᾷ
926 1255 1003 1299 ἴτει
1039 1257 1274 1310 οἰκοδομεῖν
1293 1254 1367 1299 τὸν
1388 1251 1569 1312 πύργον,
1609 1251 1710 1311 ὅπερ

192 1324 247 1386 ἦν
267 1333 342 1385 τῆς
375 1328 481 1383 ζωῆς
510 1331 584 1371 τοῦ
618 1328 714 1383 Σὴμ
735 1318 863 1385 9056',
902 1330 978 1370 τοῦ
1014 1327 1060 1370 δὲ
1080 1326 1174 1370 υἱοῦ
1209 1325 1341 1370 αὐτοῦ
1357 1324 1576 1384 Ἀρφαξάδ
1595 1319 1706 1380 υ5γ’,
1725 1335 1768 1371 15

197 1401 268 1443 καὶ
296 1402 374 1442 τοῦ
403 1398 500 1441 υἱοῦ
533 1395 686 1441 τούτου
728 1400 893 1442 Καϊνᾶν
921 1394 1039 1454 τνη’,
1079 1399 1148 1440 καὶ
1181 1401 1256 1440 τοῦ
1288 1400 1410 1441 Eam
1442 1393 1506 1438 σλ’
1537 1396 1605 1438 καὶ
1635 1398 1712 1438 τοῦ

189 1469 315 1527 ’Ὲβερ
357 1464 454 1522 53',
494 1465 658 1524 ἔμειναν
707 1470 1027 1523 οἰκοδομοῦντες
1067 1469 1131 1511 ἐπὶ
1175 1466 1247 1524 ἔτη
1285 1463 1599 1523 τεσσαράκοντα
1636 1465 1714 1516 ἕως

199 1543 276 1583 τοῦ
306 1542 507 1593 κοσμικοῦ
545 1535 700 1599 Ιβψοςῆ
759 1539 803 1582 ἐν
833 1536 970 1597 τούτῳ
1004 1538 1084 1597 γὰρ
1119 1542 1177 1598 τῷ
1210 1537 1289 1582 ἔτει
1318 1534 1606 1596 διεσπάρησαν
1627 1533 1712 1579 ὑπὸ

199 1614 278 1654 τοῦ
301 1612 404 1654 θεοῦ
442 1609 499 1659 εἷς
517 1613 658 1653 πᾶσαν
678 1608 754 1666 τὴν
780 1610 1025 1666 οἰκουμένην
1051 1607 1208 1660 οὕτως·

294 1747 331 1782 2.
366 1741 502 1791 ἰσραήλ
532 1747 576 1782 Α.
607 1747 678 1784 τοῦ
699 1744 838 1793 Ῑσραὴλ,
859 1746 907 1782 G.
1011 1747 1046 1783 5.
1079 1742 1336 1791 Σαλομῶνος]
1375 1744 1550 1789 σαλομῶν
1573 1743 1615 1780 Α.

295 1795 331 1829 7.
355 1797 435 1833 τοῖς
461 1794 543 1829 add.
568 1795 610 1829 A.
703 1796 740 1831 9.
765 1793 826 1830 ἐπὶ
843 1792 912 1840 τὴν
936 1795 978 1830 Α.
1004 1796 1059 1837 εἰς
1080 1792 1152 1840 τὴν
1176 1795 1223 1829 G.
1325 1792 1390 1828 καὶ
1411 1791 1482 1839 τὴν
1505 1793 1548 1828 Α.
1573 1791 1638 1829 καὶ
1657 1791 1713 1834 εἰς

295 1838 367 1893 τήν
388 1840 436 1874 G·
477 1864 480 1865 ’
534 1843 590 1879 17.
615 1840 693 1890 ρλη’
719 1841 804 1885 ἔτος
826 1844 898 1879 τοῦ
921 1843 1043 1890 Εβερ,
1068 1843 1139 1880 τοῦ
1162 1839 1203 1879 δὲ
1226 1838 1346 1878 §baux
1365 1839 1448 1883 ἔτος
1467 1837 1500 1877 δ’
1525 1852 1569 1875 m.

203 1961 444 2009 Gergezaeis,
467 1958 649 1997 Iebuzaeis
674 1962 711 1995 et
733 1960 975 2003 Chamnaeis,
1000 1959 1038 1995 in
1058 1959 1110 1995 eis
1130 1959 1324 1996 habitavit:
1348 1959 1410 1994 hos
1432 1957 1518 1993 deus
1550 1968 1615 2004 per
1632 1956 1713 1991 Μο-

203 2023 276 2046 sem
296 2015 333 2045 et
348 2010 462 2044 Iesum
483 2007 614 2043 delevit
638 2020 679 2042 ac
707 2020 771 2043 suo
793 2007 920 2043 deinde
943 2012 1100 2054 tempore
1124 2008 1276 2043 iudicum
1302 2019 1411 2053 opera
1429 2010 1607 2052 paternam
1627 2005 1711 2039 hae-

203 2058 392 2094 reditatem
410 2056 493 2091 finis
512 2055 642 2098 Israel,
666 2067 732 2090 ceu
750 2067 794 2091 ex
812 2056 892 2090 Sem
910 2067 973 2101 per
995 2056 1128 2101 gradus
1154 2055 1304 2101 triginta
1328 2059 1406 2089 octo
1437 2052 1621 2093 deductis,
1648 2063 1713 2098 per

202 2117 312 2141 annos
331 2104 488 2140 nimirum
508 2103 620 2144 1687,
645 2102 681 2137 in
701 2102 820 2137 mundi
837 2114 962 2137 annum
980 2101 1073 2139 4478
1090 2103 1299 2144 incidentes,
1324 2101 1426 2147 regni
1441 2099 1636 2135 Salomonis
1657 2100 1713 2134 in-

201 2152 325 2197 tellige
344 2151 487 2186 tertium
505 2155 542 2184 et
555 2149 775 2193 vicesimum,
801 2161 869 2196 quo
893 2150 1115 2185 felicissimus
1134 2151 1193 2185 iue
1212 2161 1276 2184 rex
1293 2155 1478 2195 augustum
1503 2147 1670 2194 templum
1690 2159 1714 2181 a

201 2212 240 2235 se
262 2198 438 2234 conditum
458 2196 608 2244 copiosis
629 2201 775 2243 paterno
795 2198 861 2232 deo
890 2197 1042 2232 victimis
1061 2197 1266 2239 immolatis,
1290 2195 1489 2238 dedicavit3
1515 2195 1559 2229 de
1590 2194 1712 2240 singu-

202 2247 247 2282 lis
271 2247 465 2292 quibusque
484 2247 530 2281 38
562 2245 731 2290 gradibus
750 2245 888 2291 digesto
907 2245 1084 2280 breviario
1098 2271 1109 2288 ,
1134 2257 1199 2292 pro
1219 2243 1374 2286 viribus,
1398 2243 1463 2279 deo
1492 2242 1602 2285 duce,
1627 2253 1712 2288 pro-

200 2293 290 2341 priis
319 2294 355 2328 in
382 2293 468 2327 locis
493 2292 718 2327 tractabitur.
767 2292 956 2327 Caeterum
983 2293 1028 2328 ad
1056 2293 1167 2328 turris
1198 2291 1373 2339 opificium
1406 2296 1442 2326 et
1463 2290 1507 2325 ad
1537 2291 1584 2326 72
1624 2301 1712 2335 gen-

199 2341 286 2376 tium
301 2340 566 2385 linguarumque
584 2340 628 2374 ad
646 2340 797 2375 invicem
821 2340 1067 2386 permixtarum
1085 2341 1210 2376 iterum
1228 2351 1385 2374 sermone
1403 2342 1571 2373 revocato
1583 2362 1594 2379 ‚
1621 2347 1711 2382 quae

203 2392 378 2434 quotaeve
405 2391 528 2433 gentes
564 2386 713 2432 singulis
738 2388 845 2422 trium
870 2388 951 2423 Noe
972 2387 1121 2423 filiorum
1151 2399 1195 2423 ex
1225 2389 1271 2425 72
1297 2386 1465 2433 dispersis
1494 2384 1712 2430 obtigerunt,

200 2447 294 2481 quae
321 2434 501 2480 plerisque
532 2433 790 2470 Historicorum
814 2438 896 2469 sunt
922 2440 1154 2478 memoratae,
1187 2436 1392 2470 referamus.
1453 2433 1581 2479 Neque
1611 2443 1710 2473 vero,

202 2481 299 2529 quod
326 2481 551 2526 praemissum
569 2482 746 2527 superius,
769 2481 936 2517 oblivioni
953 2482 1161 2518 tradendum
1173 2508 1183 2526 ,
1208 2482 1375 2517 videlicet
1393 2484 1536 2526 recepto
1559 2490 1711 2514 commu-

189 2529 295 2568 ,niter
311 2529 405 2565 2736
425 2528 542 2564 mundi
563 2540 650 2563 anno
663 2555 673 2572 ‚
699 2530 760 2575 qui
775 2529 845 2564 fuit
861 2529 958 2564 vitae
978 2530 1058 2564 Sem
1077 2529 1168 2574 594,
1203 2529 1392 2576 Arphaxad
1411 2532 1524 2563 autem
1552 2526 1626 2561 eius
1647 2524 1711 2559 filii

199 2574 272 2613 493
284 2601 295 2618 ‚
326 2580 363 2611 et
379 2576 485 2611 huius
506 2575 571 2610 filii
588 2577 723 2612 Cainan
740 2577 809 2613 358
823 2602 834 2619 ,
858 2577 942 2611 Sala
959 2578 1028 2614 228
1058 2582 1094 2612 et
1114 2578 1234 2612 Heber
1254 2579 1322 2619 98,
1346 2576 1470 2611 turrim
1487 2574 1626 2619 erigere
1647 2584 1713 2617 ag-

200 2634 364 2669 gressos,
382 2623 422 2657 in
455 2634 562 2668 opere
593 2623 827 2669 promovendo
857 2624 955 2658 anuis
982 2625 1216 2671 quadraginta
1243 2634 1491 2672 perseverasse
1515 2621 1559 2656 ad
1587 2631 1712 2655 annum

199 2670 320 2759 muqdi
332 2671 440 2714 2776,
468 2671 535 2706 hoc
558 2671 648 2707 enim
667 2683 758 2709 anno
776 2682 842 2720 per
861 2672 979 2707 orbem
1001 2672 1198 2708 universum
1226 2685 1249 2709 a
1267 2672 1334 2708 deo
1364 2668 1517 2717 dispersi
1539 2672 1620 2703 sunt
1643 2667 1711 2702 hoc

200 2728 270 2766 pac
289 2729 322 2753 o.
