1754 3236
555 209 1087 260 CHRONOGRAPHIA.
1519 205 1589 256 49

78 325 183 371 ἔτῶν
210 323 286 370 τὸν
316 322 530 384 ἓξελεγμὸν
554 321 799 384 συγγράψαι
817 323 887 368 καὶ
906 322 984 375 τὰς
1004 320 1114 382 παρ’
1139 321 1286 374 αὐτοῖς
1305 323 1591 381 φημιζομένας

74 397 293 452 βασιλείας
321 398 391 440 καὶ
418 398 679 451 δυναστείας,
706 394 802 440 ἀλλ’
834 395 909 438 ἵνα
931 395 1002 438 καὶ
1021 394 1100 445 τὰς
1120 395 1215 452 περὶ
1233 391 1396 438 τούτων
1410 397 1589 451 βίβλους

79 463 355 526 ἀποκρύφους
383 468 518 524 ζητῶν
541 466 721 526 ἀρκῆται
740 472 835 517 ταῖς
859 465 1150 523 προκειμέναις
1167 467 1212 516 ἐξ
1225 464 1373 511 ,αὐτῶν
1386 463 1587 524 χρήσεων

75 537 267 582 ἐνταῦθα
274 570 290 593 ,
328 538 399 592 καὶ
421 537 483 595 μὴ
520 537 597 590 τὰς
630 535 822 582 καθόλου
850 537 1140 595 πραγματείας
1162 533 1357 587 ἀσκόπως
1380 534 1586 594 ἀναγινώ-

45 612 190 653 5σκων
226 611 303 652 τοῦ
337 607 476 667 ὀρθοῦ
508 610 578 653 καὶ
608 607 803 666 ἀληθοῦς
829 606 1035 652 ἀποπέσοι
1055 610 1243 651 σκοποῦ·
1280 605 1447 665 καὶγὰρ
1469 608 1512 650 ἓν
1531 611 1585 666 τῇ

77 679 299 730 Μωῢσέως
334 678 533 739 λεγομένῃ
562 677 828 735 ἀποκαλύψει
854 677 1025 737 φέρεται
1055 678 1150 736 περὶ
1183 677 1346 731 αὗτιῖν,
1384 675 1448 721 ὅτι
1476 678 1584 733 μετὰ
1607 685 1651 722 V.
1674 687 1723 725 22

73 748 149 794 τὸν
180 749 477 806 κατακλυσμὸν
508 755 569 811 τῷ
587 747 740 811 Ιβφπβ
761 749 840 794 ἔτει
858 754 934 793 τοῦ
955 746 1138 804 κόσμου,
1177 745 1332 808 φθόνῳ
1353 746 1587 805 κινούμενοι

72 819 182 876 μετὰ
207 817 403 865 θάνατον
441 818 681 878 ἓπλάνησαν
712 818 814 872 τούς
839 819 958 871 υἱοὺς
984 822 1084 863 Νῶε
1100 832 1110 843 ·
1148 820 1218 862 καὶ
1249 818 1474 875 εὐξαμένου
1502 823 1621 865 τοῦΙ)

73 893 174 935 Νῶε
205 891 277 935 ἵνα
295 890 536 936 ἀποστῶσιν
570 891 648 936 ἀπ’
672 890 825 945 αὐτῶν,
866 887 888 934 ὅ
911 887 1054 949 κύριος
1076 889 1259 934 ἐκέλευσε
1293 894 1353 950 τῷ
1377 889 1583 949 ἀρχαγγέ-

16 965 135 1022 1ολῳ
158 962 340 1020 Μιχαὴλ
366 967 513 1018 βαλεῖν
539 962 696 1014 αὖτοὺς
715 963 773 1014 εἰς
791 960 868 1019 τὴν
889 959 1080 1017 ἄβυσσον
1102 958 1198 1019 ἄχρι
1215 958 1376 1020 ἧμέρας
1397 966 1474 1018 τῆς
1491 963 1585 1019 κρί-

72 1046 204 1084 σεως·
241 1030 264 1077 ὅ
290 1034 338 1077 δὲ
373 1031 573 1089 διάβολος
610 1031 800 1093 ᾐτήσατο
835 1035 978 1087 λαβεῖν
1004 1038 1161 1090 μοῖραν
1192 1031 1272 1076 ἀπ’
1306 1031 1446 1076 αὐτῶν
1477 1032 1585 1091 πρὸς

70 1102 305 1163 πειρασμὸν
333 1107 421 1148 τῶν
450 1101 692 1164 ἀνθρώπων
721 1105 792 1148 καὶ
831 1101 965 1160 ἐδόθη
999 1102 1115 1162 αὐτῷ
1153 1101 1203 1146 τὸ
1232 1102 1407 1148 δέκατον
1440 1102 1583 1149 αὐτῶν

71 1173 181 1218 κατὰ
199 1171 429 1233 πρόσταξιν
445 1177 583 1231 θειάν,
600 1173 707 1219 ὥστε
727 1171 932 1235 πειράζειν
950 1173 1050 1225 τοὺς
1069 1171 1327 1232 ἀνθρώπους
1346 1173 1451 1232 πρὸς
1465 1176 1582 1218 δοκι-

69 1243 156 1303 μὴν
197 1249 274 1302 τῆς
318 1243 498 1290 ἑκάστου
539 1245 646 1306 πρὸς
676 1245 782 1290 θεὸν
819 1244 1124 1305 προαιρέσεως,
1162 1243 1219 1288 τὰ
1254 1246 1300 1288 δὲ
1319 1245 1445 1289 λοιποὶ
1466 1244 1584 1290 ἐννέα

13 1315 179 1374 15μέρη
208 1313 374 1374 ἐβλήθη
405 1318 463 1368 εἷς
497 1317 575 1375 τὴν
604 1316 806 1372 ἄβυσσον.
843 1313 944 1374 ἧμῖν
973 1316 1019 1359 δὲ
1051 1313 1311 1374 ἀσύμφωνον
1330 1314 1434 1360 εἶναι
1454 1320 1582 1361 τοῦτο

71 1388 206 1441 δοκεῖ,
243 1385 476 1446 ἄνθρωπον
507 1390 642 1443 ζῶντα
659 1386 741 1432 ὑπὸ
766 1391 843 1445 τῆς
870 1390 948 1432 τοῦ
968 1390 1203 1437 τεθνεῶτος
1229 1391 1371 1444 ψυχῆς
1394 1384 1581 1446 πειράζε-

69 1462 192 1502 σθαι.
231 1457 296 1502 διὸ
317 1463 602 1517 παραινοῦμεν
622 1460 692 1503 καὶ
713 1456 832 1517 ἦμεῖς
851 1457 954 1509 τοὺς
981 1455 1309 1515 ἐντυγχάνοντας
1326 1456 1354 1514 ἢ
1389 1458 1581 1502 ἐνταῦθα

68 1526 98 1585 ἢ
129 1528 318 1586 ἀλλαχοῦ
349 1537 439 1581 τοῖς
467 1528 729 1589 ἀποκρύφοις
755 1529 815 1587 μὴ
846 1529 889 1572 ἐν
917 1532 1046 1573 πᾶσιν
1077 1528 1258 1572 ἕπεσθαι
1285 1534 1378 1579 ταῖς
1398 1529 1574 1581 ἐννοίαις
1598 1537 1642 1577 Ρ.
1665 1541 1713 1578 28

67 1606 164 1650 ταῖς
180 1599 428 1658 φερομέναις
451 1601 494 1645 ἓν
513 1601 675 1652 αὐταῖς.
701 1599 845 1644 λοιπὸν
866 1599 916 1643 δέ
931 1601 1018 1643 ἐστι
1035 1598 1142 1653 μετὰ
1166 1602 1318 1652 ταῦτα,
1339 1598 1490 1660 καθὼς
1508 1601 1580 1643 καὶ

10 1668 419 1727 ΞΟέπηγγειλάμεθα,
440 1671 595 1729 μικρὰς
607 1669 780 1730 χρήσεις
799 1674 882 1714 τῶν
901 1669 979 1721 τὰς
991 1668 1245 1719 Χαλδαϊκὰς
1257 1670 1326 1712 καὶ
1335 1670 1579 1727 Αἰγυπτια-

68 1740 147 1792 κὰς
167 1741 355 1800 ἱστορίας
373 1740 632 1801 γραψάντων
651 1741 946 1801 παραθέσθαι,
979 1739 1038 1783 δι’
1059 1733 1119 1784 ὧν
1138 1736 1350 1799 πρόδηλος
1367 1737 1394 1797 ἧ
1414 1738 1577 1785 τούτων

67 1811 325 1870 ἀσυμφωνία
359 1810 466 1871 πρός
494 1830 538 1856 τε
571 1810 781 1870 ἀλλήλους
810 1814 880 1856 καὶ
908 1810 987 1869 τὴν
1019 1811 1145 1855 θείαν
1173 1810 1342 1870 γραφὴν
1378 1817 1470 1863 τοῖς
1506 1830 1576 1855 πι-

68 1889 188 1934 στοῖς
216 1881 358 1938 ἔσται,
390 1885 460 1928 καὶ
479 1883 697 1943 ἀνατροπὴ
723 1888 801 1941 τῆς
820 1873 1093 1943 ’τερατῶδους
1120 1881 1263 1927 αὐτῶν
1288 1882 1535 1941 ἓρεσχελίας.

161 1983 198 2040 ξ.
222 1978 323 2029 ἀλλ’]
345 1982 411 2022 καὶ
432 1996 479 2021 m.
548 1986 586 2023 8.
610 1980 787 2031 ἀρκῆται]
811 1982 927 2031 Vulgo
944 1979 1129 2029 ἄρκεῒται.
1206 1983 1264 2019 11.
1287 1979 1361 2020 ἀπ’
1384 1980 1515 2020 αὖταῖν
1527 1984 1573 2020 Α.

160 2029 345 2068 mamm
368 2033 418 2087 G.
515 2033 572 2071 15.
595 2031 691 2079 μέρη
713 2032 795 2068 add.
819 2033 865 2068 A.
956 2032 1018 2068 23.
1042 2030 1272 2078 αἰρεσχελίας
1292 2032 1338 2068 Α.

69 2100 115 2138 ab
132 2100 185 2138 eis
215 2099 433 2150 principatus
459 2106 495 2139 et
513 2103 576 2139 illa
601 2102 746 2139 laudata
772 2114 883 2150 regna
908 2099 1053 2149 seriptis
1079 2101 1280 2138 celebrandi
1304 2112 1349 2137 ex
1380 2101 1572 2150 suppositis

69 2154 108 2185 et
130 2149 277 2186 incertis
295 2150 399 2187 libris
416 2163 555 2187 causam
576 2151 864 2198 desumpserunt;
888 2149 1014 2197 quibus
1041 2150 1202 2197 equidem
1221 2149 1466 2186 auctoritatum
1497 2150 1572 2185 fra-

68 2198 219 2243 gmentis
236 2199 303 2233 huc
321 2199 435 2246 palam
466 2198 628 2234 adductis
659 2197 841 2236 curiosiori
858 2198 1151 2245 Apocryphorum
1177 2197 1343 2233 librorum
1368 2200 1572 2244 perscruta-

67 2245 138 2280 tori
155 2245 219 2281 fiet
236 2245 345 2289 satis,
369 2258 414 2280 ne
430 2246 532 2281 lectis
550 2247 669 2282 forsan
686 2246 897 2282 tractatibus
913 2245 1061 2292 integris
1081 2256 1104 2280 a
1120 2250 1217 2280 recto
1237 2254 1393 2291 veroque
1410 2244 1479 2280 sibi
1498 2245 1570 2280 fine

67 2292 279 2339 praestituto
301 2294 486 2329 aberrasse
506 2293 743 2341 dignoscatur.
780 2293 823 2328 In
841 2292 950 2329 Mosis
965 2304 1114 2340 namque
1137 2292 1243 2338 vulgo
1263 2292 1361 2327 dicta
1376 2291 1570 2327 revelatio-

67 2350 114 2374 ne
141 2340 278 2383 fertur,
314 2353 397 2384 eos,
433 2341 624 2388 praeterito
650 2341 718 2376 iam
745 2340 877 2376 diluvio
891 2366 902 2383 ‚
935 2341 1030 2376 2582
1052 2340 1172 2375 mundi
1199 2351 1313 2383 anno,
1336 2339 1470 2375 invidia
1487 2341 1570 2386 post

67 2392 215 2422 mortem
231 2392 343 2423 motos
368 2388 405 2423 in
426 2400 577 2424 errorem
599 2389 691 2424 filios
707 2389 788 2424 Noe
809 2387 1013 2430 induxisse3
1041 2394 1078 2423 et
1101 2390 1226 2436 orante
1245 2381 1348 2430 Noe,
1377 2392 1419 2422 ut
1440 2387 1484 2422 ab
1514 2386 1568 2421 eis

67 2433 314 2478 discederent,
353 2435 418 2470 deo
447 2435 610 2480 iubente,
637 2448 659 2472 a
686 2436 858 2471 Michaele
877 2435 1088 2481 archangelo
1115 2434 1152 2470 in
1181 2435 1344 2482 abyssum
1371 2434 1417 2469 ad
1446 2433 1570 2473 iudicii

67 2480 159 2516 diem
178 2481 288 2517 fuisse
304 2482 486 2525 detrusos;
510 2484 660 2518 omnium
675 2495 760 2518 vero
780 2488 882 2530 parte
898 2483 1075 2517 tentandis
1091 2481 1285 2517 hominibus
1301 2493 1324 2517 a
1344 2481 1482 2516 diabolo
1503 2493 1569 2528 po-

67 2528 222 2570 stulata,
244 2529 301 2564 dei
325 2536 431 2572 nutu,
456 2531 624 2566 decimam
653 2531 807 2577 reliquos
831 2529 984 2565 homines
1006 2534 1221 2565 tentaturam
1237 2533 1275 2564 et
1292 2528 1568 2575 uniuscuiusque

67 2574 173 2612 fidele
198 2576 243 2611 ad
264 2576 366 2612 deum
386 2577 600 2624 propositum
627 2578 874 2625 probaturam,
900 2577 1034 2612 cunctis
1056 2577 1135 2613 aliis
1151 2577 1188 2612 in
1207 2577 1370 2623 abyssum
1386 2575 1567 2618 demersis,

67 2634 112 2657 ex
140 2634 181 2658 eo
207 2630 363 2670 tempore
394 2625 606 2671 deputatam.
655 2625 770 2660 Nobis
801 2636 909 2668 vero,
934 2624 1003 2659 nisi
1029 2625 1199 2660 hominem
1217 2623 1335 2659 vivum
1352 2635 1373 2658 a
1393 2622 1567 2658 demortui

66 2669 184 2705 anima
199 2672 341 2712 tentari.
364 2672 449 2707 nihil
483 2672 667 2708 absurdius
686 2672 875 2708 iudicatur.
921 2672 1001 2707 Hac
1029 2673 1074 2707 de
1099 2683 1207 2707 eausa
1226 2671 1354 2718 quibus
1377 2675 1450 2705 tum
1466 2670 1566 2711 haec,

65 2723 142 2752 tum
168 2717 239 2753 alia
265 2718 408 2754 venient
426 2732 470 2755 ex
486 2719 709 2767 Apocrypbis
728 2720 766 2754 in
783 2731 926 2763 manus,
950 2731 995 2754 ne
1016 2718 1202 2755 sententiis
1221 2718 1400 2765 quibusvis
1428 2716 1567 2753 obviam

64 2761 170 2806 factis
184 2765 288 2800 fidem
308 2777 353 2801 ex
374 2767 513 2814 integro
529 2772 731 2814 praestent,
765 2766 918 2804 lectores
938 2767 1128 2803 hortamur.
1173 2765 1242 2802 His
1255 2777 1370 2812 ·porro
1394 2763 1565 2811 praemis·

66 2810 117 2845 sis
144 2811 317 2858 reliquum
345 2819 420 2858 est,
450 2820 491 2849 ut
505 2815 628 2851 brevia
652 2812 822 2860 quaedam
846 2814 1056 2850 chaldaicas
1085 2817 1123 2849 et
1139 2812 1379 2859 Aegyptiacus
1396 2810 1564 2845 historias

65 2857 356 2895 conscribentium
383 2861 499 2908 palam
524 2861 619 2897 dicta
644 2862 883 2907 proferamus,
906 2873 976 2910 quo
1001 2867 1075 2896 tum
1096 2866 1222 2896 mutua
1231 2860 1278 2894 ad
1296 2858 1466 2900 invicem,
1490 2862 1564 2893 tum

65 2905 113 2940 ad
133 2917 267 2940 sacram
289 2906 495 2953 scripturam
515 2909 715 2950 discordia,
737 2913 813 2943 tum
838 2913 1063 2956 portentosae
1088 2907 1309 2955 garrulitatis
1334 2916 1451 2940 earum
1478 2915 1564 2940 con»

65 2951 192 2988 futatio
212 2958 417 2990 cunctorum
436 2956 614 2992 obtutibus
630 2960 839 3003 exponatur.

161 3012 296 3060 Georg.
321 3013 508 3059 Synccllus·
532 3015 561 3050 l.
1253 3002 1282 3046 4
