1800 3236
220 204 326 255 370
528 259 542 271 e
682 208 935 255 GEORGII
963 208 1249 256 SYNCELLI

219 328 336 382 γενεῖ.
375 316 562 379 ἑκάτεροι.
594 318 641 364 δὲ
666 318 952 380 “Ηρακλεῖδαι.
989 318 1083 365 τότε
1112 321 1159 365 δὲ
1190 318 1303 378 ἀγών
1331 318 1507 364 σταδίου
1525 314 1657 375 μόνον
1678 313 1731 376 ἦν

220 395 289 438 καὶ
331 390 467 442 οὐδεὶς
508 388 765 450 ἆνεγρᾶφετο
808 388 1060 450 νικηφόρος,
1100 388 1366 447 ἀμελούντων
1401 394 1487 434 τῶν
1521 387 1729 446 τηνικάδε.

219 461 349 522 ὄγδόῃ
373 463 419 506 δὲ
438 463 505 506 καὶ
528 463 695 521 εῗκοστῇ
726 460 952 517 ὀλυμπιάδι
974 460 1188 521 Κόροιβος
1202 462 1366 512 Ἠλεῖος
1385 458 1600 518 ἀνεγράφη
1625 458 1732 504 otd-

218 537 310 579 διον
346 530 545 590 νικήσας,
584 533 654 576 καὶ
684 529 710 588 ἦ
736 532 837 576 κατ’
867 531 996 576 αὐτὸν
1019 532 1229 588 ὀλυμπιὰς
1250 529 1397 591 πρώτη
1417 528 1606 588 ἐτάχθη,
1645 529 1726 588 ἀφ’

216 598 269 663 ἧς
296 603 491 660 Ἓλληνες
526 602 724 661 ἀριθμεῖν
742 620 782 647 τι
804 604 1000 647 δοκοῦσιν
1021 602 1205 662 ἀκριβῶς
1217 599 1427 661 χρονικόν.
1463 605 1601 645 ταῦτα
1613 600 1760 659 Ἀρι-5

218 674 432 732 στόδημος
468 672 631 731 ἱστορεῖ
654 674 724 717 καὶ
754 673 924 734 συνῳδὰ
956 671 1095 733 τούτῳ
1120 671 1350 728 Πολύβιος.
1388 673 1664 728 Καλλίμαχος
1686 670 1735 714 δέ

218 762 347 804 φησιν
367 740 707 801 ὀλυμπιάδας-ἰγ’
726 748 957 803 παρεῖσθαι
977 743 1036 800 μὴ
1062 743 1386 802 ἀναγραφείσας,
1423 746 1476 801 τῇ
1497 742 1543 786 δὲ
1561 739 1615 785 ιδ’
1637 739 1730 786 Κό-

179 821 367 875 Βροιβον
408 814 573 858 Ἠλεῖον
607 818 787 870 νικῆσαι.
835 812 942 858 ὥστε
972 814 1018 858 ἐκ
1048 811 1218 858 πάντων
1243 811 1344 870 ἡμῖν
1377 814 1624 857 δείκνυσθαι
1657 811 1730 856 τὸν

217 888 311 945 περὶ
353 890 440 929 τῶν
487 881 762 939 ὀλυμπιάδων
798 882 920 947 λόγον
951 883 1000 928 οὗ
1035 883 1152 943 παρὰ
1183 888 1311 927 πᾶσιν
1341 881 1445 927 εἶναι
1478 882 1554 927 τὸν
1585 880 1728 927 αὐτόν.

216 956 318 1000 ὅθεν
346 956 416 999 καὶ
446 959 534 1004 τοῖς
564 954 920 1011 ἐκκλησιαστικοῖς
946 955 1170 1013 ἱστορικοῖς
1202 954 1251 998 οὗ
1278 951 1632 1013 συμπεφώνηται,
1672 950 1730 1004 ὥς
1743 959 1788 995 10

215 1025 303 1070 ἔστι
343 1029 501 1082 μαθεῖν
539 1023 640 1075 τοὺς
680 1025 967 1081 βουλομένους
998 1031 1087 1076 τοῖς
1121 1026 1284 1069 ἐκείνων
1315 1021 1636 1082 συγγράμμασιν
1662 1023 1730 1067 ἐν-

215 1093 510 1155 τυγχάνοντας.
549 1092 649 1150 ἡμῖν
687 1096 769 1153 γὰρ
797 1090 937 1140 ’τοῦτο’
965 1093 1099 1152 μόνον
1130 1093 1441 1149 ἐσπούδασται,
1481 1097 1599 1152 σαφῆ
1634 1110 1729 1137 τινα

214 1169 284 1211 καὶ
320 1162 591 1224 κεφαλαιώδη
622 1171 710 1217 τοῖς
738 1166 936 1224 ἀγνοοῦσι
966 1167 1154 1224 θεωρίαν
1173 1156 1402 1220 ἐκθέσθαι,
1440 1163 1518 1222 οὖχ
1540 1163 1605 1208 ὅτι
1634 1170 1730 1215 ταῖς

213 1238 352 1288 θείαις
377 1242 562 1294 γραφαῖς
592 1237 685 1293 περὶ
707 1234 982 1293 ὃλυμπιοῖδων
1010 1254 1050 1279 τι
1069 1236 1252 1296 εἴρηται,
1284 1235 1390 1279 ’ἀλλ’
1424 1234 1489 1279 ὅτι
1515 1232 1726 1285 πολλοῖςὸ

214 1310 307 1367 περὶ
328 1306 467 1351 αὐτῶν
501 1303 625 1363 λόγος
642 1304 852 1365 πατράσιν
879 1309 922 1351 ἐν
937 1304 1087 1365 χρήσει
1117 1308 1277 1365 γέγονε,
1315 1306 1384 1350 διὰ
1408 1306 1456 1350 τὸ
1477 1309 1727 1365 μετρεῖσθαι
1740 1312 1785 1348 15

214 1378 346 1429 αὐτὰς
382 1373 499 1435 παρά
530 1393 574 1420 τε
602 1376 830 1424 Μακεδόσι
860 1379 930 1421 καὶ
952 1376 1173 1433 Ῥωμαίοις
1202 1379 1271 1421 καὶ
1287 1377 1478 1435 Πέρσαις
1499 1378 1568 1420 καὶ
1588 1378 1728 1434 Αἴγυ-

212 1451 350 1499 πτίοις
392 1449 461 1490 καὶ
492 1445 638 1497 αὐτοῖς
652 1446 897 1503 Ἰουδαίοις,
938 1446 996 1500 ὥς
1013 1455 1225 1508 μαρτυρεῖ
1243 1449 1387 1493 Φίλων
1408 1448 1478 1491 καὶ
1494 1445 1729 1505 Ἰώσηππος

213 1516 489 1576 ὀνομάζοντες
513 1514 660 1568 αὐτάς.
1406 1516 1407 1519 '

52 1605 95 1640 Ρ,
122 1605 189 1642 197
323 1588 414 1633 Οὔκ
442 1586 632 1644 ἄμουσον
666 1585 713 1631 δ’
745 1585 799 1631 ἂν
826 1586 887 1646 εἴη
921 1589 991 1632 καὶ
1023 1586 1101 1645 τὴν
1118 1586 1502 1647 παρ’»Αἶγυπτίοις
1523 1588 1616 1646 περὶ
1643 1591 1728 1632 τῶν

210 1661 538 1719 τετραετηρικῶν
579 1656 852 1714 ὃλυμπιάδων
897 1657 1059 1702 ἔννοιαν
1088 1657 1221 1713 ἄλλην
1258 1659 1353 1703 τινὰ
1387 1663 1464 1714 τῆς
1494 1659 1613 1715 παρὰ
1638 1665 1727 1708 τοῖς
1738 1664 1785 1700 20

204 1731 449 1789 Ἀθηναίοις
479 1723 611 1772 οὖσαν
630 1727 674 1772 ἐν
692 1733 848 1787 βραχεῖ
860 1730 1049 1797 δηλῶσαι
1069 1725 1414 1785 τοΐςᾶγνοοῦσιν.
1450 1724 1478 1784 ἦ
1498 1726 1579 1785 γὰρ
1602 1723 1728 1783 σελή-

304 1854 338 1890 1.
362 1849 486 1899 μόνον
505 1845 555 1898 ἦν
573 1850 614 1886 Β.
639 1847 688 1897 ἦν
702 1848 826 1897 μόνον
849 1851 897 1886 G.
1011 1850 1048 1888 3.
1073 1851 1222 1899 εἰκοστῇ
1242 1850 1414 1897 Scaliger.
1451 1848 1567 1895 Vulgo
1589 1846 1725 1886 εἰκάδι.

376 1900 493 1946 Vulgo
516 1897 692 1950 Κόρυβος
715 1904 754 1935 et
777 1899 871 1934 infra
886 1895 1076 1950 Κόρυβον.
1187 1898 1244 1936 14.
1268 1912 1306 1936 τι
1327 1910 1393 1934 om.
1418 1898 1465 1932 G.
1556 1899 1726 1941 zomon,-

304 1944 593 2042 ‘titilxiieg‘innowg
612 1950 656 1985 A.
683 1958 750 1985 om.
771 1947 822 1982 G.
939 1948 996 1995 17.
1021 1944 1089 1993 ὡς]
1111 1946 1176 1984 καὶ
1201 1947 1251 1983 G.
1371 1947 1432 1983 20.
1455 1944 1538 1992 τῆς]
1563 1945 1727 1991 Legeba-

211 2098 347 2135 dicrum
369 2102 546 2136 certamen
568 2098 800 2136 consecravit.
849 2094 1039 2135 Caeterum
1057 2097 1103 2135 de
1124 2099 1199 2135 solo
1218 2098 1255 2134 in
1274 2097 1391 2135 stadio
1411 2107 1517 2133 cursu
1537 2108 1627 2143 agon
1648 2098 1726 2132 erat

211 2147 372 2193 primitus
397 2148 605 2191 institutus3
630 2152 668 2183 et
689 2159 733 2183 ex
758 2147 895 2182 incuria
919 2147 1068 2183 victoris
1093 2147 1219 2181 nullius
1241 2158 1366 2181 nomen
1391 2145 1430 2181 in
1446 2146 1563 2179 fastos
1588 2145 1725 2185 refere-

210 2195 328 2229 batur.
377 2195 539 2230 Coroebo
559 2195 686 2230 deinde
703 2193 838 2229 Eliensi
863 2194 1079 2241 Olympiade
1101 2196 1148 2231 28
1179 2194 1318 2228 victore
1349 2193 1563 2239 proclamato
1588 2195 1626 2226 et
1648 2191 1724 2226 eius

209 2241 346 2276 nomine
366 2242 514 2287 publicis
540 2242 674 2277 tabulis
701 2246 924 2283 consecrato,
951 2253 1015 2283 ea,
1040 2253 1109 2287 qua
1126 2241 1235 2283 vicit,
1261 2240 1445 2287 Olympias
1472 2239 1621 2274 omnium
1649 2238 1726 2285 pri—

209 2299 265 2324 ma
296 2288 462 2336 deinceps
490 2289 638 2332 habita,
672 2299 717 2325 ex
744 2300 816 2335 qua
843 2288 1014 2324 rationem
1040 2293 1235 2335 temporum
1257 2287 1510 2323 accuratiorem
1544 2286 1723 2320 deducen-

210 2336 289 2371 dam
306 2336 456 2371 Graecis
488 2336 666 2382 placitum.
713 2334 767 2370 De
791 2335 845 2370 his
875 2335 1107 2370 narrationem
1136 2335 1378 2371 Aristodemus
1405 2333 1586 2369 contexuit
1621 2338 1659 2368 et
1688 2332 1723 2368 ei

210 2387 446 2418 consentanea
463 2383 658 2430 Polybius3
694 2382 925 2428 Olympiades
957 2382 1041 2418 licet
1076 2383 1119 2419 13
1144 2382 1312 2424 omissas,
1344 2379 1391 2419 14
1409 2393 1493 2417 vero
1523 2381 1722 2415 Coroebum

209 2430 378 2466 victorem
396 2430 671 2477 'pronunciatum
699 2429 737 2464 in
766 2430 950 2465 adversum
979 2430 1214 2465 Callimachus
1243 2430 1445 2465 contendat.
1505 2428 1627 2470 Quare
1654 2439 1723 2462 non

211 2478 359 2513 omnium
381 2477 476 2524 apud
497 2489 614 2512 omnes
632 2476 876 2523 Olympiadum
898 2489 976 2512 esse
995 2477 1184 2521 rationem,
1209 2489 1274 2513 nec
1294 2475 1544 2513 ecclesiasticis
1563 2475 1723 2510 Histori-

212 2524 262 2560 cis
278 2525 484 2560 concordem
502 2525 538 2560 in
555 2525 601 2559 iis
622 2524 828 2559 sententiam
849 2537 945 2568 esse,
974 2536 1092 2560 eorum
1110 2525 1356 2561 evolventibus
1377 2525 1510 2571 scripta
1531 2522 1624 2557 haud
1651 2522 1722 2556 dif—

209 2571 348 2607 ficulter
375 2572 562 2607 constabit.
610 2571 724 2607 Nobis
751 2583 836 2606 vero
862 2572 949 2606 illud
973 2572 1183 2608 solummodo
1208 2573 1390 2608 consilium
1416 2572 1508 2613 fuit,
1533 2574 1576 2604 ut
1597 2569 1723 2615 Olym-

211 2620 352 2667 piadum
374 2619 496 2654 insciis
515 2620 659 2654 brevem
677 2630 722 2654 ac
743 2618 929 2654 dilucidam
949 2632 1067 2655 earum
1093 2621 1328 2667 proferremus
1349 2617 1622 2665 expositionem,
1652 2627 1722 2651 non

210 2667 305 2713 quod
327 2666 572 2714 olympiadum
592 2677 704 2701 sermo
724 2677 745 2700 a
766 2666 951 2712 scripturis
970 2667 1100 2702 divinis
1129 2673 1324 2711 tractetur,
1351 2667 1414 2702 sed
1436 2665 1530 2713 quod
1556 2663 1722 2699 nonnulla

211 2713 258 2749 sit
278 2725 394 2748 earum
415 2713 507 2761 apud
528 2718 670 2749 sanctos
690 2718 811 2760 patres
826 2715 954 2749 mentio
976 2721 1012 2749 et
1029 2727 1050 2750 a
1070 2715 1348 2758 Macedonibus,
1374 2711 1560 2754 Romanis,
1586 2710 1722 2754 Persis,

211 2761 398 2807 Aegyptiis
421 2766 458 2797 et
483 2760 572 2808 ipsis
593 2772 730 2807 quoque
749 2760 890 2795 Iudaeis
914 2768 1167 2806 memorentur,
1201 2775 1222 2797 e
1248 2773 1396 2809 quorum
1417 2771 1529 2808 grege
1557 2758 1662 2794 Philo
1685 2762 1722 2793 et

210 2808 382 2855 Iosephus
394 2819 466 2843 non
480 2809 675 2844 obscurum*
683 2807 807 2842 iisdem
826 2808 1057 2844 testimonium
1073 2810 1204 2845 ferunt.
1223 2828 1225 2830 ·

306 2855 358 2890 Ut
385 2867 470 2890 vero
495 2855 615 2891 labore
642 2859 762 2890 nostro
793 2855 954 2890 nonnulla
978 2856 1043 2891 fiat
1069 2856 1199 2892 litteris
1227 2855 1408 2899 accessio,
1440 2854 1591 2902 agedum
1616 2854 1719 2890 aliam

211 2901 511 2948 quadriennalium
546 2902 793 2949 Olympiadum
827 2903 871 2937 ab
910 2903 1096 2950 Aegyptiis
1130 2906 1364 2951 excogitatam
1401 2904 1572 2938 rationem
1605 2906 1643 2937 et
1674 2902 1719 2936 ab
1748 2947 1751 2949 Α

213 2949 483 2986 Atheniensibus
503 2949 636 2987 usitata
644 2950 826 3001 ‚diversam
843 2951 1072 2998 compendio,
1095 2958 1264 2999 quantum
1284 2962 1342 2988 tes
1362 2952 1477 2994 feret,
1501 2962 1570 2987 non
1591 2959 1719 2996 exper-
