1800 3236
199 187 332 254 :275
674 194 961 255 brenen
985 201 1278 255 SYNCELM
1313 169 1318 179 ⁴

225 310 422 380 ’Μακηὸῗὰ
462 319 537 368 καὶ
570 315 756 377 Axima,
793 321 964 377 Λαχὶς,
1001 320 1071 364 καὶ
1104 319 1181 373 τὸν
1211 316 1400 376 ’βασιλέα
1429 322 1472 363 Γ
1469 317 1744 379 αζέρἸαρᾶμ

228 395 481 450 βοηθοῦντα
510 394 600 443 τοῖς
627 392 674 436 ἓν
701 392 887 447 Λαχὶς,
910 388 989 447 τήν
1023 396 1070 434 τε
1093 382 1404 447 Ὀὃολλὰμκαὶ
1433 389 1512 447 τὴν
1540 387 1740 449 Χεβρών.

223 461 326 508 ’τότε
346 463 559 522 παρέλαβε
579 462 648 505 καὶ
677 461 756 518 τὴν
786 462 953 519 Δαβεὶρ
988 462 1057 504 καὶ
1088 459 1163 505 τὸν
1191 460 1372 518 βασιλέα
1402 460 1535 518 αὐτῆς
1568 462 1639 505 καὶ
1666 454 1745 510 τὰς

225 531 382 591 ’κώμας
405 532 537 589 αὐτῆς
546 565 558 585 ,
599 532 668 575 καὶ
686 534 828 593 πᾶσαν
853 530 932 588 τὴν
953 528 1130 589 ὀρεινήν.
1370 540 1372 542 ’

198 603 233 640 Β
337 603 489 659 Ἰαβεὶν
512 602 559 646 δὲ
588 599 610 645 ὃ
632 600 833 656 βασιλεὺς
843 600 980 660 Ἀσὼρ
1002 600 1214 660 ἀθροίσας
1232 600 1333 653 τοῦς
1352 599 1445 660 περὶ
1463 597 1592 646 αὗτόν
1612 616 1657 644 τε
1675 600 1779 644 καὶὸ

236 676 406 720 Σιδῶνα
427 673 506 730 τὴν
526 670 711 729 μεγάλην
731 675 944 725 βασιλεῖς,
982 669 1084 723 τούς
1107 689 1151 716 τε
1177 671 1259 716 ἀπὸ
1279 676 1420 730 βορρᾶ
1444 673 1515 716 καὶ
1533 675 1611 728 τῆς
1629 667 1747 714 necit-

236 749 313 802 νῆς
343 745 411 788 καὶ
433 742 534 794 τοὺς
559 742 644 787 ἀπὸ
665 741 882 786 ἀνατολῶν
904 743 1141 800 παραλίους
1164 743 1462 809 Χαναναίους,
1499 742 1748 800 Χορραίους

237 832 282 859 τε
301 816 371 859 καὶ
392 813 672 872 Ἀμορραίους
696 814 766 856 καὶ
785 811 971 864 Εὖαῖους
992 814 1061 856 καὶ
1083 811 1368 870 Ἰεβουσαίους
1396 814 1466 856 καὶ
1496 812 1749 871 Φερεζαίους

237 887 307 929 καὶ
328 885 578 937 Χετταίους,
616 883 715 934 τοὺς
742 881 825 927 ὕπὸ
852 883 929 939 τὴν
959 882 1115 941 ἔρημον
1135 883 1316 934 πολλοὺς
1341 881 1468 934 ὄντας
1488 880 1585 926 ὡσεὶ
1603 881 1745 939 ἄμμος

237 960 317 1017 τῇς
334 952 561 1011 θαλάσσης
582 955 651 997 καὶ
671 953 879 1004 δυνατοὺς
899 953 942 997 ἐν
967 952 1128 1012 ἅρμασι
1150 955 1219 998 καὶ
1233 955 1392 1007 ἵπποις,
1428 947 1538 1010 ἦλθε
1561 957 1747 1010 πολεμῆ-
1760 963 1800 1000 10

239 1042 313 1072 σαι
343 1025 451 1085 πρὸς
478 1024 553 1069 τὸν
574 1024 738 1081 Ἰησοῦν
753 1037 764 1047 ·
802 1022 877 1074 οὓς
894 1021 1057 1075 πάντας
1077 1023 1340 1082 παραλαβὼν
1361 1023 1494 1068 ἀνεῖλε
1515 1020 1750 1075 σκυλεύσας

229 1091 400 1148 ἀὐτοῦς
426 1097 495 1140 καὶ
525 1094 602 1145 τὰς
627 1091 767 1145 πόλεις
794 1093 949 1138 αὐτῶν.
987 1092 1140 1146 πάντες
1169 1094 1210 1139 οἳ
1228 1098 1417 1151 βασιλεῖς
1441 1091 1516 1145 οὓς
1535 1093 1750 1153 παρέδωκε

242 1165 385 1226 κύριος
418 1170 480 1227 τῷ
497 1165 637 1222 Ἰησοῦ
659 1162 732 1208 κθ’
742 1197 756 1219 ,
797 1158 855 1209 ὧν
875 1164 930 1208 τὰ
953 1162 1142 1220 ὀνόματα
1163 1165 1392 1223 γέγραπται
1414 1165 1457 1208 ἓν
1479 1166 1632 1225 βίβλῳ.
1663 1163 1750 1222 Ἰη-

207 1242 349 1289 Οσοῦς
384 1237 430 1281 δὲ
460 1233 741 1295 πρεσβύτερος
775 1235 1074 1294 προβεβηκὼς,
1110 1237 1179 1279 καὶ
1200 1234 1453 1294 προσέταξεν
1472 1234 1589 1296 αὐτῷ
1607 1230 1750 1294 κύριος

245 1310 314 1353 καὶ
346 1303 648 1366 ἔκληροὸὃτησε
680 1309 822 1350 πᾶσαν
858 1305 935 1362 τὴν
962 1310 1040 1364 γῆν
1065 1313 1158 1357 ταῖς
1184 1306 1302 1350 ε’ννέα
1320 1307 1390 1350 καὶ
1412 1303 1552 1363 ἡμίσει
1576 1309 1745 1365 φυλαῖς,
1762 1313 1800 1351 15

246 1378 375 1429 αὗτὸς
399 1379 468 1422 καὶ
481 1374 685 1435 Ἐλεάζαρ
717 1374 738 1420 ὅ
760 1375 996 1434 ἀρχιερεὺς,
1036 1374 1173 1420 ἔναντι
1195 1377 1340 1436 κυρίου
1361 1377 1404 1420 ἓν
1423 1374 1584 1432 Σιλώμ.
1621 1380 1682 1436 τῷ
1703 1376 1751 1420 δὲ

233 1449 381 1506 ’Ἰησοῦ
411 1445 544 1504 ἐδόθη
571 1446 792 1503 Θαμναθὰ
823 1447 866 1490 ἓν
887 1445 972 1505 ὄρει
990 1447 1174 1506 Ἐφραῖμ
1183 1480 1198 1502 ,
1238 1448 1308 1491 καὶ
1327 1450 1388 1507 τῷ
1406 1447 1559 1502 Χαλὲβ
1578 1446 1657 1508 υἱῷ
1673 1446 1752 1491 Ἰε-

247 1518 380 1578 φοννὴ
405 1515 623 1574 αἰτήσαντι
644 1515 780 1573 ἐδόθη
797 1517 996 1575 Χεβρὼν,
1022 1516 1069 1570 ὃς
1087 1519 1157 1562 καὶ
1179 1515 1368 1575 ἐξήλειψε
1386 1517 1486 1568 τοὺς
1503 1523 1615 1576 τρεῖς
1633 1517 1752 1569 υἷοὺς

245 1590 392 1645 Ἓνὰκ,
431 1588 532 1640 τοὺς
563 1587 847 1644 καλουμένους
867 1588 1076 1647 γίγαντας.
1113 1592 1175 1650 τῷ
1196 1589 1243 1633 δὲ
1261 1591 1303 1633 Γ
1300 1588 1487 1646 οθονοὴλ
1505 1585 1753 1650 ὁμομητρίῳ

343 1714 377 1752 1.
400 1712 591 1760 Μακηδοὶ,
614 1711 679 1750 καὶ
695 1711 847 1761 Λεβνᾶ,
870 1711 936 1751 καὶ
964 1712 1104 1761 Λαχὶς,
1126 1712 1193 1751 καὶ
1219 1711 1330 1760 Ελοὶμ
1352 1711 1422 1750 τὸν
1449 1710 1606 1763 βασιλέα
1630 1709 1755 1759 Γαζὲρ

343 1763 566 1809 βοηθοῦντα
597 1762 664 1807 τῆς
691 1760 810 1807 Λαχὶς
838 1761 1068 1810 παρέλαβεν,
1101 1759 1172 1810 τήν
1196 1774 1237 1799 τε
1266 1759 1463 1807 Οδολλὰμ,
1493 1761 1559 1798 καὶ
1584 1758 1654 1807 τὴν
1679 1763 1755 1798 Χε-

343 1808 460 1856 βρών.
492 1808 576 1846 τότε
601 1807 808 1857 παρέλαβεν
834 1810 900 1846 καὶ
927 1810 999 1857 τὴν
1027 1810 1173 1858 Δαβὶρ,
1204 1809 1269 1846 καὶ
1293 1809 1361 1847 τὸν
1382 1807 1536 1858 βασιλέα
1564 1806 1684 1856 αὐτῆς
1706 1820 1754 1845 m.

343 1856 438 1891 Vide
454 1856 579 1893 Iosuae
597 1855 645 1899 X,
669 1857 728 1893 29.
831 1856 964 1904 Λαχὶς]
989 1856 1103 1904 λάχῃς
1121 1860 1164 1894 A.
1190 1857 1312 1904 λαχεὶς
1327 1858 1371 1892 Β.
1481 1854 1601 1903 Σαρὰμ.
1617 1857 1660 1892 Β.
1688 1859 1754 1893 Ια-

345 1901 420 1952 ροὶβ
441 1903 490 1938 Gr.
604 1905 639 1939 2.
666 1906 748 1944 τοῖς
768 1902 807 1941 ἐν
824 1904 947 1952 λάχεις
965 1906 1008 1941 Β.
1033 1909 1116 1947 τοῖς
1131 1904 1264 1952 ἐλάχης
1283 1905 1325 1939 Α.
1348 1905 1418 1950 τῆς
1434 1902 1584 1950 Ελάχης
1606 1904 1655 1938 G.

344 1947 514 1996 ὀδολλάμ
532 1951 575 1986 Β.
596 1950 756 1995 Οδολᾶμ
776 1953 824 1989 G.
930 1951 1074 2002 χεβρών
1093 1954 1136 1987 Β.
1160 1949 1322 2001 Χεβραὶμ
1345 1952 1396 1988 G·
1497 1953 1533 1988 6.
1557 1949 1691 1988 σιδὸνα
1710 1950 1754 1986 Β.

339 2011 355 2014 “·
415 1998 535 2045 βορρᾶ
562 1998 606 2033 Β.
637 1997 786 2057 βοῤῥᾶν
811 1998 859 2035 G.
979 2003 1015 2038 8.
1042 1998 1256 2047 φερεζώους
1275 2000 1318 2035 B.
1438 1998 1474 2034 9.
1509 1998 1595 2036 ὡσεὶ
1622 1999 1666 2036 Β.
1700 1995 1755 2040 ὡς

344 2041 371 2092 ἡ
395 2046 443 2080 G.
475 2060 478 2063 >
549 2047 605 2082 10.
627 2048 747 2092 ηλθεν
763 2046 839 2083 AB.
861 2042 988 2095 ἦλθον
1011 2048 1059 2083 G.
1173 2047 1231 2084 14.
1254 2046 1320 2085 καὶ
1342 2045 1586 2094 προβεβηκώς
1609 2046 1658 2082 G.

343 2090 478 2137 κύριος
503 2092 549 2128 Β.
579 2089 600 2130 ὁ
622 2091 826 2137 κύριος-(Ξ.
947 2097 1005 2133 16.
1026 2093 1139 2144 Σηλώ
1164 2106 1208 2132 m.
1333 2095 1392 2132 17.
1429 2094 1542 2142 Vulgo
1570 2091 1752 2141 Ιεφωνία.

347 2139 500 2186 ἰεφοννὶ
521 2140 562 2175 B·
658 2143 717 2179 19.
743 2139 937 2189 Γοθονιήλ
961 2143 1011 2179 G.

251 2244 428 2294 quinque,
449 2245 599 2283 Maceda
622 2249 659 2283 et
690 2248 832 2292 Lebua,
855 2247 987 2284 Lachis
1012 2250 1051 2285 et
1078 2260 1200 2296 regem
1226 2249 1349 2284 Gazer
1380 2247 1483 2283 Elam
1514 2245 1645 2282 Lachis
1672 2244 1753 2282 urbi

252 2293 433 2340 suppetias
450 2293 604 2329 laturum
626 2300 662 2330 et
680 2296 843 2332 Odoilam
863 2299 900 2331 et
917 2296 1095 2332 Chebron.
1142 2297 1230 2332 Mox
1244 2296 1341 2343 cepit
1355 2295 1468 2332 Dabit
1486 2298 1524 2330 et
1540 2305 1660 2341 regem
1677 2293 1753 2329 eius

252 2345 290 2376 'et
309 2340 406 2376 vicos
425 2340 499 2375 eius
519 2345 557 2375 et
573 2353 705 2377 omnem
723 2349 917 2379 montanam
935 2343 1127 2389 regionem.

345 2389 393 2422 At
403 2387 517 2430 labin,
537 2399 598 2422 rex
610 2390 714 2432 Asor,
727 2390 882 2426 collectis
903 2390 971 2425 sibi
989 2390 1114 2426 vicinis
1129 2389 1323 2437 Sidonique
1340 2400 1487 2437 magnae
1505 2387 1662 2435 regibus,
1687 2399 1754 2423 nec

251 2443 322 2469 non
344 2434 404 2480 qui
430 2435 477 2470 ad
496 2436 769 2481 septentrionem
793 2438 850 2473 vel
878 2437 1057 2484 planitiem
1077 2438 1134 2474 vel
1153 2438 1199 2473 ad
1219 2438 1389 2473 orientem
1409 2437 1471 2472 siti
1494 2441 1594 2479 sunt,
1618 2435 1754 2471 mariti-

249 2481 317 2516 mis
341 2481 585 2525 Chananaeis,
618 2483 827 2527 chon-aeis,
862 2484 1082 2520 Amorrhaeis
1097 2511 1107 2528 ,
1130 2484 1286 2527 Evaeis‚
1311 2484 1515 2527 lebusaeis‚
1538 2482 1753 2518 Pherezaeis

251 2531 292 2562 'et
307 2527 489 2564 Chettaeis
506 2529 551 2564 ad
570 2529 704 2565 deserti
730 2531 870 2578 plagam
887 2532 1114 2578 vergentibus
1132 2537 1169 2568 et
1189 2531 1310 2578 copias
1332 2532 1378 2567 ad
1399 2532 1512 2566 instar
1529 2541 1658 2566 arenae
1678 2541 1753 2565 ma-

251 2574 306 2610 ‘ris
319 2575 548 2611 conflantibus
565 2575 783 2620 innumerae,
806 2578 963 2622 viribus,
986 2579 1111 2623 animo,
1136 2591 1156 2615 c
1182 2579 1296 2614 tribus
1310 2582 1350 2614 et
1368 2579 1467 2625 equis
1488 2577 1690 2619 instructas,
1714 2576 1753 2611 in

252 2622 366 2657 Iesum
383 2622 512 2658 bellum
528 2623 690 2658 illaturus
712 2625 840 2668 movit3
863 2625 923 2661 ille
947 2631 1070 2673 captos
1093 2627 1169 2662 occi
1194 2627 1223 2661 it
1246 2629 1411 2668 cunctos,
1444 2623 1591 2671 diripuit
1615 2623 1754 2659 exerci-

252 2673 324 2704 tum
353 2672 391 2705 et
417 2670 522 2705 urbes
545 2670 780 2717 depraedatus
804 2675 869 2707 est.
919 2673 1049 2708 Omnes
1075 2685 1179 2720 reges
1208 2685 1230 2708 a
1261 2672 1398 2707 domino
1423 2671 1503 2706 Iesu
1524 2670 1650 2706 traditi
1669 2672 1752 2706 sunt

252 2720 394 2751 numero
412 2717 544 2763 viginti
557 2729 680 2753 novem
697 2730 885 2766 eorumque
902 2721 1041 2755 nomina
1059 2721 1095 2755 in
1113 2721 1189 2756 eius
1209 2720 1300 2755 libro
1317 2719 1497 2765 descripta
1513 2718 1752 2765 reperiuntur.

252 2763 353 2798 Iesus
369 2766 485 2799 autem
503 2763 569 2800 iam
587 2765 704 2800 senior
720 2771 799 2801 erat
815 2770 851 2800 et
870 2771 1059 2814 provectus
1079 2771 1214 2809 aetate3
1239 2771 1276 2801 et
1290 2766 1534 2813 praecipiente
1555 2765 1587 2800 ei
1611 2765 1750 2801 domino

253 2822 378 2845 novem
398 2815 435 2846 et
449 2811 612 2847 dimidiae
628 2812 791 2848 tribubus
809 2813 887 2860 ipse
910 2817 947 2849 et
968 2814 1121 2850 Eleazar
1139 2813 1299 2860 pontifex
1322 2817 1452 2849 terram
1478 2824 1610 2848 omnem
1634 2823 1751 2848 coram

254 2857 391 2893 domino
420 2858 457 2893 in
484 2859 566 2894 Seio
592 2864 687 2895 sorte
718 2859 851 2896 divisit.
906 2861 986 2896 Iesu
1013 2870 1099 2896 vero
1126 2862 1210 2895 data
1225 2865 1288 2904 vest
1316 2861 1541 2896 Thamnatha
1569 2860 1607 2895 in
1635 2864 1752 2894 monte

249 2904 420 2950 Ephraim
435 2908 472 2940 et
489 2906 623 2942 Chaleb
649 2906 722 2942 filio
748 2907 936 2954 Iephoniae
959 2908 1093 2954 petenti
1118 2907 1302 2950 chebron,
1335 2908 1395 2954 qui
1425 2912 1499 2944 tres
1515 2907 1613 2948 ,filios
1637 2907 1751 2949 Enac,

252 2951 621 2999 Giganteffvocatos,
643 2954 862 3003 profligavit.
921 2955 1039 2994 Fratri
1065 2967 1150 2994 vero
1179 2954 1372 2992 Gothoniel
1402 2967 1448 2993 ex
1475 2955 1596 2993 eadem
1624 2957 1749 2997 matre,
