1754 3236
163 166 231 216 24
693 164 952 213 GEORGII
980 163 1270 210 SYNCELLI

164 284 301 341 με’νων
332 281 447 343 αὐτῷ
484 280 590 341 πρὸς
620 277 863 335 θεοσέβειαν
895 276 939 321 ἔν
966 278 1027 337 τῷ
1057 271 1192 336 ἐνάτῳ
1222 278 1300 332 τῆς
1329 273 1484 331 Ἶμοῦθ
1513 274 1666 335 βίβλῳ,

164 354 340 412 ἔχουσαν
363 348 443 398 ὧδε
472 376 504 407 ,,
520 348 751 410 φάσκουσιν
779 349 822 392 αἱ
846 347 951 407 ἱεραὶ
977 348 1139 406 γραφαὶ
1159 345 1253 404 ἤτοι
1272 347 1439 403 βίβλοι,
1480 339 1514 388 ὦ
1532 342 1668 402 γύναι,

166 425 231 470 ὅτι
258 423 346 469 ἔστι
374 441 415 468 τι
447 419 656 478 δαιμόνων
685 418 800 478 γένος
832 417 854 463 ὃ
883 422 1040 476 χρῆται
1072 418 1270 475 γυναιξίν.
1320 412 1598 474 ἐμνημόνευσε
1626 415 1673 460 δὲ

36 504 79 542 Ρ.
99 503 146 542 14
169 497 239 540 καὶ
260 493 416 554 Ἑρμῆς
438 493 479 537 ἓν
499 498 587 543 τοῖς
610 496 821 550 φυσικοῖς,
860 490 929 532 καὶ
953 488 1101 546 σχεδὸν
1121 486 1234 539 ἅπας
1256 485 1379 545 λόγος
1401 486 1583 545 φανερὸς
1602 487 1674 530 καὶ

167 563 412 624 ἆπόκρυφος
432 567 557 607 τοῦτο
582 558 872 619 ἐμνημόνευσε.
910 564 1038 603 τοῦτο
1061 553 1135 603 οὗν
1155 557 1320 617 ἔφασαν
1343 557 1387 602 αἶ
1411 558 1582 633 ἀρχαῖαι
1600 558 1703 603 καὶὸ

166 641 281 682 θεῖαι
312 635 493 693 γραφαὶ,
531 630 595 676 ὅτι
623 630 789 690 ἄγγελοί
811 647 917 681 τινες
946 627 1220 686 ἐπεθύμησαν
1247 632 1333 673 τῶν
1364 632 1571 700 γυναικαΞν
1604 629 1675 672 καὶ

169 703 445 755 κατελθόντες
463 704 656 755 ἐδίδαξαν
676 700 808 753 αὐτὰς
833 699 972 745 πάντα
992 700 1045 744 τὰ
1068 704 1145 756 τῆς
1165 697 1333 758 φύσεως
1351 699 1473 757 ἴργα,
1514 701 1572 744 ὡν
1590 696 1676 755 χά-

168 795 255 836 ριν,
304 775 431 835 φησὶ,
474 770 855 832 προσκρούσαντες,
905 770 983 824 ἔξω
1023 775 1099 814 τοῦ
1145 769 1329 829 οὐρανοῦ
1373 769 1558 825 ἔμειναν,
1610 768 1676 814 ὅτι

168 845 306 891 πάντα
324 845 379 889 τὰ
400 844 563 902 πονηρὰ
582 845 650 887 καὶ
668 844 799 900 μηδὲν
823 842 1067 901 ὠφελοῦντα
1090 840 1168 898 τὴν
1191 840 1337 898 ψυχὴν
1362 841 1559 893 ἐδίδαξαν
1575 840 1678 892 τούς

170 914 436 975 ἀνθρώπους.
486 915 529 966 ἐξ
553 915 692 958 αὐτῶν
714 912 948 972 φάσκουσιν
972 912 1016 956 αἱ
1049 911 1174 956 αὐταὶ
1194 913 1357 971 γραφαὶ
1386 912 1456 955 καὶ
1485 911 1586 962 τοὺς
1612 913 1677 969 γί-
1688 921 1733 957 10

168 1004 325 1046 γαντας
340 989 598 1044 γεγενῆσθαι.
649 983 760 1028 ἔστιν
782 980 856 1028 οὗν
882 983 1022 1028 αὐτῶν
1043 980 1070 1040 ἦ
1102 981 1248 1042 πρώτη
1269 979 1505 1041 παράδοσις
1523 985 1677 1040 Χημεῦ

169 1059 261 1115 περὶ
288 1055 445 1101 τούτων
467 1060 551 1099 τῶν
571 1059 737 1111 τεχνῶν.
786 1053 952 1098 ἐκάλεσε
979 1054 1025 1098 δὲ
1049 1051 1207 1111 ταύτην
1237 1052 1314 1111 τὴν
1328 1055 1480 1111 βίβλον
1504 1056 1674 1111 Χημεῢ,

170 1127 290 1172 ἔνθεν
311 1129 379 1171 καὶ
399 1124 425 1184 ἡ
447 1126 565 1183 τέχνη
585 1127 738 1183 χημεία
762 1130 946 1170 καλεῖται
956 1125 983 1146 ”
1005 1126 1074 1168 καὶ
1095 1124 1150 1168 τὰ
1170 1123 1278 1181 ἑξῆς.

133 1208 165 1244 Β
281 1195 455 1243 Τούτων
486 1195 620 1248 οὕτως
653 1194 831 1253 ἐχόντων
860 1198 953 1255 περὶ
990 1200 1076 1240 τῶν
1109 1196 1154 1239 ἐκ
1191 1200 1269 1239 τοῦ
1302 1195 1405 1253 Σὴθ
1443 1192 1679 1255 ἓγρηγόρων

170 1267 264 1313 δέον
283 1265 493 1326 γινώσκειν
513 1265 576 1311 ὅτι
595 1267 710 1325 παρὰ
727 1268 802 1324 μὲν
822 1271 874 1327 τῇ
893 1263 1162 1327 θεοπνεύστῳ
1183 1271 1326 1326 γραφῇ
1347 1266 1429 1326 πρὸ
1449 1271 1525 1311 τοῦ
1545 1285 1679 1312 κοιτα-
1692 1276 1737 1314 15

170 1343 358 1395 κλυσμοῦ
386 1339 478 1395 περὶ
500 1340 715 1395 βασιλείας
743 1343 820 1396 τῆς
846 1339 1019 1383 οἶασοῦν
1049 1336 1099 1381 οὗ
1123 1337 1293 1396 φέρεται
1309 1351 1319 1362 ·
1358 1339 1488 1395 δῆλον
1517 1337 1599 1397 γὰρ
1623 1336 1681 1390 ὥς

172 1408 213 1454 οἳ
243 1413 320 1454 τοῦ
349 1408 490 1467 γένους
525 1408 785 1468 προπάτορες
810 1407 948 1466 Ἀδάμ
978 1409 1123 1453 τεκαὶ
1160 1409 1262 1466 Σὴθ
1288 1409 1358 1453 καὶ
1378 1408 1508 1460 Ἔνιὺς
1535 1411 1609 1463 καὶ
1641 1409 1682 1454 οἳ

172 1479 287 1538 ἄμφ’
314 1478 470 1530 αὐτοὺς
494 1477 784 1538 ἓπισημότεροι
796 1514 810 1535 ,
850 1474 966 1524 οὗτοι
998 1480 1173 1539 ἐξῆρχον
1200 1483 1287 1524 τῶν
1310 1483 1479 1525 πολλῶν
1503 1479 1583 1532 ἕως
1611 1497 1682 1525 τε·-

170 1550 284 1601 λείας
320 1549 667 1607 κατακρατήσεως
703 1555 787 1595 τῶν
818 1549 1020 1610 γιγάντων
1030 1584 1045 1606 ,
1096 1549 1169 1602 οὓς
1209 1552 1430 1607 νομίζομεν
1463 1558 1682 1611 τυραννεῖν

170 1624 256 1665 τῶν
286 1619 598 1680 ἀσθενεστέρων
627 1619 889 1682 ἀνθρώπιον,
930 1623 1076 1673 οἵτινες
1108 1620 1184 1666 οὔκ
1211 1616 1323 1679 ’ἦσαν
1352 1621 1497 1675 αὐτοῖς
1522 1621 1676 1679 ὅμοιοι,
1691 1630 1740 1667 20

265 1734 299 1769 1.
326 1729 459 1780 ἐνάτῳ]
486 1731 629 1782 ἒννάτῳ
653 1735 699 1770 G.
793 1732 951 1782 Ἷμοῦθ]
977 1735 1102 1780 ἰμοῦθ
1125 1735 1166 1770 Α.
1273 1733 1310 1771 4.
1343 1733 1459 1783 ἓρμῆς
1480 1734 1523 1772 Α.
1557 1731 1578 1773 ὅ
1607 1737 1684 1783 Ερ-

262 1780 338 1826 μῆς
360 1781 407 1815 G.
500 1782 535 1818 5.
571 1783 612 1818 αὶ
635 1781 757 1817 addidi
781 1794 825 1817 ex
849 1784 892 1818 A.
987 1784 1022 1820 7.
1054 1778 1182 1819 πάντα
1204 1781 1285 1821 add.
1309 1783 1351 1819 A.
1433 1786 1468 1820 8.
1496 1782 1614 1830 φησὶν
1638 1786 1683 1820 Α.

265 1826 382 1873 φασὶν
405 1827 452 1863 G.
548 1832 591 1868 11
618 1834 655 1865 et
680 1831 736 1866 12.
769 1831 889 1876 χημεῦ
919 1831 963 1866 Α.
1005 1831 1121 1876 Χημᾶ
1145 1831 1195 1867 G.
1291 1831 1422 1879 βίβλον
1445 1832 1561 1877 Χῦμοι
1584 1842 1632 1866 m.

263 1877 322 1912 13.
347 1874 458 1911 ἔνθεν
481 1875 544 1912 καὶ
555 1879 598 1914 Α.
622 1875 735 1914 ἔνθεν
753 1876 796 1914 δὲ
820 1878 869 1912 G.
943 1879 1092 1925 χημεία]
1110 1878 1248 1924 χυμεία
1270 1890 1316 1913 m.
1390 1876 1448 1915 14.
1472 1877 1620 1916 τούτων
1636 1879 1681 1915 Α.

264 1919 413 1958 τούτων
436 1917 508 1963 ,οὖν
532 1925 581 1960 Gr.
677 1926 734 1962 17.
767 1938 806 1962 τε
834 1924 898 1961 καὶ
922 1926 965 1961 Α.
987 1935 1031 1962 ’τε
1055 1938 1121 1961 om.
1146 1926 1196 1960 G.
1289 1925 1384 1969 ἓνοός
1401 1928 1443 1962 Α.
1540 1928 1599 1963 18.
1623 1939 1684 1963 τε-

264 1970 366 2012 λείας
385 1970 449 2006 καὶ
471 1973 512 2006 Α.
610 1973 666 2008 19.
689 1971 1000 2020 κατακρατήσεως
1021 1974 1063 2009 A.
1099 1971 1363 2021 καταρτήσεως
1386 1975 1433 2010 G.
1528 1975 1683 2020 νομίζο-

264 2029 335 2063 μεν
357 2029 400 2053 m.
424 2018 690 2065 νομιζομένους
713 2021 761 2056 G.

174 2109 283 2146 cultui
300 2110 410 2156 magis
437 2123 480 2147 ac
499 2113 610 2159 magis
638 2114 821 2160 augendo,
846 2127 894 2151 ex
912 2113 1065 2151 eiusdem
1088 2114 1232 2162 scriptis
1259 2115 1350 2152 libro
1368 2116 1494 2152 Imuthi
1521 2129 1612 2154 nono
1627 2120 1684 2154 te-

174 2157 368 2193 stimonium
400 2158 454 2193 his
484 2161 603 2196 verbis
631 2167 837 2209 conceptum
870 2164 1083 2209 adiungere:
1123 2164 1284 2199 referunt
1314 2176 1440 2200 sacrae
1475 2165 1683 2211 scripturae,

171 2203 240 2240 hoc
259 2209 313 2240 est
331 2204 436 2248 libri,
459 2218 480 2241 o
496 2208 638 2250 mulier,
662 2209 863 2245 daemonum
886 2222 996 2257 genus
1018 2210 1190 2257 quoddam
1222 2223 1300 2247 esse
1323 2212 1360 2246 in
1388 2212 1568 2247 mulierum
1597 2224 1683 2248 con-

173 2251 392 2286 suetudinem
421 2254 542 2289 venire
571 2256 727 2292 solitum:
760 2258 884 2292 horum
911 2258 1117 2293 mentionem
1139 2257 1214 2304 agit
1231 2258 1428 2294 Mercurius
1446 2260 1484 2295 in
1509 2260 1682 2307 physicis,

174 2309 217 2333 ac
236 2310 335 2333 omne
351 2299 460 2335 ferme
476 2304 547 2336 tam
564 2307 680 2338 certae
696 2316 799 2351 quam
819 2305 988 2341 obscurae
1013 2305 1234 2340 auctoritatis
1253 2307 1414 2342 volumen
1436 2307 1480 2342 de
1500 2306 1570 2342 illis
1593 2319 1684 2343 non-

132 2384 138 2389 ρ
174 2344 262 2379 nihil
286 2345 458 2381 edisserit.
506 2348 583 2383 Hoc
604 2349 726 2397 itaque
745 2357 886 2387 veteres
914 2357 951 2387 et
980 2365 1104 2388 sacrae
1123 2352 1319 2398 scripturae
1343 2354 1538 2396 affirmant,
1574 2367 1683 2401 ange-

174 2390 227 2426 los
246 2392 412 2437 quosdam
429 2393 607 2431 mulierum
624 2398 787 2443 cupidine
805 2403 920 2434 tactos
933 2425 944 2442 ‚
967 2400 1005 2434 in
1024 2404 1140 2435 terras
1157 2399 1311 2446 dilapsos
1330 2406 1477 2436 naturae
1495 2414 1603 2448 opera
1621 2414 1684 2437 eas

175 2437 377 2482 edocuisse,
405 2448 593 2486 propterea
609 2445 703 2489 quod
720 2458 831 2492 prava
851 2458 1012 2493 quaeque
1027 2451 1065 2482 et
1082 2446 1219 2483 inutilia
1238 2447 1290 2482 eis
1313 2449 1552 2492 revelassent,
1586 2449 1685 2485 caelo

174 2487 334 2520 extorres
353 2492 523 2533 perpetuo
552 2489 655 2526 exilio
682 2492 862 2528 damnatos
887 2494 1019 2530 ferunt.
1066 2494 1125 2529 Ex
1141 2494 1197 2529 his
1219 2494 1395 2541 Gigantes
1419 2501 1516 2531 ortos
1543 2497 1685 2532 eaedem

175 2531 372 2578 scripturae
394 2537 595 2581 testantur,
631 2538 846 2587 primumque
875 2541 999 2576 artium
1024 2541 1219 2577 huiusmodi
1247 2541 1487 2578 documentum
1516 2548 1573 2578 est
1599 2545 1685 2579 che-

174 2578 264 2613 mia:
299 2578 492 2627 librumque
521 2582 614 2618 hunc
645 2587 786 2622 vocavit
813 2588 967 2633 Chema,
1001 2590 1094 2624 unde
1127 2592 1164 2623 et
1200 2589 1351 2625 chimiae
1386 2602 1511 2627 nomen
1541 2591 1684 2635 factum,

175 2628 214 2660 et
231 2637 322 2673 quae
339 2632 543 2673 sequuntur.

266 2672 334 2712 His
360 2673 413 2709 ita
443 2676 642 2712 constitutis
674 2679 719 2714 de
746 2680 928 2726 egregoris
953 2693 974 2716 e
1002 2682 1092 2717 Seth
1126 2682 1238 2729 stirpe
1269 2683 1446 2727 oriundis,
1479 2689 1562 2721 ante
1588 2684 1686 2721 dilu-

177 2717 272 2754 vium
285 2721 356 2756 ‘de
399 2721 492 2756 nullo
520 2735 629 2768 reguo
663 2725 793 2761 divinis
818 2728 854 2762 in
874 2729 1059 2774 soprituris
1093 2734 1235 2765 exstare
1267 2732 1466 2767 memoriam
1492 2735 1686 2768 observan-

177 2765 271 2801 dum.
344 2766 494 2803 constat
539 2770 630 2806 enim
668 2772 798 2817 primos
832 2775 970 2810 humani
998 2776 1139 2821 generis
1178 2781 1320 2813 autores
1349 2779 1480 2822 Adam,
1523 2781 1613 2815 Seth
1648 2783 1687 2816 et

177 2812 295 2856 Enos,
320 2813 477 2862 aliosque
504 2815 593 2863 ipsis
622 2819 825 2854 coniunctos
847 2833 934 2866 prae
958 2823 1106 2869 reliquis
1123 2824 1329 2870 conspicuos
1348 2825 1394 2860 ad
1415 2827 1608 2862 stabilitum
1627 2839 1686 2863 us-

179 2870 249 2905 que
281 2859 472 2906 Gigantum
503 2875 613 2910 supra
641 2870 800 2902 caeteros
827 2867 1030 2914 imperium,
1065 2875 1278 2916 potestatem
1306 2873 1519 2917 obtinuisse3
1543 2874 1688 2921 Gigan-

178 2909 234 2944 tes
262 2918 345 2944 vero
372 2908 409 2944 in
435 2909 588 2958 reliquos
607 2911 779 2950 hominum
800 2915 958 2962 corporis
975 2916 1064 2953 mole
1090 2917 1292 2966 viribusque
1309 2918 1380 2958 sibi
1402 2921 1556 2970 impares
1574 2933 1687 2971 usque
