1800 3236
525 178 1051 229 cnaoNOGRAPfflA.
1459 174 1563 243 315
1625 201 1627 203 .

57 291 280 353 Διόδωρον
319 292 389 338 καὶ
424 291 503 350 τὴν
529 292 673 350 ἀληθῆ
700 289 916 337 ἀνάλωσιν·
951 289 1125 350 Τροίας.
1180 294 1319 343 καλῶς
1350 289 1434 350 ἄρα
1461 291 1562 350 ἦμῒν
1577 305 1620 341 P.
1648 306 1717 345 167

59 366 340 421 ἔστοιχείωται
355 363 425 407 καὶ
442 370 533 414 τοῖς
550 363 788 419 ἕκθεμὲνοις
806 359 925 420 ἐγγύς
940 379 1023 405 που
1040 364 1118 404 τοῦ
1138 358 1219 422 ,αρ’
1241 360 1360 413 ἔτους
1378 366 1455 419 τῆς
1464 363 1580 408 {Aa—⁶

58 436 214 493 συρίων
241 434 373 491 ἀρχῆς
403 432 513 477 κατὰ
531 433 580 477 τὸ
611 431 748 494 ’δτκέῗ
766 432 860 484 ἔτος
887 435 964 476 τοῦ
983 428 1143 488 κόσμου
1160 429 1189 488 ἧ
1213 433 1375 491 Τροίας
1391 431 1559 488 ἅλωσις,

59 506 127 549 ἐπὶ
156 509 234 549 τοῦ
266 501 335 559 λβ
365 504 573 559 βασιλέως
593 504 824 562 Ἀσσυρίων
851 503 1043 559 Βαβίου,
1079 502 1146 545 ἐπὶ
1164 503 1463 561 Δημοφῶντος
1486 509 1564 549 τοῦ

29 575 236 633 5Θησέως
253 572 310 628 ιβ’
327 573 534 630 βασιλέως
548 574 810 632 Ἀθηναίων,
848 571 911 624 οἷς
929 570 1373 630 κατηκολουθήσαμεν.

155 643 250 689 Ὅτι
283 644 330 688 δὲ
361 642 629 703 ἀσυμφώνως
664 645 704 689 οἱ
743 648 828 688 τῶν
859 641 1066 700 Ἑλλήνων
1097 642 1300 702 ἱστορικοὶ
1329 641 1564 704 γεγράφασι

58 717 152 774 περὶ
182 719 268 760 τῶν
289 712 456 773 χρόνων
490 717 559 759 καὶ
589 719 675 759 τῶν
700 713 909 771 βασιλέων
937 711 1100 758 τούτων
1121 713 1318 772 παρέστω
1334 717 1563 774 Κεφαλίων

58 788 259 843 ἐπίσημος
279 782 351 839 εἷς,
390 785 467 842 οὐχ
490 783 512 829 ὅ
533 785 684 842 τυχῶν,
722 783 834 829 οὕτω
850 781 1025 843 φάσκων
1042 782 1260 842 »ἄρχομαι
1279 782 1455 844 γράφειν
1476 786 1561 845 ἀφ’

59 851 119 901 ὧν
138 856 259 900 ἄλλοι
280 873 324 901 τε
337 853 656 912 ἐμνημόνευσαν
675 857 743 899 καὶ
764 854 819 899 τὰ
841 858 989 912 πρῶτα
1004 851 1242 906 Ἑλλάνικός
1259 872 1304 899 τε
1323 853 1346 899 ὅ
1367 856 1561 913 Λέσβιος

4 935 50 972 10
61 928 130 971 καὶ
161 927 353 984 Κτησίης
390 923 412 970 ὃ
439 928 635 981 Κνίδιος,
674 924 813 970 ἔπειτα
831 922 1063 982 Ἡρόδοτος
1093 922 1115 969 ὅ
1139 922 1473 983 Ἁλικαρνασεύς.
1509 928 1600 976 τόΒ

59 996 242 1042 παλαιὸν
272 1000 350 1053 τῆς
363 995 507 1048 Ἀσίας
537 996 813 1053 ἐβασίλευσαν
822 992 1059 1053 Ἀσσύριοι,
1096 999 1183 1039 τῶν
1205 996 1252 1039 δὲ
1270 993 1292 1039 ὅ
1312 994 1460 1054 Βήλου
1480 999 1566 1041 Νί-

62 1067 179 1118 νος.”
214 1064 293 1123 εἶτ’
315 1064 453 1124 ἐπάγει
470 1067 625 1124 γένεσιν
643 1064 915 1123 Σεμιράμεως
933 1067 1003 1109 καὶ
1021 1063 1308 1125 Ζωροάστρου
1327 1065 1465 1125 μάγου
1486 1067 1567 1113 ἔτει

60 1135 127 1194 νβ’
146 1142 226 1194 τῆς
248 1137 377 1180 Νίνου
398 1139 627 1193 βασιλείας.
663 1137 769 1194 μεθ’
793 1135 840 1180 ὃν
860 1139 1116 1192 Βαβυλῶνα,
1152 1138 1294 1195 φησὶν,
1330 1135 1359 1195 ἦ
1380 1140 1566 1198 Σεμίρα·

59 1225 132 1264 μις
173 1209 341 1264 ἐτείχισε
391 1206 549 1266 τρόπον
578 1206 636 1260 ὡς
676 1211 867 1251 πολλοῖσι
900 1208 1109 1262 λέλεκται,
1145 1207 1343 1269 Κτησίᾳ,
1379 1207 1561 1266 Ζήνωνι,

5 1276 276 1337 15ἸΙροδότῳ
311 1278 382 1321 καὶ
413 1286 503 1330 τοῖς
528 1278 629 1335 μετ’
667 1276 835 1329 αὐτούς.
874 1278 1096 1336 στρατειήν
1124 1294 1170 1322 τε
1203 1277 1334 1335 αὐτῆς
1351 1279 1460 1323 κατὰ
1479 1284 1564 1325 τῶν

54 1349 197 1392 Ἰνδῶν
218 1349 288 1392 καὶ
318 1342 454 1405 ἧτταν
474 1351 543 1393 καὶ
566 1347 628 1393 ὅτι
649 1348 750 1400 τοὺς
771 1349 904 1399 ἰδίους
922 1348 1080 1392 ἀνεῖλεν
1098 1347 1218 1400 υἱοὺς
1237 1350 1307 1392 καὶ
1325 1346 1409 1393 ὑπὸ
1431 1352 1564 1394 Νίνου

59 1423 146 1463 τῶν
187 1419 350 1463 παίδων
397 1417 489 1470 ἒνός
525 1419 714 1479 ἀνῃρέθη
748 1423 824 1463 τοῦ
852 1418 1149 1474 διαδεξαμένου
1181 1418 1259 1475 τὴν
1287 1417 1465 1477 ἀρχήν.”

60 1489 168 1546 μεθ’
203 1489 324 1547 ἕτερα
352 1491 457 1543 ,,καὶ
486 1494 571 1534 τῶν
601 1493 756 1534 λοιπῶν
775 1490 834 1540 εἷς
851 1487 906 1550 μ’
929 1490 1033 1532 ἐτῶν
1059 1488 1247 1547 ἀριθμὸν
1267 1483 1398 1547 ἦρχον
1408 1522 1423 1544 ,
1460 1498 1600 1542 παΐςο

63 1558 180 1619 παρὰ
200 1558 360 1618 πατρὸς
384 1557 652 1618 ἐκδεχόμενος
678 1559 754 1617 τὴν
775 1559 908 1618 ἀρχὴν
929 1560 999 1602 καὶ
1024 1557 1126 1614 ἔχων
1153 1553 1283 1616 ἦττον
1308 1558 1450 1604 αὐτῶν
1466 1560 1564 1605 οὐδὲ

1493 1421 1563 1464 καὶ

157 1659 193 1695 2.
219 1654 411 1704 ἕγγύππου
434 1658 477 1693 Β.
602 1659 638 1696 5.
662 1655 863 1704 ἆθηναίων
888 1657 930 1692 Β.
964 1656 1165 1704 Αθηναίσυ
1192 1657 1241 1692 G.
1364 1659 1421 1696 10.
1445 1659 1565 1707 Vulgo

155 1706 335 1752 Κτησίας.
371 1706 504 1751 τησίης
524 1706 568 1742 Β.
689 1703 987 1749 Αλικαρνασσεῦς
1011 1706 1059 1740 G.
1163 1706 1219 1741 11.
1247 1703 1285 1741 οὶ
1305 1704 1484 1752 Ασσύριοι
1511 1708 1562 1741 G.

225 1754 302 1789 τῶν
317 1753 478 1799 Scaliger
496 1765 530 1798 p.
546 1754 605 1789 32.
638 1752 753 1799 Vulgo
773 1751 853 1790 τόν.
964 1754 1022 1789 12.
1045 1749 1405 1801 ζωροαστρουβάτου
1429 1754 1472 1789 Α.
1498 1755 1561 1797 ζο-

156 1799 465 1847 ροαστρουβάτου
490 1801 531 1835 Β.
559 1799 808 1846 Ζωροάστρου
825 1797 947 1850 βάτου
972 1801 1021 1834 G.
1053 1798 1303 1846 Ζωροάστρου
1327 1798 1453 1860 μάγου
1473 1801 1563 1837 Sca-

156 1848 260 1893 liger.
297 1848 400 1883 Conf.
427 1848 620 1883 Eusebium
641 1858 677 1891 p.
694 1847 754 1885 41.
873 1846 947 1883 ἔτει
973 1846 1151 1893 Scaliger.
1182 1847 1299 1893 Vulgo
1325 1861 1389 1894 ετη
1414 1861 1468 1884 τε.

158 1896 215 1931 13.
242 1890 287 1932 ὃν
303 1895 476 1942 Scaliger.
496 1894 610 1940 Vulgo
628 1892 692 1931 ὦν.
804 1896 860 1932 15.
886 1895 1070 1937 στρατίειν
1089 1895 1133 1930 Β.
1248 1893 1368 1942 αὐτῆς
1390 1894 1564 1942 Scaliger.

158 1939 300 1986 αὐτοὺς
324 1943 373 1977 G.
494 1943 551 1979 17.
575 1942 639 1983 καὶ
656 1938 748 1990 μεθ’
772 1941 895 1992 ἕτερα]
918 1941 984 1979 καὶ
1003 1940 1162 1989 mosten
1185 1941 1230 1979 Β.
1349 1944 1408 1981 19.
1433 1937 1562 1992 ἦττον]

158 1984 279 2038 ἧτταν
297 1989 471 2037 Scaliger.

64 2071 148 2118 quin
168 2082 214 2106 ex
231 2070 392 2118 opposito
409 2082 570 2106 summam
588 2071 680 2107 mille
693 2070 797 2118 longe
814 2071 977 2108 minorem
994 2081 1174 2118 emergere
1189 2071 1396 2118 persentiet.
1441 2072 1564 2108 soler-

62 2125 120 2153 ter
146 2118 256 2165 igitur
282 2118 382 2153 nobis
409 2122 446 2153 et
469 2130 559 2165 quos
583 2119 724 2165 sequuti
745 2132 882 2162 sumus,
907 2119 1187 2165 expositoribus,
1211 2119 1402 2155 Troianam
1427 2120 1561 2155 cladem

64 2166 158 2200 illam
193 2166 290 2201 circa
312 2165 526 2201 millesimum
558 2171 595 2201 et
623 2167 843 2202 centesimum
865 2167 1088 2213 Assyriorum
1114 2165 1273 2211 imperii,
1297 2167 1342 2202 ab
1363 2167 1449 2202 orbe
1474 2179 1561 2202 vero

66 2213 207 2248 condito
236 2224 326 2247 anno
349 2212 464 2255 4329,
488 2213 600 2248 Babio
625 2214 783 2249 nimirum
806 2225 921 2248 eorum
946 2225 1032 2259 rege
1064 2213 1112 2250 32
1130 2213 1343 2259 imperante,
1367 2215 1432 2250 sub
1451 2214 1561 2250 Athe-

65 2260 235 2294 niensium
252 2271 340 2306 rege
359 2261 404 2296 12
424 2260 685 2306 Demophonte,
711 2261 883 2296 accidisse
906 2265 1072 2296 statutum
1093 2264 1160 2295 est.

159 2307 348 2341 Caeterum
370 2318 473 2352 quam
491 2307 642 2342 absurde
657 2307 702 2342 de
717 2308 929 2354 temporibus
946 2312 983 2343 et
998 2307 1143 2354 regibus
1161 2306 1241 2342 istis
1257 2308 1471 2343 Graecorum
1489 2307 1559 2342 Hi-

66 2352 187 2388 storici
207 2352 412 2399 scripserint
425 2379 436 2396 ,
460 2355 661 2400 praeclarus
683 2355 772 2389 alter
795 2355 957 2401 scriptor,
976 2365 1018 2389 ac
1037 2366 1105 2389 non
1126 2365 1214 2389 unus
1240 2367 1261 2390 e
1283 2356 1397 2398 turba,
1416 2356 1559 2401 Cepha-

65 2401 137 2435 lion
163 2399 264 2435 nobis
289 2400 464 2444 declaret,
500 2402 567 2435 hoc
594 2406 697 2446 pacto
725 2401 865 2437 dicens:
901 2413 994 2444 „res
1018 2401 1119 2443 illas,
1142 2401 1187 2436 de
1215 2401 1340 2448 quibus
1363 2402 1559 2437 memoriam

65 2451 213 2492 egerunt
228 2446 310 2489 alii,
333 2450 439 2492 atque
452 2447 487 2482 in
505 2448 627 2494 primis
643 2448 844 2484 Hellanicus
860 2448 1010 2484 Lesbius
1027 2453 1064 2483 et
1081 2448 1222 2483 Ctesias
1239 2449 1384 2484 Cnidius
1400 2461 1442 2484 ac
1458 2448 1557 2483 dein-

65 2494 118 2528 de
131 2493 332 2529 Herodotus
354 2505 397 2528 ex
415 2494 662 2529 Halicarnasso
688 2496 842 2530 scribere
874 2494 1075 2542 aggredior.
1123 2496 1215 2531 Olim
1244 2496 1383 2542 quidem
1411 2496 1448 2530 in
1472 2495 1559 2530 Asia

66 2544 306 2587 regnaverunt
326 2541 481 2587 Assyrii3
504 2541 559 2575 his
581 2542 698 2577 Ninus
717 2542 795 2577 Beli
811 2543 903 2577 filius
930 2541 1124 2589 imperavit.
1134 2541 1156 2559 ’²
1204 2543 1294 2578 Tum
1321 2542 1558 2578 Semiramidis

67 2591 104 2622 et
130 2587 310 2623 Zoroastri
327 2587 419 2633 magi
439 2588 572 2622 natalia
598 2588 780 2634 subiungit
801 2594 836 2623 et
858 2589 946 2625 Nini
966 2589 1146 2635 regnantis
1166 2601 1273 2625 annos
1292 2592 1339 2626 52
1360 2593 1556 2636 percenset.

66 2635 152 2670 Mox
178 2635 302 2680 quibus
328 2636 463 2670 artibus
489 2635 699 2681 Babylonem
725 2636 923 2671 Semiramis
950 2637 1128 2671 moenibus
1152 2635 1383 2679 instauravit,
1418 2636 1509 2681 quod
1532 2646 1555 2669 a

67 2681 243 2726 plerisque
256 2707 267 2724 ‚
291 2682 414 2716 Ctesia
440 2683 607 2724 maxime,
630 2682 791 2725 Zenone,
813 2683 1018 2724 Herodoto,
1042 2695 1107 2718 nec
1124 2695 1192 2719 non
1210 2684 1288 2718 aliis
1305 2683 1496 2718 eorumdem
1517 2681 1554 2717 in

66 2728 250 2762 scribendo
276 2728 425 2774 posteris
449 2733 645 2764 enarratum
669 2734 745 2772 est,
768 2730 896 2766 deinde
916 2735 1114 2776 susceptam
1135 2731 1304 2766 adversus
1322 2729 1427 2764 Indos
1446 2740 1555 2774 expe-

67 2774 252 2817 ditionem,
276 2780 313 2810 et
330 2776 375 2810 ab
392 2775 443 2810 eis
460 2776 593 2810 cladem
610 2781 808 2823 acceptam,
831 2778 1046 2824 propriorum
1065 2789 1203 2824 quoque
1218 2778 1292 2812 eius
1307 2776 1454 2811 filiorum
1472 2786 1554 2809 cae-

65 2820 144 2855 dem
162 2824 197 2855 et
215 2826 255 2856 ut
270 2822 408 2857 tandem
424 2823 469 2857 ab
486 2822 621 2858 illorum
638 2824 799 2871 quopiam
814 2823 893 2860 neci
907 2825 1039 2859 tradita
1054 2829 1127 2866 est,
1152 2824 1262 2859 fusius
1279 2822 1455 2868 explanat.
1503 2821 1555 2856 Et

66 2867 236 2902 nonnullis
256 2867 494 2914 interpositis:
520 2870 683 2917 „reliqui
703 2872 820 2906 cuncti
841 2871 888 2906 ad
907 2883 1075 2907 annorum
1092 2883 1204 2917 usque
1221 2870 1313 2905 mille
1329 2869 1481 2914 spatium
1499 2873 1555 2903 te-

54 2918 217 2950 ·nu'erunt
242 2914 443 2963 imperium,
463 2915 611 2964 singulis
633 2917 803 2954 videlieet
819 2918 902 2955 filiis
925 2918 1114 2955 haeredum
1132 2918 1211 2959 iure
1232 2921 1415 2965 paternum
1432 2916 1554 2952 solium
