1800 3236
255 157 361 208 482
725 162 978 209 GEORGII
1006 163 1293 210 SYNCELLl

362 270 472 319 Τότε
486 275 556 319 καὶ
571 275 838 333 Θουκυδίδης
857 272 879 319 ὃ
902 274 1169 333 συγγραφεὺς
1189 273 1288 333 παρ’
1316 272 1562 331 Ἀθηναίοις
1592 271 1760 331 ἤκμαζε.

363 343 476 390 Τότε
497 349 566 390 καὶ
588 345 609 390 ὃ
628 344 1025 401 Πελοποννησιακὸς
1047 345 1225 402 συνέστη
1241 343 1424 401 πόλεμος
1443 343 1513 388 διὰ
1533 343 1582 388 τὸ
1600 344 1766 402 γεγονὸς

253 414 337 460 ὑπὸ
368 416 622 474 Περικλέους
661 413 866 473 ’ψήφισμα
897 414 958 471 μὴ
988 422 1194 459 κοινωνεῖν
1224 418 1471 473 Μεγαρεῦσι
1503 413 1602 465 τοὺς
1627 413 1764 470 Ἀθη-

251 484 420 540 ναίους,
460 483 517 538 ὥς
535 485 759 545 ὑβρίσασιν
771 485 1006 529 Ἀσπασίαν
1023 485 1100 542 τὴν
1117 485 1299 543 γαμετὴν
1321 484 1468 539 αὐτοῦ,
1503 485 1573 528 καὶ
1595 483 1665 528 διὰ
1684 484 1762 541 τὴν

216 554 453 612 Βτοιαύτην
467 557 603 600 αἲτίαν
620 556 920 614 προσθεμένων
935 560 1021 599 τῶν
1035 556 1269 614 Μεγαρέων
1285 563 1374 607 τοῖς
1384 553 1754 611 Λακεδαιμονίοις.
1767 558 1790 595 5

360 623 472 669 Τότε
502 628 571 670 καὶ
601 627 753 682 Κίμων
784 624 1019 684 στρατηγὸς
1048 623 1243 682 ἀκμάσας
1262 625 1563 685 ἂχαριστηθεὶς
1582 624 1683 681 μετ’
1711 624 1761 668 οὗ

252 695 385 746 πολὺν
420 695 631 756 ἐξωρίσθη
658 694 814 758 χρόνον
842 694 919 740 ὑπ’
938 696 1177 754 Ἀθηναίων
1205 700 1290 740 τῶν
1310 698 1379 740 καὶ
1393 696 1649 755 Ἀριστείδην
1670 696 1762 746 ἕξο-

254 763 462 825 ρισάντων
492 769 563 811 καὶ
593 767 693 818 τοὺς
725 766 1058 823 Θεμιστοκλέους
1088 764 1243 818 πόνους
1269 764 1656 824 ἀγνωμονησάντων
1685 764 1758 809 οὕ·-

251 853 338 889 τως
359 834 417 888 ὥς
440 835 667 896 φάρμακον
687 837 817 882 αὐτὸν
837 835 1010 881 ἑλέσθαι
1029 838 1099 881 καὶ
1120 841 1353 881 καταλῦσαι
1371 837 1445 882 τὸν
1465 837 1575 892 βίον.

358 905 468 951 Τότε
501 909 570 953 καὶ
598 906 869 967 Δημόκριτος
893 907 1145 966 Ἀβδηρίτης
1178 907 1355 967 φυσικὸς
1384 904 1618 967 φιλόσοφος
1632 905 1758 963 ἔγνω-
1773 916 1800 952 ll

252 977 384 1035 ρι’ζετο
416 979 486 1021 καὶ
513 978 797 1036 Ἐμπεδοκλῆς
829 976 850 1023 ὃ
873 978 1216 1037 Ἀκραγαντῖνος,
1255 976 1406 1035 Ζήνων
1427 995 1472 1022 τε
1491 979 1560 1021 καὶ
1580 979 1760 1035 Παρμε-

251 1048 369 1104 νίδης
399 1048 439 1092 οἳ
474 1047 702 1107 φιλόσοφοι
741 1051 810 1093 καὶ
840 1046 1119 1107 Ἱπποκράτης
1148 1051 1275 1100 Κῶος
1307 1046 1471 1107 ἰητρός·
1510 1045 1684 1106 ῥήτορες
1713 1047 1760 1090 δὲ

249 1118 425 1169 Λυσίας
452 1121 522 1162 καὶ
550 1119 701 1171 Ἰσαῖος
730 1121 799 1163 καὶ
829 1119 1098 1177 Ἀντισθένης
1129 1117 1419 1175 ὠνομάζοντο,
1452 1115 1760 1176 Ἀριστοφάνης

94 1194 138 1230 Ρ.
162 1192 233 1232 254
256 1205 300 1232 τε
330 1186 352 1232 ὃ
382 1189 563 1245 κωμικὸς
603 1191 671 1233 καὶ
702 1190 934 1247 Εὐριπίδης
976 1190 1152 1247 ποιητὴς
1181 1191 1250 1233 καὶ
1278 1187 1550 1247 (Ηράκλειτος
1584 1186 1760 1246 φυσικὸς

252 1256 513 1318 φιλόσοφος,
552 1260 662 1305 καθ’
693 1258 766 1312 οὕς
796 1276 901 1319 φασι
930 1261 1000 1303 καὶ
1023 1257 1253 1319 Σωκράτην
1283 1257 1517 1319 φιλόσοφον
1537 1263 1752 1316 τεχθῆναι.
1769 1269 1800 1305 1ἐ

744 1369 1029 1417 Μακεδόνων
1056 1374 1264 1430 βασιλεῖς.

289 1452 556 1502 Μακεδόνων
585 1455 641 1511 ιβ’
671 1458 937 1515 ἐβασίλευσεν
969 1459 1190 1520 Ἀρχέλαος
1219 1459 1291 1518 ἴτη
1322 1455 1390 1504 ιδ’.
1426 1462 1504 1503 τοῦ
1536 1458 1582 1502 δὲ
1599 1454 1760 1514 κόσμου

367 1529 369 1531 ’
392 1522 445 1584 ἦν
465 1526 558 1580 ἴτος
579 1526 698 1589 lenos.

288 1596 559 1642 Μακεδόνων
591 1597 642 1657 ιγ’
671 1600 936 1656 ἐβασίλευσεν
950 1599 1152 1661 Ὀρέστης
1178 1598 1251 1658 ἔτη
1271 1597 1323 1659 γ’.
1361 1603 1437 1644 τοῦ
1461 1599 1508 1643 δὲ
1528 1595 1687 1655 κόσμου
1707 1591 1759 1654 ἦν

394 1666 488 1720 ἔτος
509 1666 606 1731 ‘⁶¹7⁶ss
1666 1687 1672 1693 -
1768 1670 1800 1704 2(

347 1755 386 1792 3.
408 1753 481 1793 ’ὑπ’
501 1755 687 1805 ἐρικλέους
709 1758 783 1793 AB.
903 1760 939 1797 7.
962 1759 1038 1796 τῶν
1054 1758 1134 1805 καὶ]
1158 1757 1226 1796 τὸν
1244 1757 1309 1795 καὶ
1331 1758 1377 1793 Β.
1494 1754 1690 1803 ἄριστίδην
1713 1754 1757 1789 Β.

345 1804 571 1852 Αριστίνδην
596 1806 644 1840 G.
714 1836 720 1846 ⁸.
742 1807 797 1842 12.
824 1805 951 1854 ἰητρός
969 1819 1037 1842 om.
1056 1808 1106 1844 Gr.
1129 1807 1232 1842 Conf.
1254 1818 1288 1853 p.
1307 1803 1389 1841 248.
1407 1817 1439 1840 c.
1536 1805 1592 1841 13.
1616 1802 1760 1844 Λυσίας

347 1855 386 1885 et
400 1850 536 1896 Ἰσαῖος
554 1852 709 1888 correxit
724 1852 885 1899 Scaliger
913 1866 948 1900 p.
966 1854 1024 1892 54.
1049 1854 1254 1900 Legebatur
1274 1854 1419 1895 Συσίας
1437 1851 1502 1890 καὶ
1518 1849 1669 1893 Ἰδαῖος.

350 1898 409 1980 {3¹-
441 1900 506 1982 2312
535 1900 767 1947 Εὐριπίδης]
800 1902 864 1938 καὶ
888 1914 952 1938 om.
976 1902 1018 1938 B.
1177 1898 1402 1950 εὐριππίδης
1426 1903 1468 1936 A.
1599 1895 1762 1944 ποιητής

294 2059 318 2095 b
341 2015 457 2096 tTunc
476 2018 642 2066 temporis
665 2020 895 2068 Thucydides
916 2019 1142 2056 historiarum
1159 2019 1313 2067 scriptor
1335 2017 1431 2066 apud
1447 2016 1677 2053 Athenienses
1694 2014 1762 2049 flo-

254 2070 294 2095 re
320 2074 340 2097 a
359 2088 367 2096 .

355 2110 490 2146 Eadem
520 2111 655 2158 pariter
676 2118 813 2157 aetate,
838 2126 881 2150 ne
906 2126 982 2150 cum
1008 2113 1298 2160 Megarensibus,
1323 2125 1388 2148 ceu
1408 2110 1591 2158 Aspasiam
1610 2107 1760 2143 Periclis

256 2168 397 2192 uxorem
427 2159 590 2194 convitiis
616 2161 892 2205 lacessentibus»,
926 2162 1157 2196 Athenienses
1185 2160 1387 2195 societatem
1420 2160 1569 2200 inirent,
1602 2156 1762 2190 Pericles

256 2204 336 2251 ipse
345 2204 457 2250 legem
476 2206 557 2241 tulit
580 2210 616 2241 et
634 2208 966 2256 Peloponnesiacum
984 2209 1035 2243 ita
1054 2208 1184 2243 dictum
1202 2207 1330 2242 bellum
1350 2207 1480 2249 movit;
1503 2217 1573 2252 qua
1589 2203 1634 2239 (le
1653 2214 1761 2238 causa

257 2252 487 2298 Megarenses
506 2264 582 2288 cum
603 2255 889 2292 Lacedaemoniis
905 2255 1026 2290 foedus
1043 2254 1204 2289 inierunt.

358 2297 480 2334 Cimon
503 2311 640 2346 quoque
657 2303 738 2338 belli
754 2304 846 2346 dux,
874 2302 1064 2348 praeclaris
1083 2301 1158 2335 eius
1178 2301 1289 2347 gestis
1307 2299 1475 2336 oblivioni
1491 2298 1634 2335 traditis
1646 2325 1656 2342 ,
1682 2297 1760 2332 exi-

253 2360 326 2395 guo
354 2351 478 2394 postea
503 2350 683 2393 tempore,
715 2351 760 2385 ab
782 2349 1052 2386 Atheniensibus
1068 2348 1103 2382 in
1124 2348 1283 2383 exsilium
1304 2348 1424 2395 pulsus
1443 2351 1516 2389 est,
1541 2347 1665 2383 iisdem
1684 2344 1761 2390 pari

255 2406 370 2443 poena
387 2393 574 2429 Aristidem
598 2396 846 2432 mulctantibus
858 2422 870 2439 ‚
895 2397 932 2431 et'
947 2396 1086 2440 ingrato
1115 2395 1226 2430 animo
1245 2395 1492 2431 Themistoclis
1512 2394 1649 2430 labores
1665 2406 1762 2429 com-

257 2441 486 2492 pensantibus
505 2466 514 2476 .
533 2467 542 2476 .
559 2465 569 2474 .
591 2466 600 2475 .
618 2442 706 2478 adeo
729 2449 768 2479 ut
786 2443 844 2479 ille
863 2455 1033 2478 venenum
1053 2442 1175 2477 lubens
1194 2447 1349 2479 sumeret
1369 2447 1405 2479 et
1424 2442 1600 2477 amitteret
1618 2442 1736 2477 vitam.

353 2489 458 2534 Tunc
485 2499 607 2523 rursus
628 2490 846 2526 Democritus
866 2491 1053 2525 Abderites
1070 2490 1235 2536 physicus
1252 2491 1477 2536 philosophus
1494 2489 1762 2535 agnoscebatur,

259 2541 296 2573 et
322 2535 553 2584 Empedocles
584 2536 857 2583 Agrigentinus,
887 2538 983 2572 Zeno
1012 2541 1046 2572 et
1068 2537 1293 2572 Parmenides
1324 2537 1540 2584 philosophi,
1564 2540 1600 2570 et
1622 2536 1761 2581 Hippo-

259 2588 375 2620 crates
398 2584 450 2619 Co
477 2583 590 2618 insula
618 2584 809 2625 oriundus;
833 2585 993 2620 rhetores
1023 2595 1109 2619 vero
1132 2585 1256 2631 Lysias
1276 2590 1312 2620 et
1333 2586 1454 2620 Isaeus
1481 2588 1518 2618 et
1540 2582 1762 2618 Antisthenes

259 2631 548 2673 celebrabantur3
580 2642 646 2666 nec
671 2643 738 2666 non
758 2632 1009 2679 Aristophanes
1034 2632 1187 2666 comicus
1217 2636 1254 2666 et
1275 2632 1466 2678 Euripides
1495 2633 1532 2664 et
1559 2629 1762 2665 Heraclitus

258 2679 424 2760 physicus
442 2677 680 2726 philosophus,
698 2683 841 2726 quorum
862 2683 980 2715 aetate
988 2680 1168 2714 Socratem
1188 2679 1429 2727 philosophum
1441 2679 1477 2713 in
1494 2677 1603 2713 lucem
1622 2677 1762 2713 venisse

277 2732 392 2762 erunt.

798 2786 1063 2827 Macedonum
1092 2801 1217 2840 reges.

305 2853 537 2889 Macedonum
559 2865 624 2889 rex
649 2854 695 2891 12
717 2853 909 2890 Archelaus
932 2854 1030 2890 annis
1059 2854 1122 2898 14,
1148 2854 1267 2890 mundi
1288 2866 1373 2890 vero
1397 2854 1502 2891 5081.

309 2899 536 2938 Macedonum
558 2912 625 2938 rex
650 2903 695 2941 13
719 2902 867 2937 Orestes
892 2902 992 2938 annis
1015 2904 1039 2940 3
1054 2927 1066 2946 ,
1090 2902 1206 2938 mundi
1229 2913 1314 2939 vero
1337 2903 1443 2939 5095.
