1800 3236
237 181 340 234 510
696 187 955 234 GEORGII
985 186 1277 233 SYNCELLI

198 312 230 348 B
243 305 311 349 καὶ
325 297 584 362 Μαρώνειαν
605 299 675 345 καὶ
692 297 829 345 Αἶνον
847 296 1008 351 πόλεις·
1032 297 1139 358 πρὸς
1159 296 1323 355 δυσμὰς
1343 297 1389 342 δὲ
1405 302 1481 343 τοῦ
1500 291 1746 359 Στρυμόνος

83 383 129 420 V.
152 382 226 423 214
244 375 453 420 Βισαλτία
492 377 611 416 πᾶσα
643 371 751 429 μετὰ
782 375 859 428 τῆς
886 371 929 414 ἒν
957 374 1011 428 τῇ
1046 373 1216 428 Σικτικῇ
1244 367 1516 427 Ἡρακλείας·
1553 369 1747 429 δεύτερον

235 446 386 505 μέρος,
425 442 523 501 ὅπερ
551 442 633 486 ἀπὸ
655 443 731 498 μὲν
751 441 961 497 ἀνατολῆς
985 438 1107 498 ὁρίζει
1131 438 1152 484 ὅ
1174 440 1384 498 Στρυμὼν
1405 441 1619 497 ποταμὸς,
1660 442 1744 485 ἀπὸ

238 518 284 561 δὲ
317 518 489 571 δυσμῶν
518 511 540 557 ὃ
562 510 965 567 καλούμενος-Ἄξιος
985 510 1176 566 ποταμὸς
1197 513 1266 554 καὶ
1288 511 1327 554 οἳ
1349 512 1643 569 παρακείμενοι
1668 511 1747 555 αὖ-

237 592 298 648 τῷ
327 584 470 630 τόποι·
508 584 650 642 τρίτον
684 581 707 626 ὃ
740 582 913 640 περιέχει
944 580 1051 625 κατὰ
1085 581 1248 636 δυσμὰς
1271 582 1348 636 μὲν
1369 579 1390 625 ὃ
1409 582 1590 639 Πηνειὸς
1611 585 1776 626 ποτα-5

240 657 321 714 μός
333 690 347 711 ,
386 654 494 700 κατὰ
515 655 561 698 δὲ
584 653 739 712 ἄρκτον
759 652 807 696 τὸ
839 650 1056 710 λεγόμενον
1091 652 1251 710 Βέρνον
1271 651 1392 710 ὄρος,
1429 652 1747 710 προστεθέντων

241 729 317 772 καί
331 744 456 770 τινων
474 723 616 769 τόπων
637 728 714 780 τῆς
728 725 939 774 Παιονίας
949 757 963 777 ,
996 723 1039 766 ἒν
1059 720 1121 773 οἷς
1139 724 1206 765 καὶ
1224 720 1360 774 πόλεις
1382 721 1749 781 ἇξιόλογοι’Έδεσ-

240 816 297 843 σα
332 799 402 842 καὶ
431 796 612 853 Βέροια·
651 794 853 852 τέταρτον
879 796 948 837 καὶ
971 797 1232 847 τελευταῖον,
1273 790 1371 850 ὅπερ
1394 791 1499 852 ὑπὲρ
1522 794 1571 838 τὸ
1590 794 1749 852 Βέρνον

242 868 341 928 ὅρος
370 865 568 911 συνάπτει
599 869 654 924 τῇ
679 865 863 924 Ἠπείρῳ
893 866 961 907 καὶ
989 871 1078 915 τοῖς
1106 863 1214 907 κατὰ
1245 863 1324 921 τὴν
1346 863 1557 922 Ἰλλυρίδα
1578 863 1747 915 τόποις·

207 937 422 998 Οῆγοῦντο
444 938 489 981 δὲ
510 938 579 980 καὶ
601 934 740 987 πόλεις
757 936 957 993 τέσσαρες
976 939 1062 979 τῶν
1083 934 1222 979 αὐτῶν
1237 932 1451 993 τεσσάρων
1473 939 1612 992 μερῶν
1626 949 1636 959 ·
1674 938 1751 979 τοῦ
1763 943 1800 980 1(

242 1011 320 1068 μὲν
338 1007 507 1068 πρώτου
523 1007 799 1066 Ἀμφίπολις,
840 1010 916 1049 τοῦ
945 1005 1140 1063 δευτέρου
1163 1007 1474 1063 Θεσσαλονίκη,
1514 1009 1589 1050 τοῦ
1607 1007 1750 1064 τρίτου

245 1081 391 1126 Πέλλα
427 1081 497 1123 καὶ
517 1082 591 1122 τοῦ
614 1075 816 1136 τετάρτου
834 1078 1097 1134 Πελαγωνία.
1138 1076 1181 1120 ἓν
1209 1075 1384 1127 ταύταις
1405 1077 1576 1134 ἀρχηγοὶ
1599 1076 1753 1120 τέσσα-

248 1169 316 1211 ρες
346 1147 671 1205 κατεστάθησαν
702 1149 770 1191 καὶ
791 1148 830 1191 οἱ
852 1145 976 1205 φόροι
996 1147 1246 1205 ἠθροίζοντο
1259 1181 1273 1201 ,
1313 1148 1357 1191 ἐν
1381 1148 1427 1191 δὲ
1444 1154 1532 1198 τοῖς
1564 1146 1755 1203 ἐσχάτοις

248 1226 327 1279 τῆς
360 1221 636 1270 Μακεδονίας
660 1216 806 1269 τόποις
838 1218 908 1261 διὰ
944 1217 1022 1269 τὰς
1050 1222 1136 1261 τῶν
1166 1218 1478 1276 παρακειμένων
1503 1219 1641 1261 ε’θνῶν
1665 1219 1755 1261 ἐπι-

247 1292 408 1350 βουλὰς
440 1290 702 1346 κατέστησαν
734 1285 1009 1347 στρατιώτας.
1049 1288 1113 1331 ἐπὶ
1143 1286 1349 1339 τούτοιςὸ
1372 1290 1573 1345 Αἰμίλιος
1592 1288 1756 1346 ἀγῶνας
1768 1298 1800 1334 1ἐ

249 1365 320 1408 καὶ
347 1359 503 1412 πότους
545 1364 868 1417 μεγαλοπρεπεῖς
911 1363 970 1418 τῷ
1007 1356 1162 1415 πλῆθει
1204 1356 1415 1410 συντάξας
1451 1358 1505 1403 τὰ
1531 1357 1756 1416 εὑρεθέντα

246 1431 450 1492 χρήματα
491 1433 548 1482 εἷς
579 1430 657 1487 τὴν
693 1428 856 1487 Ῥώμην
900 1429 1127 1474 ἀπέστειλα
1170 1429 1425 1485 καταλαβών
1456 1431 1503 1473 δὲ
1533 1431 1601 1473 καὶ
1630 1429 1759 1480 αὐτὸς

248 1505 469 1564 θρίαμβον
499 1507 744 1559 καταγαγεῖν
776 1499 865 1558 ἅμα
895 1507 984 1551 τοῖς
1016 1500 1093 1544 σὺν
1122 1499 1237 1560 αὐτῷ
1272 1507 1522 1558 στρατηγοῖς
1553 1498 1758 1544 κελεύεται

212 1574 374 1634 Βπαρά
405 1577 481 1631 τῆς
515 1570 774 1630 συγκλήτου·
812 1574 881 1616 καὶ
911 1575 1080 1630 πρῶτος
1109 1572 1186 1627 μὲν
1215 1571 1392 1622 Ἀνίκιος
1420 1573 1490 1614 καὶ
1512 1568 1759 1621 Ὀκταούιος

249 1644 272 1690 ὅ
297 1650 374 1702 τῆς
404 1646 604 1699 ναυτικῆς
637 1640 853 1698 δυνάμεως
875 1640 1162 1700 ἡγησάμενος,
1203 1641 1283 1685 ἇνά
1310 1643 1414 1698 μιάν
1434 1639 1595 1700 ἡμέραν
1614 1639 1757 1684 ἓκάτε-
1769 1648 1800 1684 2⁴

253 1733 327 1775 ρος
347 1712 667 1774 ἐθριάμβευσεν,
692 1711 714 1756 ὃ
736 1715 782 1756 δὲ
802 1711 1050 1772 σοφώτατος
1062 1714 1261 1768 Αἰμίλιος
1280 1713 1346 1755 ἐπὶ
1365 1718 1488 1770 τρεῖς.
1528 1713 1596 1755 καὶ
1610 1716 1662 1770 τῇ
1682 1712 1759 1767 μὲν

253 1783 402 1847 πρώτῃ
436 1783 596 1842 ἅμαξαι
621 1785 753 1840 χίλιαι
786 1782 995 1829 διακόσιαι
1026 1787 1247 1842 προῆλθον
1282 1782 1486 1841 φέρουσαι
1515 1782 1664 1833 λευκὰς
1691 1783 1761 1825 καὶ

352 1920 386 1956 1.
410 1915 539 1963 Αἶνον]
561 1916 648 1955 ἕνον
667 1918 711 1956 Β.
819 1919 855 1956 5.
886 1915 1022 1965 πήνιος
1044 1918 1087 1954 Β.
1202 1919 1237 1954 6.
1263 1915 1319 1963 δὲ]
1344 1915 1413 1955 τὸν
1429 1918 1478 1952 G.
1593 1915 1628 1952 7.
1660 1914 1762 1952 ἔδεσ-

354 1977 403 2003 σα
428 1967 471 2002 Β.
505 1967 631 2003 Εδεσα
652 1967 700 2002 G.
811 1969 845 2004 8.
871 1966 1034 2014 Βέῤῥοιοι
1057 1977 1102 2002 m.
1213 1962 1310 2012 ’ὑπὲρ
1336 1977 1402 2000 om.
1427 1966 1477 1999 G.
1594 1964 1652 1999 12.
1676 1966 1761 2000 πελ-

353 2015 403 2051 λοῖ
427 2014 499 2049 AB.
663 2015 870 2062 πελαγονία
893 2017 937 2053 Α.
1090 2015 1147 2052 16.
1177 2012 1332 2060 πότους]
1368 2012 1485 2059 Vulgo
1511 2008 1668 2054 ποτοῦς.

355 2063 414 2099 19.
442 2058 629 2109 Οκτάβιος
651 2063 699 2099 G.

263 2190 345 2226 gam
360 2178 585 2223 orientalem,
609 2179 655 2214 ad
674 2178 870 2222 Abderam,
894 2178 1095 2214 Maroneam
1118 2181 1155 2214 et
1176 2178 1304 2213 Aenum
1324 2175 1509 2218 civitates,
1531 2173 1576 2210 ad
1601 2174 1765 2220 Strymo·-

264 2227 320 2261 nis
346 2231 461 2261 autem
485 2227 663 2273 regionem
698 2226 897 2269 occiduam,
922 2225 1102 2261 Bisaltiam
1123 2237 1254 2260 omnem
1285 2227 1322 2259 et
1344 2223 1533 2264 Sicficam,
1557 2222 1765 2257 Heracleam

263 2272 495 2316 interiacent,
519 2275 833 2321 complectebatur-3
858 2273 1045 2308 secundam
1063 2278 1196 2319 partem
1221 2273 1264 2307 ab
1283 2270 1419 2306 oriente
1434 2270 1600 2316 Strymon
1625 2269 1765 2310 fluvius,

265 2320 311 2356 ab
330 2319 510 2355 occidente
526 2321 641 2356 dictus
662 2321 771 2357 Axius
800 2325 836 2356 et
859 2319 912 2355 his
940 2319 1058 2355 affinia
1085 2320 1160 2354 loca
1184 2318 1440 2361 terminabant3
1465 2322 1600 2364 partem
1625 2316 1765 2351 tertiam

266 2367 313 2403 ad
331 2366 545 2402 occidentem
563 2368 700 2403 Peneus
717 2368 849 2414 fluvius
864 2371 900 2402 et
918 2367 962 2401 ad
979 2367 1118 2402 boream
1148 2367 1287 2401 Bernus
1305 2377 1402 2400 mons
1425 2363 1768 2405 circumscribebant‚

265 2414 393 2461 quibus
413 2413 616 2450 Pannoniae
630 2415 708 2450 loca
725 2414 893 2461 quaedam
912 2414 1212 2459 adfflngebantur,
1236 2413 1352 2448 Edesa
1367 2412 1524 2447 nimirum
1543 2416 1580 2446 et
1589 2411 1768 2445 Berrhoea

267 2461 432 2497 civitates
457 2462 683 2508 praeclarae;
715 2466 839 2508 quarta
868 2465 966 2496 trans
984 2461 1133 2496 Bernum
1157 2466 1305 2496 montem
1335 2459 1439 2507 Epiri
1467 2462 1505 2494 et
1529 2457 1662 2505 Illyrici
1691 2457 1768 2491 loca

263 2512 392 2544 cuncta
408 2508 646 2555 superioribus
667 2510 886 2544 annectebat.
925 2509 1041 2543 Urbes
1054 2508 1199 2543 totidem
1219 2512 1368 2554 quatuor
1387 2506 1465 2542 istis
1482 2505 1643 2553 partibus
1663 2515 1768 2550 prae-

263 2560 386 2599 erant3
405 2567 447 2590 ac
464 2556 596 2602 primae
616 2556 755 2602 quidem
773 2554 1010 2602 Amphipolis;
1029 2555 1206 2591 secundae
1217 2554 1489 2596 Thessalonica3
1509 2552 1639 2588 tertiae
1648 2551 1769 2592 Pella;

264 2607 414 2650 quartae
432 2602 624 2650 Pelagonia
647 2603 898 2638 dominabatur.
945 2603 987 2638 In
1005 2604 1060 2638 his
1079 2603 1305 2649 magistratus
1325 2605 1475 2648 quatuor
1491 2597 1698 2640 constituti,
1723 2597 1770 2632 ad

265 2662 354 2697 quos
368 2650 515 2686 collecta
529 2650 719 2697 vectigalia
733 2650 989 2686 deferebantur.
1017 2650 1072 2685 Ad
1083 2650 1312 2686 Macedoniae
1320 2649 1447 2684 limites
1460 2646 1649 2683 vicinorum
1660 2656 1770 2692 popu-

265 2697 378 2733 lorum
393 2697 634 2733 refraenandis
649 2697 844 2732 incursibus
862 2697 1039 2743 praesidia
1051 2698 1180 2743 posita.
1204 2697 1322 2732 Ludos
1334 2697 1479 2742 insuper
1497 2699 1534 2729 et
1546 2703 1688 2729 munera
1699 2691 1770 2726 edi-

267 2745 322 2780 dit
341 2744 531 2788 Aemiiius3
555 2744 770 2791 congiarium
791 2745 827 2779 in
848 2745 1009 2791 populum
1029 2745 1167 2788 sanxit3
1192 2756 1277 2790 opes
1305 2747 1422 2779 autem
1447 2745 1608 2788 repertas
1627 2741 1772 2775 Romam

266 2791 455 2827 mittendas
475 2792 630 2835 curavit3
658 2791 725 2828 vici
744 2803 883 2838 quoque
911 2792 1155 2828 retribuendae
1171 2791 1318 2827 Aemilio
1349 2794 1386 2826 et
1405 2791 1468 2825 sub
1487 2801 1528 2824 eo
1550 2786 1685 2823 meritis
1706 2785 1771 2820 du-

269 2839 370 2874 cibus
393 2840 536 2875 Romam
570 2839 722 2875 reversis
751 2839 962 2885 triumphum
998 2839 1159 2874 decrevit
1196 2842 1349 2874 senatus.
1397 2836 1542 2872 Anicius
1571 2834 1711 2880 quidem
1735 2834 1772 2867 et

246 2908 251 2912 ·
268 2886 445 2921 Octavius
462 2886 582 2923 classis
605 2887 805 2933 praefectus
825 2897 888 2920 suo
902 2886 960 2921 die
977 2885 1076 2920 duxit
1095 2890 1245 2932 uterque
1262 2885 1331 2919 sibi
1350 2884 1546 2931 proprium3
1595 2879 1772 2933 rudenti-3

271 2932 349 2969 simi
366 2932 504 2970 Aemilii
529 2934 703 2983 triumpho
731 2939 806 2970 tres
830 2932 1022 2980 assignati3
1046 2933 1159 2980 primo
1185 2933 1327 2981 quidem
1353 2942 1477 2967 currus
1510 2929 1553 2966 m'
1583 2941 1603 2965 e
1629 2927 1772 2963 ducenti
