1754 3236
571 191 1103 254 cimonoGRAPfflA.
1567 193 1603 242 3

82 298 135 351 οὗ
155 301 284 364 χάριν
314 304 385 350 καὶ
411 300 586 366 πρώτην
609 308 687 350 τοῦ
716 302 890 365 πρώτου
917 305 1053 365 μηνὸς
1078 305 1223 353 Νισὰν
1250 311 1440 368 φυσικῶς
1465 308 1600 371 αὖτὴν

79 377 151 422 καὶ
170 373 461 428 θεοδιδάκτως
482 374 504 421 ὃ
524 373 714 434 θεόπτης
722 380 923 436 Μωϋσῆς
938 379 1205 438 παραλαβὼν
1223 379 1268 432 ἐξ
1285 379 1596 440 αὗτῆςῆρξατο

81 451 163 505 τῆς
179 452 425 508 συγγραφῆς
441 447 573 507 λέγων
594 448 697 503 ,,Ἔν
719 447 829 508 ἀρχῇ
849 450 1040 507 ἐποίησεν
1063 447 1086 495 ὃ
1110 450 1215 502 θεὸς
1233 450 1308 496 τὸν
1324 449 1507 510 οὐρανὸν
1526 456 1597 498 καὶ

78 518 159 577 τὴν
174 519 298 578 γῆν.”
317 517 533 578 πρόδηλον
554 518 635 578 γὰρ
657 517 722 564 ὅτι
743 519 904 572 παντὸς
919 521 1118 578 μηνιαίου
1136 523 1206 566 καὶ
1221 521 1476 567 ἐνιαυσιαίου
1488 522 1597 584 χρό-

44 595 156 635 5νου
179 588 317 651 ἡμέρα
340 608 405 642 τις
421 588 727 650 προκατάρχει,
766 593 837 636 καὶ
865 590 930 636 ὅτι
951 590 974 637 ὃ
1004 591 1186 651 οὐρανὸς
1205 594 1276 636 καὶ
1306 590 1335 651 ἢ
1363 598 1417 651 γῆ
1446 596 1516 638 καὶ
1545 596 1595 640 τὸ

78 665 172 721 φῶς
192 663 263 706 καὶ
284 660 332 707 τὸ
354 659 506 713 σκότος
527 661 575 707 τὸ
597 660 760 718 πνεῦμά
779 679 823 707 τε
840 665 910 707 καὶ
929 661 956 720 ἢ
978 662 1170 719 ἄβυσσος
1189 665 1258 707 καὶ
1281 663 1387 708 αὐτὸ
1406 664 1456 709 τὸ
1476 683 1595 725 πρω-

74 730 298 778 τόκτιστον
317 730 590 792 νυχθήμερον
610 731 750 792 ὥσπερ
776 733 886 792 ἀρχὴ
906 738 984 792 τῆς
1001 739 1202 793 χρονικῆς
1230 732 1430 792 κινήσεως
1455 737 1591 796 πέφυ-

75 820 170 859 κεν,
212 802 314 863 ὅπερ
339 803 433 862 ἥτις
462 804 598 861 μονὰς
624 808 710 849 τῶν
737 805 834 861 μετ’
870 804 1005 862 αὐτὴν
1038 806 1264 865 ἀριθμῶν,
1304 805 1442 859 οὐδεὶς
1472 807 1631 860 ἀντι-1)

76 872 230 934 φράσει
251 879 338 920 τῶν
357 870 401 919 εὖ
424 872 720 935 φρονούντων,
743 875 844 920 οὐδ’
871 875 936 920 ὅτι
958 874 981 921 ὅ
1003 876 1184 935 οὐρανὸς
1204 879 1273 920 καὶ
1294 875 1322 934 ἦ
1343 882 1396 935 γῆ
1418 880 1488 922 καὶ
1508 884 1594 925 τῶν

19 954 66 991 10
78 943 302 1005 δρωμένων
321 943 349 1004 ἢ
374 944 584 1004 σύμπηξις
602 945 686 1005 πρὸ
709 951 787 1004 τῆς
806 946 979 1007 πρώτης
997 945 1171 1006 ἡμέρας,
1197 948 1305 992 ἀλλὰ
1329 947 1500 1001 πάντως
1513 951 1594 996 σὺν

76 1017 187 1076 αὐτῇ
207 1019 277 1062 καὶ
296 1016 395 1062 κατ’
424 1017 560 1076 αὐτὴν
585 1021 799 1077 παρῆκται
827 1020 898 1062 καὶ
924 1019 1003 1076 τὴν
1025 1018 1160 1077 ἀρχὴν
1178 1019 1333 1079 εἴληφε.
1374 1022 1410 1064 εἰ
1426 1020 1507 1080 γὰρ
1530 1021 1593 1080 μὴ

76 1090 404 1146 τοῦτο’δῶμεν,
442 1088 560 1133 ἔσται
584 1089 663 1145 μὲν
694 1088 802 1146 ἄλλη
836 1107 900 1142 τις
926 1088 1036 1149 ἀρχὴ
1069 1091 1253 1149 οὐρανοῦ
1284 1092 1354 1135 καὶ
1376 1096 1454 1149 γῆς
1482 1093 1593 1137 κατὰ

72 1158 149 1204 τὸν
168 1156 328 1219 χρόνον
356 1160 623 1220 πρεσβυτέρα
652 1162 722 1205 καὶ
744 1160 854 1219 ἄλλη
879 1161 1076 1221 νεωτέρα,
1103 1161 1214 1206 καθ’
1236 1160 1289 1219 ἣν
1309 1159 1337 1219 ἧ
1356 1160 1593 1222 πρωτόκτι-

72 1247 176 1283 στος
208 1228 346 1291 ἧμὲρα
376 1236 452 1276 τοῦ
484 1229 588 1276 εἶναι
615 1230 800 1290 ἤρξατο,
841 1230 942 1291 ὅπερ
973 1234 1235 1278 ἐναντιοῦται
1264 1239 1359 1285 ταῖς
1383 1233 1592 1279 θεοπνεύ-

15 1313 63 1352 15
74 1319 192 1354 στοις
209 1309 370 1362 φωναῖς
388 1304 458 1347 καὶ
473 1307 528 1363 τῇ
545 1307 706 1363 φυσικῇ
727 1307 814 1348 τῶν
834 1302 1096 1362 πραγμάτων
1115 1304 1365 1367 ἀκολουθία.
1404 1306 1485 1350 τίνι
1507 1306 1590 1365 γὰρ

71 1371 94 1418 ὅ
126 1373 210 1433 πρὸ
232 1378 310 1431 τῆς
327 1375 644 1432 πρωτοκτίστου
663 1372 825 1433 ἡμέρας
843 1373 999 1434 χρόνος
1026 1382 1315 1435 κατεμετρεΐτο
1349 1374 1479 1433 μήπω
1508 1382 1587 1435 τῆς
1604 1394 1647 1430 p,
1672 1393 1697 1430 3

68 1442 246 1503 ἡλιακῆς
265 1449 405 1504 φορᾶς
424 1447 494 1490 καὶ
513 1449 735 1503 σεληνικῆς
751 1447 975 1504 γενομένης
992 1447 1102 1504 μηδὲ
1122 1451 1200 1505 τῆς
1218 1444 1378 1506 ὁρατῆς
1398 1449 1586 1503 κτίσεως,

67 1514 130 1560 δι’
155 1514 210 1574 ἢν
230 1518 300 1560 καὶ
330 1514 358 1574 ἦ
388 1521 476 1562 τῶν
505 1521 826 1575 νυχθημερινῶν
855 1516 1158 1576 διαστημάτων
1181 1519 1343 1575 κίνησις
1370 1515 1454 1562 ὑπὸ
1479 1523 1588 1563 θεοῦ

68 1591 218 1646 σοφῶς
237 1586 442 1646 ὥρισται,·
478 1595 569 1639 τοῖς
590 1588 671 1647 γὰρ
693 1588 845 1640 ἀϊδίοις
863 1588 994 1646 ἤγουν
1015 1596 1108 1640 ταῖς
1125 1587 1271 1639 ἆΰλοις
1295 1588 1459 1640 οὐσίαις
1482 1587 1589 1633 αιίὗν

11 1670 59 1707 20
71 1675 136 1710 τις
155 1656 495 1710 ἀνεπισκότιστος
516 1660 913 1718 συμπαρεκτείνεται
922 1693 937 1715 ,
976 1658 1115 1719 ὥσπερ
1136 1657 1238 1717 ἡμῖν
1258 1666 1348 1711 τοΐς
1367 1660 1411 1704 ἐν
1436 1659 1589 1718 γενέσει

163 1773 198 1809 1.
230 1769 363 1808 Νισάν
384 1783 430 1808 ιιι.
452 1772 587 1808 νισσᾶν
613 1772 658 1808 A.
708 1769 862 1809 Νισσοὶν
886 1773 935 1810 G.
1029 1773 1064 1809 2.
1086 1769 1320 1820 παραλαβών
1343 1772 1387 1807 A.
1422 1774 1589 1818 προσλα-

160 1816 242 1868 βῶν
266 1819 315 1856 G.
406 1821 441 1857 8.
467 1815 561 1866 ὅπερ
579 1821 623 1856 Α.
655 1814 780 1868 ὥσπερ
798 1820 847 1856 G.
935 1815 1024 1867 μετ’
1043 1816 1167 1867 αὐτὴν
1190 1821 1232 1855 Α.
1266 1815 1360 1867 μεθ’
1379 1818 1521 1868 ἑαυτήν
1538 1821 1587 1856 G.

161 1863 403 1914 ἀντιφράσει]
429 1862 661 1917 ἆντιφράσοι
685 1869 733 1904 G.
838 1870 895 1906 12.
921 1869 990 1916 γῆς
1012 1867 1055 1904 A.
1089 1868 1158 1916 τῆς
1174 1869 1245 1926 γῆς
1267 1868 1317 1904 G.
1432 1869 1490 1906 13.
1522 1868 1588 1905 καὶ

162 1911 258 1962 ἄλλη
284 1913 450 1962 νεωτέρα
481 1918 526 1952 Α.
577 1912 693 1963 ἄλλην
731 1913 840 1963 ἑτέρα
873 1917 920 1952 G.
1033 1917 1090 1955 16.
1130 1924 1246 1962 μηπω
1279 1917 1322 1952 A.
1366 1915 1502 1963 μήπως
1535 1917 1584 1953 G.

164 1965 222 2002 18.
247 1958 296 2012 ἣν
319 1963 385 2001 καὶ.
409 1960 434 2011 ἡ
459 1964 536 2002 τῶν
558 1964 602 2000 A.
635 1962 683 2014 ἣν
705 1962 729 2012 ἡ
753 1966 803 2003 G.
906 1965 966 2002 20.
1000 1960 1092 2012 ἡμῖν
1117 1967 1201 2008 τοῖς
1225 1964 1268 2000 Α.
1298 1965 1383 2007 τοῖς
1406 1976 1472 2000 om.
1498 1964 1549 2001 G.

66 2055 216 2104 demque
242 2057 298 2093 rei
323 2058 464 2105 gratia,
489 2059 642 2095 naturali
663 2059 854 2107 divinoque
886 2059 1014 2095 lumine
1038 2058 1184 2095 edoctus
1211 2057 1270 2094 dei
1295 2062 1478 2106 spectator
1503 2057 1584 2094 Mo-

65 2117 123 2140 ses
141 2104 245 2152 primi
264 2106 393 2142 mensis
408 2107 553 2154 primum
568 2107 662 2143 illum
682 2107 774 2143 diem
791 2109 870 2143 fore
885 2106 1162 2155 praenuncians,
1186 2107 1232 2143 ab
1249 2119 1292 2142 eo
1310 2106 1510 2154 scripturae
1526 2118 1584 2141 se-

66 2151 155 2188 riem
174 2164 364 2200 aggressus
381 2160 460 2198 est,
485 2155 625 2190 dicens:
650 2155 724 2198 „In
747 2155 920 2203 principio
939 2154 1076 2190 creavit
1099 2154 1186 2190 deus
1202 2153 1332 2190 caelum
1354 2160 1391 2189 et
1414 2153 1583 2190 terram.’'

65 2198 250 2236 Menstruo
269 2213 417 2258 namque
433 2207 471 2238 et
500 2214 614 2239 annuo
642 2203 759 2250 spatio
789 2203 882 2238 diem
914 2202 1085 2249 quendam
1111 2201 1249 2238 initium
1282 2201 1369 2237 dare
1398 2201 1583 2236 manifesto

65 2252 225 2284 constat:
249 2253 291 2284 ut
313 2261 403 2285 enim
427 2250 559 2286 caelum
581 2262 623 2286 ac
641 2257 791 2294 terram,
816 2250 981 2286 tenebras
1000 2255 1037 2285 et
1058 2249 1195 2293 lumen,
1220 2249 1385 2296 spiritum
1411 2253 1448 2284 et
1476 2249 1583 2295 abys-

66 2303 160 2339 sum,
183 2306 249 2331 nec
276 2308 346 2332 non
373 2301 410 2333 et
438 2298 554 2345 ipsum
582 2298 694 2345 primo
720 2298 852 2334 editum
868 2297 982 2333 noctis
1000 2297 1143 2344 dieique
1160 2297 1390 2339 curriculum,
1415 2308 1458 2331 eo
1477 2300 1582 2343 pacto

66 2343 285 2390 temporanei
302 2350 414 2380 motus
433 2346 642 2393 principium
662 2345 841 2388 extitisse,
864 2357 906 2381 ac
923 2345 1210 2392 subsequentium
1226 2354 1444 2379 numerorum
1464 2343 1584 2380 unita-

65 2393 138 2426 tem
156 2415 168 2433 ‚
192 2402 292 2426 nemo
310 2393 371 2438 qui
391 2394 516 2428 mentis
534 2395 582 2429 sit
606 2405 746 2440 compos
768 2392 909 2428 inficias
929 2393 1030 2428 ierit:
1054 2392 1190 2428 caelum
1211 2391 1346 2438 pariter
1371 2403 1414 2426 ac
1439 2396 1581 2434 terram,

67 2440 105 2472 et
125 2437 343 2482 universam,
369 2452 460 2486 quae
477 2441 542 2476 sub
559 2442 765 2489 adspectum
784 2441 926 2483 cadunt,
944 2452 1061 2476 rerum
1080 2451 1303 2495 compagem,
1326 2437 1418 2474 diem
1437 2437 1584 2486 primum

66 2486 305 2532 praecessisse
324 2487 438 2523 nullus
461 2493 618 2532 asseret,
645 2489 707 2524 sed
734 2489 873 2524 omnino
900 2482 979 2523 cum
998 2499 1062 2531 e0,
1095 2499 1137 2523 ac
1164 2486 1333 2533 deinceps
1358 2490 1439 2533 post
1470 2485 1583 2532 ipsum

65 2533 250 2569 emersisse
273 2545 316 2570 ac
343 2535 535 2581 sumpsisse
561 2536 785 2583 principium.
835 2536 902 2570 Sin
928 2535 1039 2570 minus
1065 2535 1131 2570 hoc
1155 2533 1449 2576 concesserimus,
1486 2531 1583 2568 aliud

67 2579 158 2615 caeli
173 2585 360 2628 terraeque
378 2583 588 2631 principium
618 2588 776 2630 tempore
807 2582 986 2630 antiquius
1020 2582 1090 2618 erit
1117 2581 1390 2624 admittendum,
1414 2591 1458 2616 ac
1486 2579 1583 2622 aliud

93 2627 204 2664 ariter
223 2641 293 2676 quo
313 2629 424 2676 primo
456 2631 620 2667 conditus
647 2631 766 2666 illuxit
789 2630 886 2674 dies;
909 2629 1002 2677 quod
1018 2629 1186 2668 divinitus
1207 2628 1390 2676 inspiratis
1415 2626 1582 2663 sermoni-

89 2686 131 2710 us
154 2679 192 2711 et
226 2677 379 2713 naturali
401 2689 516 2714 rerum
538 2678 654 2715 ordini
672 2675 894 2714 adversatur.
943 2677 1011 2712 Cui
1041 2688 1192 2724 namque
1212 2687 1329 2712 rerum
1355 2675 1446 2711 diem
1470 2673 1583 2721 primo

64 2721 321 2759 illucescentem
339 2726 555 2771 praecedens
571 2726 720 2774 spatium
730 2730 999 2773 exaequaretur,
1020 2736 1097 2759 cum
1106 2723 1255 2760 nondum
1266 2722 1390 2758 solaris
1405 2721 1584 2757 lunarisve

67 2780 190 2805 cursus
202 2796 213 2814 ,
239 2771 296 2807 vel
315 2771 410 2808 aliud
427 2779 583 2810 creatum
602 2774 681 2810 visu
703 2773 988 2816 discernendum,
1013 2783 1082 2819 quo
1098 2778 1343 2807 nocturnorum
1365 2769 1584 2804 diurnorum-

65 2827 136 2862 que
155 2818 392 2855 discriminum
413 2820 621 2857 vicissitudo
642 2833 663 2857 a
684 2821 751 2857 deo
771 2822 950 2868 sapienter
969 2825 1025 2855 est
1041 2819 1252 2862 distributa,
1279 2817 1478 2853 existeret?
1512 2818 1585 2852 Ae·-

65 2863 177 2900 ternis
194 2866 388 2915 siquidem,
413 2869 481 2904 hoc
502 2873 556 2905 est
577 2881 599 2904 a
617 2869 764 2905 materia
784 2869 948 2905 discretis
964 2866 1171 2903 substantiis
1190 2877 1310 2901 aevum
1331 2864 1507 2912 quoddam
1523 2875 1584 2899 oc-

65 2922 170 2947 casus
195 2916 234 2948 et
259 2914 485 2952 tenebrarum
516 2928 646 2963 expers
679 2917 926 2952 coextenditur
955 2920 992 2950 et
1018 2918 1337 2954 commensuratur,
1372 2923 1415 2946 eo
1442 2911 1585 2959 penitus

65 2963 195 3006 pacto,
219 2972 290 3008 quo
305 2963 409 2999 nobis
429 2967 527 3000 ortus
559 2969 597 3000 ct
618 2964 784 3000 interitus
814 2963 887 3011 legi
913 2962 1084 2999 subiectis
1112 2966 1249 3009 tempus
1280 2959 1453 2996 solaribus
1485 2958 1586 3006 gyris
