1800 3236
172 176 278 227 420
646 179 901 228 GEORGH
927 178 1216 229 SYNCELLI

139 306 170 342 B
183 295 282 346 τοὺς
310 287 563 351 θησαυροὺς
582 289 698 337 οἷ’κου
721 293 866 352 κυρίου
889 292 957 335 καὶ
975 290 1075 343 τούς
1095 290 1345 350 θησαυροὺς
1365 289 1481 335 οἷ’κου
1502 293 1579 334 τοῦ
1600 293 1686 343 βα-

174 366 333 419 σιλέως,
373 365 442 408 καὶ
464 362 668 418 συνέκοψε
691 360 830 407 πάντα
852 362 908 405 τὰ
929 360 1054 417 σκεύη
1081 361 1134 405 τὰ
1151 366 1316 420 χρυσᾶ,
1356 360 1384 405 ἃ
1406 360 1571 417 ἐποίησε
1594 364 1685 404 Σα-

175 435 317 493 λομών
344 432 543 491 βασιλεὺς
557 432 728 490 Ἰσραὴλ
749 433 793 476 ἐν
813 436 872 492 τῷ
896 436 985 490 ναῷ
1008 433 1152 491 κυρίου
1174 433 1284 476 κατὰ
1303 432 1351 476 τὸ
1374 431 1490 490 ῥῆμα
1511 431 1656 487 κυρίου
1671 443 1682 453 ·

174 509 244 555 καὶ
267 502 449 564 ἀπῴκισε
481 507 622 546 πᾶσαν
657 502 734 558 τὴν
750 500 1021 559 Ἰερουσαλὴμ
1032 534 1046 555 ,
1084 503 1153 545 καὶ
1175 499 1337 554 πάντας
1357 501 1456 552 τοὺς
1476 499 1686 559 ἄρχοντας

174 579 244 622 καὶ
277 575 378 626 τοὺς
408 572 614 624 δυνατοὺς
644 569 760 628 ῗσχύΐ
783 573 1048 632 αἰχμαλωσίᾳ
1085 573 1154 615 καὶ
1190 573 1289 617 δέκα
1309 569 1502 630 χιλιάδας
1525 569 1714 627 αι’χμα-5

174 648 369 700 λωτίσας,
408 644 476 688 καὶ
505 640 643 686 πάντα
666 642 720 686 τὰ
743 643 865 687 τέκνα
887 644 957 686 καὶ
979 641 1053 686 τὸν
1073 644 1354 699 συγκλείοντα,
1393 644 1464 686 καὶ
1486 641 1564 698 οὐχ
1582 639 1686 684 ’ὗπε-

176 718 332 776 λείφθη
363 714 472 771 πλὴν
503 713 543 757 οἳ
574 713 733 769 πτωχοὶ
764 717 840 770 τῆς
873 717 960 771 γῆς.
999 714 1067 756 καὶ
1101 710 1283 772 ἀπῴκισε
1310 713 1384 757 τὸν
1409 712 1603 768 Ἰωαχεὶμ
1627 712 1686 762 εἷς

177 790 420 842 Βαβυλῶνα
449 785 519 828 καὶ
550 783 627 839 τὴν
659 782 821 841 μητέρα
850 785 919 827 καὶ
954 782 1032 834 τὰς
1061 790 1260 841 γυναῖκας
1289 787 1365 827 τοῦ
1387 782 1593 838 βασιλέως
1616 782 1686 825 καὶ

176 858 277 908 τοὺς
300 852 522 912 εὐνούχους
543 855 612 897 καὶ
631 853 731 904 τοὺς
753 854 950 912 ἰσχυροὺς
974 857 1050 910 τῆς
1068 858 1141 911 γῆς
1163 852 1372 911 ἀπήγαγεν
1398 853 1687 909 αἰχμαλωσίας

176 928 415 972 ἂποικεσίαν
437 927 480 977 ἐξ
495 923 769 982 Ἰερουσαλὴμ
791 926 848 975 εἷς
861 927 1118 980 Βαβυλῶνα,
1139 925 1208 968 καὶ
1225 922 1387 975 πάντας
1408 923 1507 974 τοὺς
1527 922 1685 981 ἄνδρας
1701 924 1744 963 10

141 1003 255 1054 Οτῆς
277 995 516 1052 δυνάμεως,
557 994 717 1052 ἄνδρας
740 993 894 1051 ἰσχύος,
925 998 1152 1046 ποιοῦντας
1168 993 1374 1051 πόλεμον,
1414 992 1484 1054 Ιζ,
1515 995 1584 1037 καὶ
1613 992 1687 1037 τὸν

177 1070 349 1113 τέκτονα
370 1067 438 1111 καὶ
461 1066 535 1109 τὸν
561 1066 826 1122 συγκλείοντα
838 1098 852 1119 ,
881 1065 1066 1121 χιλίους,
1104 1063 1255 1116 πάντες
1278 1066 1450 1108 δυνατοὶ
1471 1067 1689 1114 ποιοῦντες

178 1137 373 1195 πόλεμον.
412 1137 481 1180 καὶ
504 1134 654 1193 ἤγαγεν
678 1135 834 1186 αὐτούς
855 1134 1054 1190 βασιλεὺς
1072 1131 1332 1190 Βαβυλ’ῶνος
1351 1135 1609 1191 μετοικεσίαν
1630 1135 1688 1184 εἷς

179 1213 446 1265 Βαβυλῶνα,
487 1207 556 1249 καὶ
586 1207 826 1262 ἐβασίλευσε
859 1204 1055 1260 βασιλεὺς
1084 1208 1344 1260 Βαβυλῶνος
1374 1204 1448 1249 τὸν
1471 1204 1687 1249 Marmar

180 1280 272 1323 υἱὸν
305 1278 436 1322 αὐτοῦ
473 1275 570 1320 ἀντ’
607 1274 752 1321 αὐτοῦ.
791 1277 860 1319 καὶ
887 1269 1065 1332 ἐπέθηκε
1089 1275 1136 1320 τὸ
1157 1274 1292 1332 ὄνομα
1318 1274 1450 1319 αὐτοῦ
1473 1275 1682 1320 Σεδεκίαν.
1699 1283 1743 1320 15

179 1350 272 1400 υἱὸς
294 1346 329 1392 κ’
350 1349 454 1391 ἐτῶν
480 1347 677 1397 Σεδεκίας
708 1347 751 1390 ἓν
774 1350 834 1407 τῷ
855 1344 1090 1402 βασιλεύειν
1111 1344 1251 1391 ἀἰτὸν
1261 1379 1276 1402 ,
1315 1347 1385 1390 καὶ
1407 1342 1464 1390 ια’
1482 1345 1559 1403 ἔτη
1583 1346 1687 1401 ἔβα-

179 1410 365 1464 σίλευσεν
387 1418 430 1460 ἐν
446 1414 738 1475 Ἰερουσαλήμ.

288 1492 439 1533 Ταῦτα
469 1487 575 1545 πρὸς
594 1486 702 1538 λέξιν
723 1487 766 1531 ἐν
787 1489 840 1545 τῇ
865 1483 903 1530 δ’
924 1490 1008 1531 τῶν
1027 1490 1251 1543 βασιλειῶν
1270 1485 1532 1545 γεγραμμένα
1556 1502 1687 1543 παρε-

178 1559 345 1616 θὲμην,
386 1556 492 1602 ὥστε
521 1557 671 1601 eil-§ivai
697 1557 797 1608 τοὺς
823 1554 1123 1615 ἐτυγχάνοντας
1143 1556 1376 1616 διαφόρους
1401 1556 1687 1613 αι’χμαλωσίας

179 1635 256 1674 τοῦ
272 1629 478 1687 Ἑβραίων
504 1627 648 1685 γένους
664 1631 938 1686 γεγενῆσθαι,
976 1630 1046 1672 καὶ
1064 1628 1134 1672 διὰ
1156 1632 1280 1672 τοῦτο
1302 1627 1379 1679 τὰς
1401 1631 1486 1671 τῶν
1509 1643 1677 1683 προφη-
1692 1635 1745 1672 20

187 1705 272 1745 τῶν
307 1696 556 1758 προρρήσεις
584 1698 644 1755 μὴ
670 1698 779 1742 καθ’
813 1698 886 1741 ἕνα
906 1696 1064 1756 τρόπον
1087 1698 1113 1755 ἢ
1132 1696 1285 1757 χρόνον
1308 1702 1500 1742 νοεῖσθαι
1522 1694 1686 1755 εἴρηκά-

145 1775 297 1826 Βτων,
335 1769 404 1826 ἔτη
436 1767 728 1826 ἑβδομήκοντα
755 1769 961 1827 διαρκέσει
997 1769 1046 1814 τὸ
1074 1769 1201 1821 ἔθνος
1224 1770 1289 1812 ἐπὶ
1311 1773 1388 1825 τῆς
1408 1767 1689 1824 Βαβυλωνίας

273 1882 309 1918 2.
334 1881 508 1925 σαλομῶν
525 1880 568 1916 Β.
588 1878 772 1927 Σολομῶν
783 1882 832 1917 G.
924 1881 960 1918 3.
985 1883 1067 1928 ναῷ
1081 1883 1153 1919 τοῦ
1169 1881 1301 1928 κυρίου
1313 1880 1360 1918 G.
1454 1877 1480 1915 4
1497 1882 1535 1915 et
1550 1881 1584 1917 7.
1602 1878 1688 1913 Vul-

276 1940 322 1973 go
340 1925 549 1975 ἅπῴκησεν.
675 1929 710 1965 5.
742 1928 805 1964 καὶ
829 1927 920 1971 τούς
955 1929 1076 1965 addidi
1097 1941 1141 1964 ex
1167 1930 1211 1965 B.
1333 1926 1618 1974 αἰχμαλωτήσας
1643 1926 1686 1963 Β.

276 1975 547 2021 αἰχμαλωτίσεν
568 1976 610 2012 Α.
634 1974 888 2024 ᾐχμαλώτισεν
910 1977 957 2012 G.
1078 1976 1134 2013 14.
1158 1976 1359 2022 Ματθίαν]
1398 1975 1486 2011 Vide
1511 1977 1600 2022 Reg.
1623 1974 1687 2011 IV.

274 2021 344 2066 24,
370 2025 428 2061 17.
555 2024 612 2060 16.
636 2025 818 2067 Σεδεκίας
841 2036 907 2061 om.
929 2025 973 2060 B.
1084 2026 1143 2062 18.
1167 2026 1289 2061 ταῦτα
1308 2025 1351 2060 Β.
1373 2020 1492 2070 ταύτῃ
1510 2024 1558 2059 G.

184 2114 329 2151 vitatem
342 2141 353 2158 ‚
381 2115 527 2152 abstulit
549 2128 666 2153 omnes
682 2118 868 2154 thesauros
888 2117 1007 2153 domus
1028 2117 1157 2153 domini
1175 2121 1211 2154 et
1226 2119 1411 2154 thesauros
1433 2116 1553 2152 domus
1565 2114 1688 2161 regiae

185 2167 222 2197 et
242 2167 367 2197 cuncta
387 2175 475 2198 vasa
492 2176 617 2207 aurea,
643 2176 733 2211 quae
752 2166 912 2201 Salomon
931 2177 994 2200 rex
1011 2165 1119 2200 Israel
1135 2166 1172 2200 in
1193 2165 1320 2212 templo
1337 2165 1465 2200 domini
1486 2163 1587 2198 iuxta
1604 2173 1688 2197 ver-

183 2209 264 2246 bum
284 2209 413 2245 domini
434 2211 592 2254 fecerat,
617 2212 826 2250 comminuit.
872 2213 922 2247 Et
937 2213 1116 2246 transtulit
1143 2224 1272 2247 omnem
1295 2211 1532 2253 Hierusalem,
1556 2209 1687 2256 princi-

184 2268 248 2303 pes
267 2268 385 2291 omnes
406 2261 443 2292 et
464 2262 623 2303 potentes
646 2259 852 2294 fortitudine
875 2259 912 2293 in
937 2259 1175 2303 captivitatem
1196 2263 1233 2293 et
1257 2260 1378 2293 decem
1400 2257 1506 2293 millia
1533 2257 1627 2293 misit
1648 2257 1686 2292 in

182 2303 407 2349 servitutem,
431 2309 468 2339 et
488 2317 604 2340 omnes
624 2317 751 2351 pueros
770 2310 807 2340 et
823 2305 1029 2340 inclusorem
1041 2330 1051 2346 ‚
1076 2317 1140 2340 nec
1160 2306 1247 2340 ullus
1264 2306 1444 2347 remansit,
1469 2305 1536 2340 nisi
1555 2318 1574 2340 e
1591 2316 1687 2339 men-

180 2349 337 2385 dicorum
357 2362 480 2397 grege.
530 2352 580 2386 Et
599 2352 780 2387 transtulit
799 2352 951 2387 Ioachim
969 2352 1005 2386 in
1025 2352 1235 2398 Babylonem
1261 2356 1298 2387 et
1323 2357 1468 2388 matrem
1494 2357 1531 2387 et
1555 2363 1686 2386 uxores

180 2396 276 2442 regis
303 2402 340 2432 et
358 2399 534 2433 eunuchos
561 2398 635 2433 eius
666 2403 704 2434 et
720 2400 834 2445 fortes
853 2403 970 2433 terrae
989 2399 1135 2434 abduxit
1162 2400 1199 2434 in
1218 2400 1436 2446 captivitatis
1456 2399 1684 2445 transmigra-

180 2444 309 2478 tionem
329 2456 372 2479 ex
393 2444 612 2480 Hierusalem
628 2445 664 2480 in
682 2445 917 2492 Babylonem3
943 2450 979 2480 et
1005 2458 1123 2481 omnes
1140 2446 1234 2481 viros
1252 2447 1394 2482 virtutis
1407 2473 1418 2489 ‚
1442 2447 1539 2482 viros
1558 2446 1686 2481 robore

181 2494 424 2537 praestantes,
449 2492 539 2528 bello
567 2492 731 2535 idoneos,
757 2497 888 2538 septem
914 2492 1040 2535 millia,
1066 2498 1104 2528 et
1121 2494 1258 2529 fabrum
1290 2498 1326 2530 et
1342 2494 1566 2535 inclusorem,
1593 2493 1685 2528 mille

182 2549 343 2581 numer03
367 2538 405 2574 hi
426 2539 542 2574 cuncti
558 2540 694 2575 robusti
716 2545 818 2574 erant
845 2545 882 2575 et
905 2540 1049 2576 militiae
1070 2540 1185 2587 periti.
1237 2541 1284 2576 Et
1311 2541 1492 2576 transtulit
1517 2541 1595 2575 illos
1619 2551 1684 2575 rex

182 2585 372 2631 Babylonis
391 2586 728 2632 transmigrationem
747 2587 783 2621 in
800 2587 1022 2633 Babylonem.
1071 2588 1121 2622 Et
1150 2600 1267 2638 regern
1295 2589 1384 2623 fecit
1413 2600 1477 2624 rex
1495 2587 1686 2633 Babylonis

181 2632 414 2668 Matthaniam
431 2633 538 2668 filium
558 2634 636 2669 eius
656 2645 720 2681 pro
740 2645 781 2668 eo
807 2639 843 2669 et
870 2634 1035 2680 imposuit
1059 2635 1092 2670 ei
1109 2647 1231 2669 nomen
1249 2635 1442 2671 Sedeciam.
1491 2634 1601 2669 Filius
1621 2646 1686 2669 an-

181 2689 302 2760 ιέῧτυιιι
321 2680 368 2761 2¹0
393 2686 470 2716 erat
489 2679 657 2716 Sedecias
678 2692 755 2716 cum
775 2692 921 2727 regnum
939 2682 1082 2728 collegit
1101 2687 1138 2718 et
1155 2682 1315 2718 undecim
1332 2682 1433 2718 annis
1460 2682 1628 2728 regnavit,
1645 2682 1684 2717 in

221 2737 336 2761 ierusa
352 2738 416 2762 em.

278 2774 378 2809 Haec
394 2773 439 2809 ad
455 2773 598 2810 verbum
616 2786 661 2810 ex
677 2771 701 2811 4
716 2774 807 2821 Reg.
827 2774 864 2810 in
878 2775 1024 2811 medium
1045 2775 1194 2822 protuli,
1219 2787 1289 2822 quo
1308 2775 1505 2823 percipiant
1534 2775 1684 2811 lectores

183 2820 300 2864 gentis
320 2821 558 2857 Hebraeorum
588 2821 704 2858 varias
738 2823 897 2858 extitisse
923 2824 1172 2869 captivitate-⁴13
1205 2835 1247 2858 ac
1276 2823 1408 2858 idcirco
1437 2824 1683 2869 prophetarum

182 2866 350 2903 vaticinia
374 2880 443 2903 non
469 2879 538 2903 uno
567 2869 666 2904 modo
684 2869 741 2904 vel
760 2875 918 2916 tempore
940 2870 1168 2917 complenda,
1190 2870 1251 2905 ubi
1266 2871 1517 2917 pronunciant;
1541 2874 1684 2916 septua-

184 2912 282 2959 ginta
298 2915 398 2951 annis
415 2915 632 2964 permanebit
643 2916 795 2965 populus
812 2917 848 2953 in
856 2917 1036 2965 Babylon—e
1053 2917 1226 2966 captivus.
1264 2917 1422 2960 Quorum
1438 2919 1544 2966 porro
1562 2917 1682 2953 diver-
