1754 3236
171 162 240 211 36
634 155 890 204 GEORGII
922 152 1209 199 SYNCELLI

170 276 278 324 κατὰ
300 272 422 322 τόνδε
441 270 599 334 τρόπον
629 269 705 316 οὐκ
727 266 807 314 εἶδε
826 267 901 312 τὸν
923 260 1234 322 κατακλυσμόν.
1284 263 1356 308 καὶ
1381 265 1521 308 ταῦτα
1549 261 1627 319 μὲν
1651 258 1675 306 ὃ

170 348 397 405 Εὐσέβιος·
437 343 536 404 ὅπερ
573 340 646 387 ἐάν
672 358 736 392 τις
765 338 925 396 ἀληθὲς
952 335 1057 381 εἶναι
1085 338 1173 397 δῷ,
1213 332 1489 395 εὑρεθήσεται
1518 330 1541 377 ὃ
1566 335 1677 378 Μα-

170 416 371 465 θουσάλα
399 415 646 460 ἐννακοσίων
675 406 989 468 τεσσαράκοντα
1016 407 1134 452 ἐννέα
1159 408 1265 451 ἐτῶν
1289 402 1566 462 τελευτήσας,
1597 404 1678 460 ,καὶ

167 488 285 535 ἔσται
319 486 341 533 ὅ
366 485 500 545 Ἰάρεὸ
530 482 552 529 ὅ
582 480 734 528 τούτου
762 477 931 531 πάππος
960 475 1345 537 πολυχρονιώτερος
1376 476 1510 521 αὖτοῦ
1548 471 1679 532 ζήσας

168 559 241 618 ἴτη
279 555 497 604 ἐννακόσια
526 552 725 611 ἑξήκοντα
757 548 847 595 δύο.
898 547 1232 607 ὁμολογούμενον
1265 548 1315 592 δέ
1336 549 1423 592 ἐστι
1450 550 1579 591 πᾶσιν
1611 543 1708 589 ὅτιὸ

122 668 132 675 .
170 620 340 675 πάντων
371 623 612 686 ἀνθρώπων
632 618 980 682 μακροβιώτατος
1002 618 1061 664 ὢν
1087 617 1415 664 ὅΜαθουσάλα
1443 619 1514 662 καὶ
1541 614 1605 661 ὅτι
1635 616 1680 660 ἔν

133 705 235 762 Βτῷ
263 700 541 757 κατακλυσμῷ
565 695 754 751 τέθνηκε.
803 691 868 736 διὸ
890 694 1055 748 μᾶλλον
1079 689 1132 734 ἄν
1154 708 1220 742 τις
1246 694 1308 751 τῷ
1331 688 1546 750 ἑκατοστῷ
1577 705 1679 732 πεν-

168 773 357 831 τηκοστῷ
387 769 515 827 τρίτῳ
547 765 625 810 ἔτει
653 768 731 809 τοῦ
751 762 884 819 Ἑνώχ
899 759 1109 819 ὑπολάβοι
1130 760 1204 805 τὸν
1227 758 1514 806 Μαθουσάλα
1532 776 1680 818 γεννη-

170 845 328 899 θῆναι,
365 837 489 884 τοῦτ’
512 836 598 881 ἔστι
617 841 678 896 τῷ
693 838 893 894 χιλιοστῷ
915 835 1194 893 διακοσιοστῷ
1215 830 1518 892 ἑβδομηκοστῷ
1548 831 1678 890 τρίτῳ

170 911 249 956 ἴτει
274 914 349 955 τοῦ
382 908 556 965 κόσμου.
601 904 769 957 τούτοις
797 904 877 963 γὰρ
907 904 1220 963 προστιθέμενα
1252 903 1307 947 τὰ
1337 900 1558 947 ἐννακόσια
1582 898 1679 958 ἒξή-
1691 913 1738 949 10

171 1000 298 1027 κοντα
318 980 431 1026 ἐννέα
452 979 522 1036 ἔτη
545 981 621 1034 τῆς
642 981 719 1021 τοῦ
739 973 1025 1021 Μαθουσάλα
1049 976 1157 1032 ζωῆς
1185 981 1300 1019 ποιεΐ
1313 971 1460 1035 Ιβσμβ’
1470 1006 1485 1028 ,
1527 969 1590 1025 οἷς
1610 973 1682 1016 καὶ

171 1051 194 1097 ὃ
217 1037 508 1107 κατακλυσμὸς
530 1048 763 1107 συντρέχει,
800 1046 908 1091 καθ’
934 1044 981 1090 ὃν
999 1045 1201 1103 τέθνηκεν
1226 1043 1247 1089 ὃ
1270 1042 1572 1090 Μαθουσάλα.

277 1124 563 1183 Τῷ-χιλιοστῷ
585 1122 819 1179 τριακοστῷ
851 1121 1178 1177 τεσσαρακοστῷ
1200 1115 1279 1161 ἔτει
1295 1115 1425 1168 Ἐνώς
1450 1115 1677 1159 ἀπέθανεν.

277 1197 352 1253 Τῷ
384 1188 513 1256 ‘avuy'
543 1189 623 1235 ἔτει
655 1185 938 1248 ἀπεκαλύφθη
967 1192 1028 1251 τῷ
1051 1187 1184 1246 Ἑνὼχ
1215 1187 1270 1251 τὰ
1307 1188 1401 1248 περὶ
1438 1190 1517 1232 τοῦ
1546 1203 1681 1246 κατα-

172 1267 374 1322 κλυσμοῦ.
1452 1294 1454 1296 ψ
1691 1267 1738 1305 15

43 1340 87 1379 P.
106 1340 153 1378 21
283 1338 359 1395 Τῷ
382 1330 516 1396 ἀυλη’
540 1330 618 1377 ξ’τει
635 1330 757 1389 ἔλαβε
777 1327 1066 1376 Μαθουσάλα
1097 1337 1287 1389 γυναῖκα.

279 1409 354 1465 Τῷ
382 1401 512 1467 Ιαυνιγ
535 1401 695 1460 Λάμεχ
719 1401 922 1461 ἐγεννήθη
946 1406 1006 1464 τῷ
1028 1399 1329 1447 Μαθουσάλα.

276 1473 436 1533 Λάμεχ
469 1472 687 1533 γενόμενος
727 1475 834 1519 ἐτῶν
874 1471 970 1533 ρπη’
1013 1478 1138 1536 γεννᾷ
1169 1473 1244 1518 τὸν
1270 1475 1393 1527 Νῶε,
1439 1473 1500 1531 τῷ
1537 1465 1682 1532 ,αχμβ’

173 1544 253 1592 ἴτει
275 1551 352 1591 τοῦ
380 1544 555 1603 κόσμου.
604 1543 720 1603 ἔζησε
746 1545 792 1589 δὲ
819 1542 980 1602 Λάμεχ
1003 1544 1111 1601 μετὰ
1139 1544 1188 1588 τὸ
1218 1548 1413 1602 γεννῆσαι
1446 1542 1579 1588 αὐτὸν
1605 1541 1682 1586 τὸν
1735 1551 1738 1553 “

171 1620 273 1663 Νῶε
297 1616 367 1675 ἴτη
400 1614 488 1676 (ρξε’
517 1617 586 1660 καὶ
607 1615 789 1674 ἐγένοντο
809 1620 943 1660 πᾶσαι
964 1615 1008 1660 αἱ
1035 1613 1188 1674 ἡμέραι
1209 1615 1342 1660 αὐτοῦ
1368 1614 1440 1672 ἔτη
1462 1611 1577 1673 ψνγ’;
1611 1613 1740 1660 namo

173 1687 359 1733 ἀπέθανε
378 1691 438 1748 τῷ
457 1685 562 1749 ,βσζ
582 1685 661 1731 ἔτει
678 1691 755 1731 τοῦ
777 1684 938 1744 κόσμου
959 1686 1042 1744 πρὸ
1062 1684 1119 1731 λε’
1145 1687 1250 1731 ἐτῶν
1267 1690 1344 1731 τοῦ
1364 1687 1681 1741 κατακλυσμοῦ.

175 1752 301 1810 οὗτος
331 1755 724 1816 ὄλιγοχρονιιότατος
748 1755 918 1803 πάντων
946 1762 1033 1803 τῶν
1065 1756 1147 1817 πρὸ
1177 1762 1255 1802 τοῦ
1284 1760 1584 1814 κατακλυσμοῦ
1612 1754 1683 1813 γε’-

175 1846 293 1887 γονε,
343 1828 451 1886 πλὴν
473 1827 599 1886 Ἄβελ
635 1832 712 1872 τοῦ
746 1830 922 1874 δικαίου.
980 1830 1051 1874 καὶ
1080 1832 1250 1888 πρῶτος
1281 1831 1455 1891 τελευτᾷ
1486 1827 1570 1888 πρὸ
1603 1829 1682 1871 τοῦ

272 1928 332 1966 13.
365 1926 459 1972 §vocis
480 1927 524 1964 A.
626 1929 683 1966 19.
708 1925 782 1966 ἔτει
797 1928 880 1965 add.
903 1929 949 1966 A.
977 1923 989 1929 ⁶
1044 1931 1162 1977 λαμεχ
1180 1928 1223 1965 Α.
1247 1925 1269 1966 ὁ
1289 1925 1420 1976 Λάμεχ
1436 1928 1485 1964 G.

176 2010 266 2047 haec
283 2009 420 2057 quidem
436 2009 633 2047 Eusebius:
656 2022 746 2057 quae
765 2009 796 2046 si
821 2010 899 2058 quis
926 2023 1014 2048 vera
1042 2010 1276 2054 concesserit,
1309 2013 1563 2058 nongentorum
1595 2020 1684 2057 qua-

177 2057 345 2103 draginta
363 2070 486 2094 novem
498 2070 664 2094 annorum
682 2059 758 2094 vita
772 2059 916 2095 functus
934 2059 1171 2106 comperietur
1190 2059 1406 2107 Mathusala‚
1431 2058 1576 2105 eiusque
1595 2070 1684 2094 avus

175 2104 303 2150 Iared,
328 2105 425 2140 cuius
447 2110 543 2142 aetas
570 2110 763 2152 nongentos
782 2107 968 2152 sexaginta
995 2108 1084 2142 duos
1110 2118 1218 2143 annos
1242 2107 1383 2152 attigit,
1418 2106 1609 2151 longiorem
1639 2117 1683 2141 eo

177 2152 288 2187 vitam
312 2152 456 2188 duxisse
485 2158 670 2200 arguetur:
704 2165 782 2189 cum
806 2159 924 2189 tamen
948 2154 1179 2189 diutissimam
1210 2166 1297 2201 prae
1316 2154 1461 2200 reliquis
1486 2153 1684 2188 hominibus

177 2198 381 2235 Mathusala
397 2201 578 2247 peregisse
595 2205 631 2235 et
645 2200 777 2237 diluvio
796 2202 959 2248 periisse,
982 2201 1077 2248 apud
1094 2213 1211 2237 omnes
1230 2214 1294 2249 pro
1315 2203 1476 2237 confesso
1493 2201 1682 2237 habeatur.

177 2246 326 2282 Rectius
349 2246 471 2295 itaque
490 2248 673 2284 centesimo
691 2249 978 2295 quinquagesimo
1003 2249 1110 2285 tertio
1133 2250 1259 2284 Enoch
1279 2261 1389 2294 anno,
1418 2249 1485 2284 hoc
1509 2253 1565 2285 est
1582 2259 1683 2283 mun-

179 2293 217 2329 di
245 2293 422 2329 millesimo
458 2295 691 2331 ducentesimo
725 2296 979 2342 septuagesimo
1023 2296 1131 2332 tertio
1158 2297 1362 2332 Mathusala
1387 2297 1501 2331 lucem
1532 2296 1683 2343 primum

179 2340 387 2387 adspexisse
405 2342 493 2377 alius
514 2342 768 2388 suspicabitur:
792 2343 847 2378 his
866 2356 1014 2391 namque
1031 2344 1198 2390 nongenti
1223 2345 1411 2391 sexaginta
1432 2355 1557 2380 novem
1585 2343 1683 2379 vitae

178 2386 381 2423 Mathusala
398 2389 594 2431 coniuncti,
617 2390 670 2424 bis
691 2391 783 2426 mille
799 2391 966 2427 ducentos
986 2392 1224 2439 quadraginta
1243 2392 1330 2427 duos
1350 2390 1516 2435 reddunt,
1540 2391 1578 2426 in
1594 2402 1684 2438 quos

179 2433 369 2478 diluvium,
393 2447 459 2481 quo
476 2436 676 2472 Mathusala
695 2438 850 2474 sublatus
868 2445 943 2482 est,
967 2439 1129 2476 incurrit.

274 2484 375 2518 Anno
393 2483 570 2518 millesimo
589 2486 832 2521 trecentesimo
848 2487 1114 2532 quadragesimo
1133 2487 1230 2523 Enos
1248 2489 1406 2522 mortuus
1425 2488 1492 2522 est.

179 2575 193 2612 l
241 2574 251 2584 ⁶
272 2530 372 2565 Anno
380 2530 566 2611 lmillesimo
587 2532 929 2579 quadringentesimo
951 2533 1114 2570 vicesimo
1136 2535 1243 2571 tertio
1260 2534 1399 2581 accepit
1415 2532 1546 2569 Enoch'
1564 2531 1611 2567 de
1625 2530 1683 2567 di-

194 2587 276 2611 ιινιο
295 2588 380 2611 reve
395 2583 556 2613 ationem.

180 2669 205 2706 d
253 2624 372 2707 ‘thimo
403 2624 579 2660 millesimo
596 2625 939 2676 quadringentesimo
966 2627 1144 2665 tricesimo
1165 2633 1292 2666 octavo
1309 2627 1512 2665 Mathusala
1540 2637 1683 2663 uxorem

206 2682 264 2706 uxi

275 2721 375 2754 Anno
399 2715 491 2754 1454
508 2718 659 2753 Lamech
680 2719 821 2765 genitus
839 2723 894 2756 est
910 2721 1145 2758 Mathusalae.

271 2765 426 2801 Lamech
444 2777 610 2800 annorum
629 2767 707 2802 188.
727 2768 846 2802 mundi
868 2767 970 2806 1642.
989 2773 1136 2815 generat
1149 2771 1241 2807 Noe.
1288 2768 1390 2805 Vixit
1405 2767 1556 2804 Lamech
1569 2767 1685 2805 aNoe

178 2816 260 2848 nato
279 2813 378 2848 annis
395 2813 477 2850 565.
496 2813 705 2859 fueruntque
721 2813 796 2848 dies
815 2815 891 2850 eius
910 2816 1026 2852 cuncti
1036 2819 1117 2855 753.
1138 2829 1322 2858 annorum:
1343 2816 1463 2852 mundi
1479 2817 1584 2853 2207.
1601 2820 1685 2852 ante

182 2861 350 2895 diluvium
366 2861 423 2897 35.
442 2859 542 2895 annis
559 2864 705 2895 mortem
724 2862 883 2907 oppetiit.
931 2863 1020 2906 Hic,
1057 2864 1088 2899 si
1115 2865 1248 2900 iustum
1266 2864 1355 2900 Abel
1372 2863 1578 2910 exceperis,
1602 2864 1687 2899 bre-

179 2907 343 2959 vissimae
370 2907 519 2943 omnium
537 2911 619 2943 ante
649 2907 815 2944 diluvium
842 2910 938 2946 vitae
964 2911 1104 2947 extitit:
1126 2917 1164 2948 et
1188 2912 1331 2960 proprio
1357 2914 1467 2960 patre
1484 2910 1689 2958 Mathusala
