1754 3236
165 191 233 238 80
639 193 886 242 GEORGII
916 192 1204 241 SYNCELLI

167 304 426 367 ἀνθρώπους
453 312 528 352 τοῦ
560 305 699 367 φόβου
741 310 818 350 τοῦ
846 310 976 361 θεοῦ,
1016 307 1051 349 εἰ
1067 303 1277 364 χρώμενοι
1296 307 1350 363 τῇ
1371 302 1480 364 αὗτῇ
1501 301 1674 361 δυνάμει

166 382 405 434 διατελοῖεν,
429 377 672 435 ἀμύνεσθαί
687 395 731 421 τε
751 377 824 421 τὸν
836 374 1076 420 θεόνπάλιν
1098 377 1251 433 ἠπείλει
1264 375 1340 431 τὴν
1360 379 1438 433 γῆν
1458 374 1676 419 ἐπικλύσαι

165 447 423 507 θελήσαντα.
463 447 621 507 πύργον
648 447 728 507 γὰρ
762 445 1050 503 οἶκοδομήσειν
1072 444 1338 503 ὑψηλότερον
1358 445 1385 502 ἢ
1410 445 1457 489 τὸ
1473 442 1594 504 ’ὕδωρ
1613 445 1674 502 μὴ

36 522 81 559 P·
100 519 148 558 44
173 521 380 576 ἀναβῆναι
420 521 648 576 δυνηθείη·
693 515 1017 574 μετελεύσεσθαι
1059 518 1104 560 δὲ
1135 518 1202 560 καὶ
1230 521 1308 573 τῆς
1339 515 1675 574 τῶν-προγόνων

169 591 388 641 ἀπωλείας.
424 590 472 633 τὸ
505 590 550 633 δὲ
580 593 748 646 πλῆθος
779 586 1007 646 πρόθυμον
1030 583 1082 644 ἦν
1102 595 1191 638 τοῖς
1209 585 1445 646 Νεβρώδου
1473 585 1706 644 δόγμασιν5

171 663 348 706 ἕπεσθαι
369 662 560 703 δουλείαν
576 658 806 717 ἡγούμενον
830 659 949 702 εἴκειν
973 663 1032 718 τῷ
1056 663 1160 718 θεῷ,
1200 660 1281 701 κατ
1292 657 1366 701 τὸν
1385 655 1542 716 πύργον
1566 657 1676 717 ᾠκο-

169 730 341 788 δόμουν.
380 729 586 786 ἐλάμβανε
617 731 662 774 δὲ
690 734 854 774 θᾶττον
886 729 1000 786 ὕψος
1029 728 1055 786 ἢ
1091 727 1397 786 προσεδόκησεν
1415 727 1463 772 ἅν
1494 746 1557 780 τις
1591 726 1676 772 ὑπὸ

169 802 461 861 πολυχρονιάς.
482 801 530 845 τὸ
549 801 691 857 μέντοι
705 799 836 857 πάχος
850 795 900 857 ἦν
915 805 1118 844 τοσοῦτον
1134 798 1252 843 ὥσθ’
1274 797 1355 842 ὑπ’
1383 799 1514 842 αὐτοῦ
1531 803 1677 855 μειοῦ-

170 877 279 917 σθαι
323 879 412 923 τοῖς
455 869 583 930 ὁρῶσι
610 872 658 915 τὸ
693 875 840 928 μῆκος.
890 869 1135 931 ᾠκοδόμητο
1170 870 1216 913 δ’
1253 871 1297 914 ἐκ
1329 871 1513 913 πλίνθου
1544 870 1678 926 ὖπτῆς

33 950 78 987 V.
102 950 150 988 35
174 940 377 1002 ἀσφάλτῳ
407 942 727 999 συνδεδεμένης,
768 939 824 993 ὥς
850 940 902 986 ἂν
931 942 990 998 μὴ
1010 941 1228 999 περιρρέοι.
1278 938 1390 985 οὕτω
1412 941 1458 984 δὲ
1491 939 1677 997 μεμηνό-
1691 952 1734 986 10

170 1032 248 1065 τας
270 1012 380 1072 δρῶν
404 1013 606 1072 ἀφανίσαι
634 1013 710 1069 μὲν
733 1013 777 1056 ἐκ
797 1013 954 1063 παντὸς
975 1012 1051 1056 οὐκ
1071 1012 1238 1070 ἔκρινεν,
1280 1010 1342 1055 ὅτι
1359 1011 1465 1068 μηδ’
1489 1009 1572 1055 ὑπὸ
1594 1015 1680 1055 τῶν

172 1082 351 1143 πρώτων
386 1082 668 1127 ἀπολωλότων
701 1088 1055 1141 σωφρονισθεῖεν,
1094 1085 1151 1134 εἷς
1176 1080 1323 1126 στάσιν
1348 1083 1392 1125 δὲ
1417 1082 1572 1133 αὐτοὺς
1591 1082 1679 1126 ἕνέ-

136 1159 168 1195 Β
177 1158 330 1210 βαλλεν
360 1152 680 1211 ἀλλογλώσσους
699 1153 1041 1212 ἀπεργασάμενος
1073 1155 1140 1197 καὶ
1163 1151 1243 1197 ὑπὸ
1269 1154 1539 1211 πολυφωνίας
1558 1150 1680 1209 ποιή-

173 1242 253 1276 σας
281 1222 418 1284 ἕαυτῷ
452 1225 678 1276 ἀσυνέτους
710 1223 824 1269 εἶναι.
866 1223 887 1269 ὃ
922 1226 967 1268 δὲ
997 1223 1125 1275 τόπος
1155 1225 1197 1267 ἒν
1223 1216 1257 1284 ᾧ
1291 1223 1365 1267 τὸν
1392 1221 1550 1280 πύργον
1570 1223 1680 1283 ᾠκο-

172 1293 366 1352 δόμησαν
394 1299 469 1339 νῦν
492 1295 703 1351 Βαβυλών
736 1299 918 1339 καλεῖται
950 1295 1020 1338 διὰ
1052 1295 1127 1352 τὴν
1159 1293 1357 1352 σύγχυσιν
1390 1298 1465 1337 τοῦ
1489 1296 1582 1352 περὶ
1600 1294 1678 1350 τὴν
1692 1296 1738 1333 15

173 1365 390 1410 διάλεκτον
419 1371 589 1424 πρῶτον
619 1367 833 1424 ἐναργοῦς.
880 1365 1069 1425 Ἑβραῖοι
1097 1366 1177 1424 γὰρ
1213 1365 1289 1422 τὴν
1317 1363 1513 1422 σύγχυσιν
1543 1365 1681 1421 βαβὲλ,

175 1440 362 1481 καλοῦσι.
401 1437 470 1479 καὶ
499 1441 635 1479 ταῦτα
669 1437 747 1491 μὲν
777 1435 798 1480 ὃ
826 1436 1061 1494 Ἰώσηππος
1093 1438 1186 1490 περὶ
1206 1440 1289 1480 τῶν
1318 1435 1425 1491 μετὰ
1451 1435 1524 1479 τὸν
1547 1453 1681 1478 κατα-

175 1506 363 1562 κλυσμόν
392 1508 461 1549 καὶ
491 1506 564 1550 τὸν
581 1506 765 1564 Νεβρώδ
794 1510 863 1551 καὶ
886 1513 962 1565 τῆς
994 1508 1265 1565 πυργοποιίας
1285 1508 1354 1549 καὶ
1376 1506 1509 1562 αὐτῆς
1530 1509 1682 1562 Βαβυ-

172 1581 319 1627 λῶνος.
359 1576 467 1619 ἀλλὰ
495 1578 564 1619 καὶ
590 1576 863 1638 Ἀλέξανδρος
894 1577 915 1623 ὃ
936 1581 1194 1638 Πολυΐστωρ
1217 1574 1274 1629 ὥς
1294 1578 1339 1621 ἔκ
1356 1575 1557 1634 σιβίλλης
1578 1574 1680 1620 τάδε

173 1649 279 1706 φησὶ
297 1648 366 1691 καὶ
379 1645 621 1704 Ἀβυδηνός.
1690 1640 1739 1675 2⁰

267 1759 304 1796 3.
330 1757 382 1805 μὴ
402 1757 591 1808 ἀναβῆναι
613 1759 654 1795 A.
682 1758 872 1810 ἀναβῆναι
896 1759 948 1807 μὴ
974 1761 1023 1796 G.
1127 1762 1163 1799 5.
1196 1759 1391 1811 νεβρώδου
1419 1759 1462 1795 A.
1496 1756 1683 1807 Νεμβροᾶ-

269 1807 351 1844 δῦν’
368 1807 414 1841 G.
494 1810 530 1844 6.
548 1805 761 1855 ἡγούμενον
785 1812 827 1844 Α.
854 1805 1058 1855 ἡγούμενοι
1069 1809 1117 1843 G.
1197 1811 1231 1846 7.
1257 1807 1281 1856 ἢ
1300 1821 1344 1844 m.
1368 1802 1415 1855 ἦν
1427 1809 1474 1845 G.
1555 1809 1589 1844 8.
1613 1820 1684 1844 πο-

268 1855 457 1900 λυχειρίας
477 1867 521 1890 m.
628 1856 727 1893 ὥσθ’
753 1859 795 1892 Α.
828 1854 879 1898 ὡς
904 1858 952 1893 G.
1059 1860 1116 1893 10.
1141 1857 1255 1902 Vulgo
1285 1854 1464 1903 περιρέοι.
1561 1852 1603 1891 δὲ
1639 1857 1682 1891 Α.

268 1900 339 1948 μὲν
364 1902 412 1936 G.
508 1905 565 1939 12.
592 1901 783 1954 ἐνέβαλλεν
806 1906 848 1939 A.
874 1903 1046 1953 ἐνέβαλεν
1070 1905 1118 1939 G.
1216 1906 1277 1941 13.
1299 1901 1377 1940 ’ὑπὸ
1407 1905 1446 1939 A.
1473 1899 1549 1938 ἀπὸ
1570 1902 1618 1937 G.

274 1948 331 2002 {4-
357 1948 502 1986 ἑαυτῶν
527 1963 572 1986 m.
676 1953 733 1990 18.
766 1951 911 2000 νεβρώδ
936 1954 978 1990 Α.
1002 1950 1192 2000 Νεμβρώδ
1216 1953 1263 1987 G.
1366 1952 1426 1988 20.
1456 1946 1681 1998 Ἀβυδηνὸς]

270 1996 385 2042 xulgo
408 1994 608 2045 Ἄβυδινός.

179 2089 375 2137 oblatisque
399 2090 524 2126 virium
552 2103 691 2128 suarum
718 2096 754 2128 et
777 2092 972 2129 industriae
999 2094 1160 2137 auxiliis,
1193 2093 1223 2128 si
1249 2103 1491 2140 nonnunquam
1514 2090 1684 2137 diluvium

179 2137 275 2172 aliud
298 2138 509 2181 intentaret,
534 2139 608 2174 eius
624 2140 785 2176 iniuriam
804 2146 926 2188 aperto
949 2142 1066 2177 Marte
1085 2141 1364 2189 propulsaturum
1382 2152 1421 2175 se
1439 2139 1683 2186 pollicebatur.

180 2184 326 2239 Turrim
345 2185 434 2219 enim
450 2198 489 2220 se
502 2187 807 2224 exaedificaturum
831 2189 1051 2225 excelsiorem
1070 2201 1173 2236 quam
1192 2201 1259 2235 quo
1291 2200 1382 2234 aqua
1414 2192 1534 2234 posset
1550 2186 1683 2228 extolli,

179 2234 218 2265 et
232 2243 377 2286 insuper
394 2233 560 2268 maiorum
578 2246 714 2270 suorum
728 2236 906 2272 interitum
923 2236 1083 2271 ulturum.
1123 2237 1306 2271 Hominum
1326 2234 1450 2281 vulgus
1470 2234 1684 2269 Nembrodis

178 2278 319 2333 placitis
337 2279 441 2314 facile
469 2281 595 2316 cedens
608 2308 619 2325 ,
645 2282 701 2317 dei
722 2284 851 2318 cultum
868 2289 903 2319 et
919 2284 1166 2319 subiectionem
1189 2282 1363 2318 libertatis
1379 2282 1548 2317 iacturam
1568 2280 1683 2316 credi-

180 2326 257 2359 dit:
282 2329 387 2371 atque
407 2326 459 2362 ita
477 2332 684 2364 structuram
702 2331 810 2365 turris
829 2337 1073 2377 occoeperunt.
1123 2331 1279 2377 Cumque
1301 2331 1426 2375 ingens
1449 2334 1544 2364 esset
1558 2341 1685 2375 opera-

178 2382 254 2406 rum
271 2384 451 2427 numam,
476 2381 617 2420 praeter
633 2389 728 2423 spem
749 2390 880 2413 omnem
899 2391 986 2424 opus
1006 2379 1042 2417 in
1074 2379 1272 2414 immensum
1298 2377 1538 2413 attollebatur.
1585 2377 1686 2411 Tan-

181 2422 223 2453 ta
242 2431 375 2466 qulppe
399 2421 504 2456 moles
523 2423 599 2457 eius
617 2430 716 2467 erat,
741 2430 780 2459 ut
800 2426 1008 2461 intuentium
1025 2426 1143 2461 oculos
1170 2426 1308 2461 omnino
1328 2424 1510 2470 effugeret.
1557 2422 1687 2458 Strue-

179 2465 265 2500 bant
276 2472 390 2501 autem
406 2468 573 2504 lateribus
593 2471 723 2514 coctis,
748 2473 792 2507 ad
808 2473 1004 2509 firmitatem
1021 2473 1190 2508 bitumine
1206 2471 1457 2508 ferruminatis.
1504 2469 1606 2506 Hanc
1624 2482 1685 2504 eo-

182 2524 260 2568 rum
280 2515 458 2549 vesaniam
479 2516 602 2552 videns
624 2518 730 2558 deus,
764 2520 881 2556 delere
910 2521 1048 2568 quidem
1073 2533 1190 2556 omnes
1218 2521 1350 2562 noluit,
1373 2517 1435 2564 qui
1464 2529 1531 2552 nec
1565 2517 1685 2564 priore

181 2560 323 2616 quidem
340 2562 439 2597 clade
462 2563 506 2597 ad
523 2564 695 2600 meliorem
710 2572 858 2602 mentem
874 2568 1007 2603 reversi
1025 2574 1127 2613 sunt,
1155 2569 1219 2603 sed
1235 2567 1416 2602 dissidium
1436 2564 1473 2600 in
1493 2577 1554 2600 eos
1574 2564 1688 2599 immi-

182 2610 251 2650 sit,
274 2606 405 2654 linguis
424 2621 540 2645 eorum
562 2613 729 2656 variam,
754 2614 805 2649 ita
826 2620 866 2649 ut
892 2616 935 2650 ob
953 2616 1194 2651 diversitatem
1218 2613 1385 2650 sermonis
1419 2612 1510 2647 alter
1541 2611 1686 2646 alterius

180 2658 329 2690 mentem
360 2667 430 2690 non
465 2658 675 2704 perciperet.
726 2662 853 2697 Turris
878 2662 954 2698 loco
974 2663 1166 2708 Babylonis
1185 2673 1309 2697 nomen
1333 2659 1496 2705 deinceps
1525 2658 1686 2701 inditum,

179 2706 336 2783 Eiropoer‘
348 2703 525 2739 confusam
551 2705 702 2753 linguam
715 2734 725 2750 ‚
751 2721 841 2755 quae
860 2709 957 2754 prius
980 2710 1137 2745 omnibus
1163 2721 1206 2744 ex
1227 2721 1339 2755 aequo
1361 2718 1431 2741 una
1446 2707 1584 2748 fuerat3
1608 2717 1687 2741 nam

206 2749 339 2804 ’ebrael
358 2750 591 2788 confusionem
612 2755 786 2790 nominant
800 2756 921 2792 Babel.
955 2757 1006 2792 Et
1025 2757 1112 2792 haec
1128 2757 1266 2804 quidem
1278 2755 1446 2802 Iosephus
1466 2754 1511 2788 de
1531 2753 1577 2787 iis
1597 2764 1688 2799 quae

180 2794 347 2831 diluvmm
373 2806 588 2844 exceperunt
612 2806 648 2836 et
676 2802 720 2836 de
751 2803 931 2838 Nembrod
956 2808 993 2839 et
1018 2804 1126 2839 turris
1156 2804 1297 2850 opificio
1323 2807 1360 2837 et
1383 2800 1462 2847 ipsa
1487 2800 1691 2846 Babylone:

181 2842 246 2925 {gd
253 2843 518 2928 legeaeglgttander
534 2848 736 2895 Polyhistor
755 2849 842 2897 ipsis
858 2862 971 2897 paene
987 2851 1143 2897 Sibyllae
1159 2851 1297 2896 verbis,
1321 2853 1360 2886 et
1379 2847 1569 2895 Abydenus
1590 2847 1689 2896 pari·
1742 2875 1745 2879 -
