1800 3236
224 199 326 247 186
688 204 939 250 GEORGII
968 203 1252 251 SYNCELLI

186 319 218 355 c
295 332 297 335 v
435 309 437 311 ’
647 306 927 369 Ἀφρικανοῦ
955 310 1058 369 περὶ
1083 309 1292 370 Ἀβραάμ.

314 397 470 442 ’Ἐνθεν
506 395 677 455 ἄρχεται
705 401 791 441 τῶν
820 395 1027 456 Ἑβραίων
1059 396 1086 455 ἡ
1118 399 1402 456 προσωνυμία.
1436 397 1622 458 Ἑβραῖοι
1640 400 1719 460 γὰρ

222 469 262 514 οἳ
300 466 491 527 Περάται
523 465 817 527 ἕρμηνεύονται
827 501 841 521 ,
881 466 1212 525 διαπεράσαντος
1255 467 1486 529 Εὐφράτην
1505 470 1714 527 Ἀβραὰμ,

220 541 290 584 καὶ
313 539 389 595 οὐχ
400 573 414 593 ,
455 537 512 588 ὥς
534 539 695 583 οἴονταί
708 554 841 591 τινες,
881 538 962 582 ἀπὸ
984 537 1107 597 Ἔβερ
1140 543 1217 582 τοῦ
1239 541 1551 598 προειρημένου.
1589 539 1720 585 συνά-

217 627 332 669 γεται
354 610 494 653 τοίνυν
514 611 571 660 εἷς
587 608 663 665 τὴν
684 608 874 661 ἐπίβασιν
892 613 968 665 τῆς
987 609 1316 666 κατηγγελμένης
1331 615 1407 668 γῆς
1421 610 1616 669 Ἀβραὰμ
1635 597 1750 655 ἇπὸὅ

216 681 295 738 μὲν
314 685 388 724 τοῦ
411 682 708 734 κατακλυσμοῦ
729 679 796 721 καὶ
807 679 906 723 Νῶε
924 683 1072 737 γενεῶν
1093 680 1192 723 δέκα
1211 679 1280 737 ἴτη
1294 679 1398 743 tates,
1423 681 1504 725 ἀπὸ
1526 682 1572 725 δε)
1585 681 1720 738 Ἀδὰμ.

215 755 361 809 γενεῶν
384 749 534 794 εἴκοσιν
555 749 624 806 ἴτη
648 746 760 810 ιγσζ.

321 806 661 878 Λείπεταιλπρὸς
691 819 768 875 τὴν
795 817 1065 877 προκειμένην
1093 817 1247 878 ἀκριβῆ
1265 820 1540 878 χρονολογίαν
1559 818 1586 877 ἦ
1605 819 1720 878 παρὰ

216 895 277 951 τῷ
294 890 529 950 Ἀφρικανῷ
564 889 734 949 χρόνοις
757 886 808 948 ρι’
829 890 873 932 ἐκ
893 894 978 933 τῶν
1005 887 1067 947 ρλ’
1099 890 1203 933 ἐτῶν
1225 895 1301 933 τοῦ
1323 890 1517 949 δευτέρου
1538 893 1718 935 Καϊνᾶν.

180 962 273 1006 Dr&
294 961 372 1019 γὰρ
394 960 501 1004 ἄλλα
521 961 671 1004 εἴκοσιν
693 961 737 1003 ἔκ
756 964 841 1004 τῶν
861 959 999 1003 αὐτῶν
1025 956 1087 1018 ρλ’
1106 957 1134 1016 ἡ
1158 959 1241 1003 ἀπὸ
1256 960 1392 1016 Ἀδὰμ
1414 962 1477 1004 ἐπὶ
1498 961 1572 1006 τὸν
1591 979 1723 1005 κατα-
1735 971 1780 1006 10

218 1031 403 1088 κλυσμὸν
436 1035 520 1075 τῶν
553 1028 688 1092 ’βσξβ’
723 1032 826 1074 ἐτῶν
846 1028 1109 1088 παραύξησις
1130 1022 1439 1090 προαφήρπασε
1465 1032 1723 1091 προστεθέν-

218 1120 303 1147 των
325 1102 462 1145 αὗτῶν
484 1108 572 1152 τοῖς
590 1105 664 1144 τοῦ
689 1099 974 1145 Μαθουσάλα
989 1098 1169 1158 χρόνοις.

323 1172 527 1226 Εὐσέβιος
555 1171 610 1215 τὰ
634 1169 699 1214 υλ’
733 1170 802 1228 ἴτη
834 1171 916 1215 ἀπὸ
939 1175 1015 1215 τοῦ
1039 1168 1068 1214 ε’
1089 1173 1157 1214 καὶ
1180 1168 1214 1214 0'
1235 1169 1354 1222 ἔτους
1370 1170 1565 1229 Ἀβραὰμ
1576 1204 1591 1225 ,
1630 1170 1724 1228 ἤτοι

221 1242 302 1287 ἀπὸ
324 1247 400 1286 τοῦ
420 1240 590 1300 πρώτου
610 1241 727 1292 ἔτους
747 1246 824 1298 τῆς
844 1243 1066 1300 παροικίας
1085 1242 1216 1284 αὐτοῦ
1238 1243 1295 1292 εἷς
1314 1245 1391 1298 γῆν
1411 1242 1606 1296 Χαναὰν,
1647 1243 1725 1293 ἕως

219 1317 296 1357 τοῦ
315 1310 388 1358 πα’
410 1311 527 1364 ἔτους
546 1312 771 1362 Μωῢσέως
790 1314 859 1356 καὶ
886 1312 964 1356 ἀπ’
993 1309 1216 1370 Αἰγύπτου
1237 1313 1407 1370 πορείας
1435 1317 1511 1356 τοῦ
1532 1312 1718 1371 Ἰσραὴλ,
1735 1322 1780 1358 15

221 1383 468 1441 ἀπαριθμεῖ.

59 1459 104 1496 P.
129 1459 198 1495 100
321 1451 380 1496 ‘H
396 1453 442 1496 δὲ
458 1453 607 1509 βίβλος
626 1456 702 1509 τῆς
711 1455 754 1495 Γ
750 1451 915 1502 ενέσεως
924 1450 1000 1509 τὴν
1013 1452 1136 1496 θείαν
1148 1449 1362 1511 ἀπόφασιν
1376 1453 1467 1511 περὶ
1481 1449 1633 1496 τούτου
1647 1468 1722 1507 με-

218 1523 275 1568 τὰ
295 1523 372 1580 τὴν
387 1525 429 1574 ἒξ
450 1521 670 1580 Αἰγύπτου
693 1521 895 1566 ἐπάνοδον
914 1524 982 1565 καὶ
1003 1523 1077 1566 τὸν
1098 1522 1204 1582 πρὸς
1222 1523 1322 1574 τοὺς
1342 1527 1529 1579 βασιλεῖς
1545 1521 1726 1578 πόλεμον

220 1596 290 1638 καὶ
317 1593 395 1644 τὰς
416 1593 602 1651 εὐλογίας
627 1597 704 1652 τοῦ
736 1591 1251 1652 Μελχισεδὲκ-ὗπογράφει
1264 1627 1277 1647 ,
1317 1594 1465 1644 καθώς
1489 1592 1619 1645 ἔξεστι
1636 1611 1722 1648 μα-

82 1676 127 1714 V,
150 1677 197 1713 80
220 1669 314 1708 θεῖν
337 1664 521 1722 ἀκριβῶς
544 1661 831 1721 ἐντυγχάνοντι
852 1667 912 1722 τῷ
932 1664 1190 1723 βουλομένῳ.
1221 1664 1416 1723 Ἀβραὰμ
1440 1659 1492 1720 ἦν
1512 1665 1615 1708 ἐτῶν
1637 1661 1719 1717 πς’,
1733 1670 1780 1705 20

215 1733 336 1793 ἡνίκα
365 1734 497 1778 ἔτεκεν
523 1733 652 1793 ’Άγαρ
678 1733 751 1778 τὸν
778 1734 954 1790 Ἰσμαὴλ
990 1739 1050 1795 τῷ
1084 1735 1279 1792 Ἀβραὰμ
1289 1768 1303 1789 ,
1344 1733 1401 1785 ὡς
1426 1735 1653 1793 γέγραπται
1681 1736 1725 1778 ἓν

310 1822 346 1859 7.
372 1819 479 1869 ,γσοζ
502 1833 548 1857 m.
653 1824 688 1860 9.
721 1822 798 1858 τῶν
819 1819 871 1866 οἵ
895 1823 970 1858 Bm.
997 1824 1073 1859 τῶν
1094 1821 1164 1868 ρλε’
1191 1824 1238 1858 G.
1350 1823 1403 1860 11.
1448 1820 1556 1871 βσμβ’
1579 1823 1616 1857 G

311 1868 404 1906 ἐτῶν
428 1881 492 1904 om.
518 1870 566 1905 G.
670 1868 907 1918 παραύξησις
936 1871 1013 1906 Bm.
1047 1869 1257 1919 παράξησις
1285 1871 1332 1905 G.
1428 1856 1486 1908 1¹3.
1519 1847 1722 1918 Εὐσέβίου.

316 1918 380 1965 Τῷ
398 1915 452 1953 υλ’
476 1913 552 1953 ἀπὸ
576 1917 625 1952 G.
762 1930 769 1946 <

651 1990 716 2029 Ex
742 1989 935 2029 Africano
967 1990 1016 2030 de
1039 1990 1280 2032 Abrahamo.

312 2055 383 2092 Hic
405 2056 548 2103 primum
567 2068 690 2092 nomen
706 2057 946 2094 Hebraeorum
967 2058 1121 2094 auditum
1143 2063 1209 2094 est.
1258 2057 1413 2094 Hebraei
1439 2069 1585 2104 namque
1605 2060 1723 2093 trans-

221 2104 411 2151 migrantes
434 2111 673 2150 exponuntur‚
698 2104 759 2151 qui
778 2118 853 2140 cum
873 2106 1070 2140 Abrahamo
1088 2106 1302 2140 traiecerunt
1320 2106 1558 2151 Euphratem,
1584 2110 1620 2140 et
1640 2117 1721 2147 nou,

221 2155 261 2186 ut
282 2152 420 2197 quidam
438 2156 637 2194 autumant,
661 2152 706 2186 ab
724 2152 864 2195 Heber‚
890 2153 934 2188 de
953 2165 1023 2199 quo
1042 2153 1259 2188 alibi-sermo
1280 2153 1430 2188 habitus.
1479 2155 1509 2187 A
1531 2153 1722 2198 praeterito

221 2199 341 2244 itaque
353 2198 503 2241 diluvio,
528 2199 676 2244 Noeque
696 2200 930 2245 temporibus,
954 2213 1066 2246 usque
1086 2200 1131 2234 ad
1148 2201 1341 2246 ingressum
1361 2200 1520 2234 Abrahae
1540 2199 1575 2234 in
1593 2204 1721 2234 terram

224 2245 446 2291 promissam,
470 2247 731 2291 generationum
761 2248 881 2283 decem
911 2247 994 2283 anni
1023 2249 1114 2286 1015
1133 2248 1366 2294 colliguntur,
1398 2247 1440 2282 ab
1470 2247 1602 2282 Adamo
1638 2257 1722 2282 vero

225 2293 485 2338 generationum
502 2293 630 2338 viginti
649 2294 730 2328 anni
748 2295 853 2331 3277.

316 2339 523 2385 Propositae
543 2346 736 2386 temporum
753 2342 903 2384 rationi,
927 2354 971 2377 ne
989 2342 1052 2377 fiat
1073 2346 1251 2384 accurata,
1273 2353 1318 2376 ex
1337 2341 1481 2376 secundi
1507 2341 1643 2377 Caiuan
1660 2354 1722 2376 an·-

223 2383 278 2420 nis
296 2386 367 2422 230
388 2387 512 2421 desunt
531 2390 608 2424 110.
658 2388 810 2423 Aliorum
832 2390 962 2435 quippe
981 2390 1123 2435 viginti,
1148 2401 1191 2424 ex
1207 2389 1328 2423 iisdem
1349 2390 1428 2431 130,
1449 2389 1622 2424 defectum
1643 2401 1723 2423 sus-

223 2431 328 2475 tulit,
364 2433 460 2467 facta
491 2433 526 2467 in
549 2435 745 2479 praemissis
768 2447 934 2471 annorum
954 2436 1102 2471 intrusio
1128 2448 1235 2483 supra
1263 2437 1410 2483 spatium
1427 2435 1542 2478 2242,
1567 2437 1610 2471 ab
1630 2436 1723 2471 Ada-

224 2491 279 2561 zuo
297 2491 408 2562 usq'ue
424 2480 470 2516 ad
489 2480 656 2516 diluvium
674 2482 886 2529 elapsorum,
912 2484 974 2520 ubi
993 2484 1038 2519 ad
1057 2484 1257 2519 Mathusala
1275 2489 1424 2519 aetatem
1447 2483 1602 2519 nonnihil
1621 2483 1723 2518 addi-

243 2537 298 2562 um
322 2538 359 2562 es
377 2553 386 2562 .

832 2592 895 2631 Ex
928 2590 1113 2633 Eusebio.

320 2657 439 2692 Annos
457 2656 733 2704 quadringentos
752 2658 900 2704 triginta
917 2660 960 2694 ab
980 2661 1140 2694 Abrahae
1159 2658 1280 2705 quinto
1299 2668 1406 2704 supra
1423 2656 1724 2704 septuagesimum,

227 2703 265 2739 id
286 2708 352 2750 est,
374 2715 395 2738 a
410 2704 520 2751 primo
539 2705 758 2750 migrationis
776 2707 851 2740 eius
867 2707 902 2740 in
922 2713 1049 2741 terram
1071 2708 1259 2749 Chanaan,
1285 2717 1393 2752 usque
1418 2705 1463 2740 ad
1483 2705 1526 2740 81
1553 2705 1664 2740 Mesia
1689 2709 1726 2740 et

227 2751 340 2786 exitus
360 2751 472 2786 Israel
491 2762 535 2787 ex
552 2753 715 2798 Aegypto
734 2758 829 2787 retro
848 2759 1008 2788 recenset
1023 2754 1211 2788 Eusebius.

319 2798 480 2834 Divinam
505 2810 590 2834 vero
618 2799 712 2834 circa
739 2800 804 2834 hoc
827 2799 956 2834 editam
985 2801 1192 2835 sententiam
1218 2802 1299 2846 post
1322 2799 1485 2834 Abrahae
1508 2799 1656 2834 reditum
1681 2809 1724 2833 ex

226 2846 389 2892 Aegypto
414 2849 451 2881 et
480 2845 523 2881 ab
559 2858 600 2881 eo
618 2842 809 2881 debellatos
829 2858 931 2891 reges
947 2846 1167 2882 adversarios
1187 2853 1223 2882 et
1240 2846 1512 2882 benedictionem
1529 2859 1551 2881 a
1575 2846 1723 2881 Melchi-

226 2893 331 2927 sedec
349 2897 528 2940 acceptam
550 2893 730 2939 subiungit
748 2894 931 2928 Geneseos
946 2894 1048 2934 liber,
1072 2899 1112 2929 ut
1131 2894 1274 2929 cuilibet
1294 2894 1546 2928 accuratiorem
1564 2894 1725 2927 notitiam

226 2941 410 2986 quaerenti
428 2945 538 2988 patet.
587 2942 763 2978 Abraham
780 2944 859 2976 erat
877 2952 1042 2978 annorum
1058 2943 1125 2985 86,
1147 2953 1226 2977 cum
1244 2952 1288 2977 ex
1303 2942 1400 2987 Agar
1419 2941 1579 2988 suscepit
1586 2939 1724 2983 ismael,
