1800 3236
548 179 1079 229 CHRONOGRAPHIA.
1460 171 1560 224 551

58 311 133 354 ρος
167 294 227 346 εἷς
251 289 416 351 Ῥώμην
443 291 589 352 φυγὼν
626 292 686 343 εἷς
716 290 924 352 Τρίπολιν
946 290 1144 348 Φοινίκης
1174 288 1219 333 ἔν
1235 286 1410 349 ἦμέραις
1433 299 1565 352 παρε-

56 366 222 423 γένετο,
260 365 330 408 καὶ
353 362 544 408 ἐπελθών
568 363 747 408 Λυσίαν
773 379 818 407 τε
839 362 1062 421 ἐπίτροπον
1075 357 1289 417 Ἀντιόχου
1313 365 1391 405 τοῦ
1412 363 1564 415 παιδὸς

59 435 226 492 ἀναιρεῖ
249 436 320 478 καὶ
355 433 486 479 αὖτόν
508 433 722 490 Ἀντίοχον
756 430 1011 492 παραδόξως
1045 430 1088 477 ἓν
1117 438 1211 483 ταῖς
1245 429 1363 483 ὅλαις
1389 429 1565 491 ἡμέραις

59 502 272 561 τοσαύτην
310 501 682 561 κατακτησάμενος
710 501 856 563 ἀρχήν.
904 503 1013 547 κατὰ
1039 498 1193 547 τούτου
1223 500 1492 559 Πτολεμαῖός
1520 520 1565 547 τε

30 572 548 635 5συμμαχεῖἈλεξάνδρῳ
570 574 641 619 διὰ
658 571 940 634 μισθοφόρων
961 573 1087 626 ξένων
1103 571 1382 624 καὶἌτταλος
1402 570 1425 617 ὅ
1445 574 1564 631 Περ-

51 643 199 703 γάμου
231 645 429 701 βασιλεὺς
459 643 482 689 ὅ
514 646 584 688 καὶ
614 643 807 703 κατάγων
837 642 988 689 αὐτόν·
1026 643 1133 702 πρὸς
1153 641 1200 686 ὃν
1219 640 1566 699 ἀντιταττόμενος

60 713 84 760 ὅ
113 713 366 773 Δημήτριος
391 719 563 776 τελευτᾷ
595 713 652 772 ιβ’
681 715 760 760 ἴτει
787 719 864 772 τῆς
889 715 1106 770 βασιλείας
1136 713 1289 765 αὐτοῦ,
1326 715 1395 756 καὶ
1424 720 1571 772 κρατεῖ

61 789 138 842 τῆς
170 786 329 843 Συρίας
350 785 623 844 Ἀλέξανδρος
655 784 678 829 ὅ
705 784 1036 843 ὖποτεταγμένος
1060 784 1132 840 ἔτη
1150 781 1207 838 ε’,
1244 785 1313 827 καὶ
1335 784 1565 842 ἀναιρεῖται

62 859 258 912 πολεμῶν
288 860 350 916 τῷ
376 856 631 915 Πτολεμαίῳ
661 856 770 900 κατὰ
798 855 875 912 τὴν
897 853 1148 911 Ἀντιόχειαν
1167 851 1389 911 κατάγοντι
1409 851 1566 911 Δημή-

3 934 51 970 10
62 943 179 984 τριον
206 925 280 970 τὸν
307 927 558 984 Δημητρίου
593 926 660 969 ἐπὶ
689 926 768 983 τὴν
798 926 1015 982 βασιλείαν
1053 925 1225 983 Συρίας.
1263 925 1488 980 συμπίπτει
1519 924 1566 969 δὲ
1581 935 1624 970 P.
1649 934 1720 971 291

61 998 130 1040 καὶ
152 994 174 1040 ὅ
195 999 464 1052 Πτολεμαῖος
481 998 549 1040 καὶ
567 996 665 1053 μετ’
696 996 745 1040 οὗ
766 995 898 1040 πολὺν
914 993 1070 1054 χρόνον
1091 992 1281 1051 θνήσκει.
1581 983 1626 1019 v·
1648 982 1721 1019 ²3²

97 1058 255 1125 Συρίας
289 1068 358 1110 καὶ
387 1066 529 1118 Ἀσίας
561 1063 618 1110 ια’
649 1067 913 1122 ἐβασίλευσεν
939 1065 1213 1123 Ἀλέξανδρος
1245 1063 1316 1120 ἕτη
1342 1060 1405 1108 θ’.
1443 1057 1568 1115 οὗτος

199 1136 291 1188 υἱὸς
319 1132 371 1193 ’ἦν
391 1134 606 1192 Ἀντιόχου
636 1141 713 1182 τοῦ
743 1136 1010 1195 Ἐπιφανοῦς.
1058 1136 1166 1187 τινὲς
1204 1135 1249 1178 δὲ
1279 1134 1349 1190 ε’τη
1379 1131 1406 1176 ι’
1437 1135 1568 1192 φασὶν

200 1206 333 1250 ἀὐτὸν
360 1211 631 1263 βασιλεῦσαι,
670 1208 715 1252 ἐν
738 1205 802 1259 οἷς
823 1209 893 1251 καὶ
912 1207 1130 1263 Εὐσέβιος.
1166 1209 1242 1250 τοῦ
1266 1206 1311 1249 δὲ
1332 1201 1492 1261 κόσμου
1515 1199 1568 1261 ἦν

4 1285 52 1322 15
202 1276 295 1327 ἴτος
315 1275 443 1338 ἐτλέ.

171 1340 310 1397 Οὗτος
354 1347 608 1406 Πτολεμαίῳ
647 1347 853 1404 φιλωθεὶς
885 1343 1166 1403 Κλεοπάτραν
1200 1342 1322 1401 ἔγημε
1350 1343 1568 1401 θυγατέρα

65 1414 195 1459 αὐτοῦ
240 1417 309 1460 καὶ
353 1418 397 1460 ἐν
438 1417 701 1471 ,Πτολεμαΐδι
729 1413 990 1475 ὑπάρχουσιν
1019 1415 1163 1466 αὐτοῖς
1187 1412 1394 1471 Ἰωνάθης
1426 1413 1568 1457 ἐλθών

62 1484 270 1544 ἕφιλῶθη.
1507 1540 1510 1542 .

171 1553 359 1613 Τρύφων
392 1553 414 1598 ὃ
443 1556 512 1597 καὶ
542 1551 751 1603 Διόδοτος
783 1553 902 1610 παρὰ
922 1550 1197 1612 Ἀλεξάνδρου
1225 1556 1301 1596 τοῦ
1321 1556 1470 1596 Βαλλᾶ
1487 1553 1604 1608 τὴνΒ

6 1629 150 1670 Ξοτῶν
171 1623 429 1682 πραγμάτων
458 1624 723 1681 ἐγχειρισθεὶς
756 1623 956 1678 διοίκησιν
968 1622 1177 1678 Ἀντίοχον
1204 1623 1279 1666 τὸν
1292 1620 1565 1680 Ἀλεξάνδρου

64 1695 182 1754 παρὰ
212 1693 396 1751 Μάλχον
429 1694 504 1738 τὸν
530 1693 697 1752 Ἄραβα
732 1690 987 1751 τρεφόμενον
1022 1692 1252 1747 ἀπολαβὼν
1283 1692 1470 1749 ἐπολέμει
1507 1697 1568 1752 τῷ

161 1819 195 1855 1.
220 1815 368 1864 φυγών]
395 1815 547 1863 φεύγων
571 1815 620 1851 G.
732 1817 751 1852 1
772 1818 808 1850 et
825 1817 859 1852 3.
884 1812 1040 1860 ἡμέραις
1063 1838 1074 1849 .
1099 1840 1110 1850 .
1137 1841 1147 1853 .
1177 1814 1341 1859 Scaliger
1364 1826 1398 1860 p.
1416 1815 1473 1852 71.

159 1866 195 1901 5.
219 1864 415 1911 περγαμοῦ
433 1865 475 1899 Β.
578 1864 613 1898 7.
638 1859 733 1907 ἔτει]
760 1862 823 1909 ἔτη
846 1863 920 1897 ΑΒ.
945 1874 1010 1898 om.
1037 1863 1085 1897 G.
1191 1864 1248 1897 10.
1272 1860 1339 1896 τὸν
1360 1862 1403 1897 Β.
1426 1862 1498 1897 τοῦ
1518 1862 1567 1897 G.

246 1911 302 1950 19.
336 1909 552 1956 Αλεξάνδρῳ
573 1910 621 1943 G·
748 1913 822 1947 21.
856 1909 1013 1954 Μάλχον
1039 1908 1199 1953 Scaliger
1220 1920 1263 1943 ex
1280 1909 1428 1954 Iosepho
1448 1907 1565 1955 Antiq-

162 1959 271 2002 xm,
299 1958 334 1995 5.
359 1970 396 2005 p.
413 1959 494 1995 645.
519 1958 723 2004 ἐγχαλκοῦν
740 1959 782 1993 Α.
806 1958 1025 2004 εἰνγαλχοῦν
1047 1957 1091 1992 Β.
1114 1954 1316 2003 ἐνχαλκοῦν
1337 1956 1386 1992 G.

68 2064 266 2098 Phoenices
299 2064 460 2110 appulit,
491 2062 704 2109 Lysiamque
735 2060 899 2098 Antiochi
930 2060 1030 2108 pueri
1062 2062 1347 2106 procuratorem,
1381 2059 1567 2106 ipsumque

68 2110 276 2145 Antiochum
301 2110 424 2146 diebus
450 2111 585 2145 omnino
612 2135 764 2146 .....
789 2121 810 2143 e
825 2108 936 2143 medio
955 2107 1098 2143 sustulit
1114 2112 1257 2154 praeter
1275 2107 1422 2143 omnium
1441 2118 1567 2154 exspe-

68 2159 257 2192 ctationem
290 2158 404 2204 amplo
435 2158 504 2193 sibi
542 2160 742 2202 comparato
778 2156 935 2201 imperio.
982 2155 1173 2190 Adversum
1204 2155 1295 2190 hunc
1325 2151 1565 2200 stipendiariis

70 2211 311 2240 extraneorum
331 2204 469 2240 auxiliis
489 2205 601 2239 fretus
619 2203 841 2238 Ptolemaeus
853 2228 863 2244 ‚
888 2214 952 2237 nec
973 2214 1042 2237 non
1062 2202 1201 2238 Attalus
1219 2201 1383 2248 Pergami
1400 2213 1463 2236 rex
1481 2201 1565 2236 Ale-

69 2251 223 2295 xandro,
248 2251 307 2298 qui
329 2252 542 2287 Demetrium
566 2255 742 2297 potestate
766 2249 964 2292 abdicavit,
995 2249 1176 2295 suppetias
1207 2249 1333 2286 tulere.
1379 2247 1563 2294 oppositis

68 2298 205 2341 viribus
235 2299 407 2344 praelians
425 2299 624 2334 Demetrius
648 2309 736 2332 anno
762 2297 861 2343 regni
890 2298 935 2333 12
960 2297 1127 2339 moritur,
1152 2296 1261 2342 fitque
1285 2308 1349 2331 rex
1366 2294 1564 2331 Alexander

69 2345 172 2379 modo
197 2345 431 2380 subiiciendus
454 2346 552 2380 annis
581 2345 757 2391 quinque,
783 2344 843 2389 qui
863 2341 1049 2378 certamine
1076 2343 1111 2378 in
1133 2343 1384 2386 Ptolemaeum,
1410 2342 1472 2388 qui
1488 2341 1563 2376 De-

68 2392 228 2426 metrium
245 2391 414 2427 Demetrii
431 2393 539 2427 fllium
558 2391 594 2427 in
611 2392 737 2437 Syriae
754 2402 897 2436 regnum
914 2389 1080 2433 restituit,
1098 2390 1143 2425 ad
1159 2390 1376 2426 Antiochiam
1398 2393 1562 2434 suscepto

68 2437 176 2493 yitam
195 2438 330 2481 amisit3
353 2439 446 2474 cadit
467 2439 504 2475 in
530 2439 651 2474 eodem
670 2437 802 2485 praelio
824 2438 1065 2482 Ptolemaeus,
1087 2437 1258 2485 brevique
1274 2441 1431 2484 tempore
1449 2436 1562 2470 inter-

69 2491 161 2520 tecto
179 2486 336 2520 moritur.

122 2533 248 2579 Syriae
268 2538 306 2567 et
316 2532 421 2568 Asiae
436 2544 500 2567 rex
517 2534 558 2569 11
570 2530 770 2567 Alexander
788 2531 887 2567 annis
898 2532 941 2575 93
961 2531 1031 2568 fuit
1045 2531 1105 2567 hic
1113 2530 1275 2566 Antiochi
1288 2529 1436 2565 illustris
1455 2528 1563 2569 filius,

187 2591 287 2626 quem
317 2579 490 2622 nonnulli,
521 2579 614 2613 inter
641 2590 729 2624 quos
756 2583 811 2614 est
830 2579 1026 2624 Eusebius,
1050 2578 1149 2615 annis
1172 2581 1217 2616 10
1238 2589 1381 2624 regnum
1406 2574 1568 2611 tenuisse.

187 2627 329 2667 volnnt3
354 2625 471 2660 mundi
486 2637 571 2661 vero
592 2627 698 2663 5335.

11 2709 15 2712 ,
162 2673 235 2709 Hic
257 2674 400 2708 foedere
425 2684 502 2708 cum
521 2672 719 2709 Ptolemaeo
750 2683 915 2718 percusso
939 2672 1161 2721 Cleopatram
1190 2671 1263 2707 eius
1290 2670 1394 2705 filiam
1416 2677 1561 2702 uxorem

71 2721 190 2763 ducit3
213 2720 258 2755 ad
284 2726 467 2766 utrumque
497 2731 582 2754 vero
609 2719 825 2756 Ptolemaide
854 2724 1042 2756 morantem
1070 2719 1234 2755 Ionathas
1266 2717 1437 2752 accedens
1466 2724 1558 2748 novo

72 2767 248 2804 amicitiae
264 2779 354 2802 nexu
372 2766 605 2813 coniungitur.
1494 2805 1503 2813 ·
1530 2804 1540 2814 ,

166 2814 336 2860 Tryphon
349 2840 360 2856 ‚
385 2814 444 2860 qui
477 2819 513 2848 et
535 2813 732 2857 Diodotus,
753 2814 804 2849 ab
822 2812 1018 2849 Alexandro
1042 2814 1151 2850 Baiae
1172 2811 1245 2846 filio
1273 2819 1386 2844 rerum
1415 2805 1562 2862 admun-

72 2860 243 2898 stratione
260 2864 428 2908 'suscepta
445 2860 551 2896 filium
572 2861 647 2896 eius
666 2860 868 2896 Antiochum
879 2860 1010 2896 Malchi
1029 2861 1179 2897 Arabum
1197 2857 1292 2903 regis
1311 2855 1418 2897 curia,
1436 2864 1473 2887 ιιι
1493 2862 1562 2897 qua

73 2909 192 2945 fuerat
209 2907 403 2953 educatus,
427 2908 652 2954 redeuntem,
673 2920 750 2945 cum
764 2908 803 2944 in
819 2908 907 2944 solio
926 2909 1150 2949 collocasset,
1172 2905 1339 2940 Ionathae
1363 2900 1561 2936 foederatus
