1800 3236
242 220 341 271 158
705 226 956 276 GEORGII
983 228 1269 276 SYNCELLI

236 338 385 402 χρόνοι
413 341 494 401 πρὸ
525 346 601 399 τῆς
633 337 810 385 ἕκάστου
834 342 1100 392 παιδοποιίας
1124 337 1363 396 διεστήκασι
1383 339 1488 398 πρὸς
1512 339 1589 397 τὴν
1609 345 1694 384 τῶν
1713 337 1749 384 ο’

244 412 488 472 ἑρμηνείαν,
528 417 803 470 συμφωνοῦσι
835 413 880 455 δὲ
911 411 1018 469 αὐτῇ·
1047 412 1086 454 οἳ
1110 414 1184 454 τοῦ
1211 408 1348 468 Ἰάρεδ
1369 413 1438 454 καὶ
1459 415 1534 454 τοῦ
1554 414 1751 455 ,ΖΙἸαθου-

247 482 358 528 σάλα
389 485 457 527 καὶ
487 487 563 537 τοῦ
595 481 765 538 Λάμεχ.
803 482 848 524 ἐκ
872 482 917 525 δὲ
940 486 1016 538 τῆς
1035 479 1196 525 τούτων
1218 482 1466 539 συμφωνίας
1484 478 1656 538 πάρεστι
1677 485 1750 524 λο-

242 558 376 613 γισμῷ
409 557 552 609 λαβεῖν
583 551 645 595 ὅτι
677 553 745 595 καὶ
777 551 831 595 τὰ
859 552 941 610 πρὸ
965 550 1127 595 τούτων
1159 550 1322 607 βέλτιον
1345 549 1372 607 ἡ
1397 551 1500 608 παρ’
1523 549 1623 607 ἡμῖν
1645 549 1750 594 ἀνά-

242 639 394 682 γνωσις
426 622 516 680 ἔχει.
556 622 639 666 ἀπὸ
670 622 753 680 ιγὰρ
781 626 856 665 τοῦ
884 623 1071 673 πλειόνος
1102 620 1258 679 χρόνου
1289 625 1373 665 τῶν
1403 623 1496 679 περὶ
1521 621 1595 665 τὸν
1611 619 1780 680 Ἰάρεδὸ

243 687 371 752 δῆλος
403 693 453 737 ἂν
482 693 638 750 γε’νοιτο
673 694 741 735 καὶ
771 690 792 736 ὃ
827 697 912 736 τῶν
942 691 1213 751 προαγόντων
1236 692 1677 751 συντρέχεινιόφείλων
1696 696 1748 750 τῇ

207 769 332 810 Οτῶν
364 762 399 808 0‘
431 761 601 807 ε’κδόσει,
641 765 677 806 εἲ
701 762 781 821 γὰρ
817 763 857 806 οἳ
886 761 1076 822 νεώτεροι
1098 764 1166 806 καὶ
1193 763 1525 820 μεταγενέστεροι
1543 769 1631 814 τοῖς
1645 760 1751 820 χρό-

243 850 331 887 νοις
357 841 453 885 ταῖς
482 838 566 878 τῶν
602 831 891 877 ἕκατοντάδων
925 832 1193 892 προσθήκαις
1223 833 1417 891 εὕρηνται
1448 833 1557 876 κατὰ
1579 834 1655 890 τὴν
1673 836 1749 876 τοῦ

238 904 462 963 Ἑβραϊκοῢ
500 904 667 963 γραφὴν
700 902 919 962 σύμφωνοι
949 909 1000 963 τῇ
1029 909 1114 948 τῶν
1146 902 1181 948 o'
1213 903 1431 965 ἑρμηνεία,
1472 901 1592 963 πόσῳ
1624 903 1749 946 πλέον

245 977 354 1028 εἰκὸς
380 971 432 1032 ἦν
458 974 558 1025 τοὺς
588 975 887 1032 ἀρχαιοτέρους
908 977 976 1018 καὶ
1001 975 1139 1019 αὐτῶν
1160 976 1322 1018 ἐκείνων
1344 971 1618 1032 προπάτορας
1638 978 1750 1029 μᾶλ-
1764 987 1800 1022 lc

241 1051 316 1091 λον
343 1050 428 1090 τῶν
457 1046 674 1106 μετέπειτα
703 1046 1113 1103 πολυχρονιωτὲρους
1145 1046 1368 1102 γενέσθἀις
1414 1042 1526 1102 δρῶν
1556 1046 1601 1088 δὲ
1634 1046 1677 1088 ἓν
1697 1049 1750 1103 τῇ

243 1113 596 1175 συγκεφαλαιώσει
636 1120 711 1172 τῆς
741 1114 918 1159 ἑκάστου
947 1116 1102 1175 ἀνδρὸς
1134 1118 1240 1173 ζωῆς
1270 1116 1343 1160 τὸν
1374 1115 1456 1174 πρὸ
1489 1120 1567 1171 τῆς
1599 1117 1751 1159 παιδο-

243 1189 383 1239 ποιίας
408 1184 563 1244 χρόνον
591 1188 660 1230 καὶ
689 1186 762 1230 τὸν
792 1186 899 1241 μετὰ
928 1186 1005 1242 τὴν
1040 1188 1309 1230 παιδοποιίαν
1341 1185 1431 1242 ἅμα
1469 1184 1750 1243 συναγόμενον

241 1259 316 1303 τὸν
344 1257 473 1302 αὗτὸν
499 1257 686 1315 ἀριθμὸν
706 1255 893 1310 σώζοντα
917 1255 1026 1301 κατά
1048 1275 1090 1301 τε
1111 1257 1187 1314 τὴν
1204 1255 1412 1315 Ἑβραίων
1430 1254 1663 1314 ἀνάγνωσιν
1682 1257 1751 1299 καὶ

243 1329 349 1373 κατὰ
379 1328 455 1385 τὴν
485 1331 570 1371 τῶν
592 1326 626 1371 ο’
650 1328 868 1386 ἓρμηνείαν
879 1362 892 1382 ,
930 1326 1041 1384 μόνα
1064 1328 1109 1371 δὲ
1127 1327 1180 1371 τὰ
1199 1328 1279 1386 πρὸ
1301 1331 1377 1385 τῆς
1395 1328 1657 1384 τεκνογονίας
1676 1326 1746 1383 ἔτη
1762 1333 1800 1371 15

204 1399 366 1458 Βπαρὰ
386 1403 470 1443 τῶν
486 1398 700 1442 Ἰουδαίων
723 1396 990 1457 ἀντιγράφων
1011 1399 1343 1454 συνεσταλμένα,
1380 1402 1572 1453 κινοῧμαι
1588 1396 1750 1454 μήποτε

179 1523 182 1525 Α
237 1470 454 1514 Ἰουδαίων
486 1468 603 1525 ἔργον
628 1464 680 1526 ἦν
711 1473 837 1513 τοῦτο
860 1460 1160 1526 τολμησάντων
1180 1473 1391 1513 συστεῖλαι
1414 1469 1483 1512 καὶ
1509 1469 1750 1525 ἐπιταχῦναι

241 1541 341 1592 τούς
375 1539 458 1598 πρὸ
494 1543 572 1596 τῆς
601 1540 870 1591 παιδοποιίας
893 1538 1078 1598 χρόνους
1109 1541 1311 1598 ἐπιτροπῇ
1343 1540 1617 1596 ταχυγαμίας.
1664 1543 1750 1582 τῶν

239 1611 319 1670 γὰρ
363 1608 658 1655 παλαιοτάτων
695 1610 862 1669 ἀνδρῶν
894 1612 1139 1669 μακροβίων
1169 1610 1301 1654 ὄντων
1335 1612 1404 1654 καὶ
1445 1611 1746 1668 πολυχρονίων,

242 1681 353 1727 οὕτω
374 1682 420 1725 δὲ
441 1681 548 1725 κατὰ
569 1679 748 1732 τούτους
768 1686 933 1726 θᾶττον
955 1682 1020 1724 ἐπὶ
1041 1679 1202 1739 γάμους
1219 1683 1288 1725 καὶ
1310 1682 1577 1731 παιδοποιίας
1596 1678 1748 1724 ἐλθόν-
1758 1687 1800 1722 20

337 1826 373 1863 4.
401 1822 442 1872 ἡ]
477 1823 529 1870 ὥς
547 1828 594 1865 G.
687 1829 722 1865 5.
746 1829 824 1864 τῶν
841 1827 926 1875 περὶ
942 1828 985 1864 B.
1012 1826 1079 1865 τὸν
1095 1827 1180 1875 περὶ
1203 1828 1250 1862 G·
1276 1828 1347 1864 τοῦ
1369 1827 1452 1872 περὶ
1476 1838 1522 1862 m.
1621 1829 1656 1864 9.
1679 1824 1749 1865 πό-

338 1886 391 1921 σῳ
417 1874 528 1911 πλέον
551 1876 627 1911 Bm.
653 1878 734 1918 πῶς
753 1873 775 1913 ὁ
796 1876 918 1912 πλέων
943 1877 990 1910 G.
1106 1875 1162 1912 14.
1197 1874 1266 1923 τήν
1295 1877 1372 1911 τῶν
1402 1876 1578 1923 Εβραίων
1603 1877 1652 1910 G.

341 1925 399 1959 15.
425 1924 682 1968 τεκνογονείας
705 1925 749 1959 Β.
846 1926 901 1960 17.
928 1924 1107 1972 συστῆλαι
1131 1924 1174 1962 Β,
1270 1925 1327 1961 18.
1352 1923 1603 1970 ταχυγαμείας
1625 1924 1668 1958 Β.

339 1971 396 2006 20.
422 1968 484 2006 ἐπὶ
506 1969 596 2013 τοὺς
617 1970 763 2018 γάμους
787 1971 835 2007 G.

244 2099 290 2136 ab
307 2110 520 2147 unoquoque
547 2100 655 2146 prolis
684 2113 792 2136 annos
811 2113 833 2136 a
852 2099 1074 2146 septuaginta
1101 2098 1336 2146 Interpretum
1361 2098 1499 2135 ratione
1524 2098 1747 2147 discrepant3

246 2147 312 2182 soli
330 2159 414 2182 vero
437 2147 539 2182 Iared
551 2174 561 2192 ,
586 2149 786 2183 Mathusala
808 2153 843 2183 et
864 2148 1015 2182 Lamech
1037 2147 1118 2182 anni
1138 2147 1334 2182 consentire
1355 2152 1559 2182 noscuntur.
1605 2148 1664 2183 Ex
1685 2160 1747 2182 eo-

245 2206 321 2230 rum
348 2198 463 2229 autem
490 2196 536 2229 ad
562 2195 709 2230 invicem
737 2195 942 2236 concordia,
970 2205 1062 2240 quae
1089 2195 1325 2240 praecedunt,
1352 2207 1395 2230 ex
1419 2199 1560 2230 nostrae
1585 2195 1746 2230 lectionis

245 2245 383 2283 mente,
406 2242 525 2277 melius
548 2254 624 2285 esse
659 2243 829 2289 disposita
863 2241 1038 2276 coniicere
1063 2242 1119 2276 fas
1149 2246 1215 2278 est.
1274 2243 1328 2277 Ab
1359 2243 1550 2277 excedente
1576 2242 1746 2288 siquidem

246 2287 346 2332 vitae
368 2288 470 2323 Iared
488 2290 623 2337 spatiO‚
647 2302 766 2325 eorum
782 2291 844 2336 qui
861 2294 1032 2336 praeeunt
1050 2293 1186 2335 tempus
1204 2290 1440 2336 Septuaginta
1458 2290 1602 2324 editioni
1621 2302 1746 2324 conso-

246 2346 332 2371 nare
352 2347 495 2371 necesse
514 2342 578 2373 est.
627 2338 717 2372 Nam
738 2338 768 2372 si
785 2336 1000 2372 recentiores
1020 2341 1137 2383 aetate
1155 2343 1192 2372 et
1210 2337 1437 2384 posteriores,
1464 2337 1595 2373 additis
1611 2337 1746 2383 aliquot

247 2394 414 2418 annorum
435 2384 602 2418 centuriis
624 2385 662 2419 in
678 2386 853 2420 Hebraico
879 2389 979 2419 textu
999 2384 1236 2431 Septuaginta
1254 2384 1400 2419 editioni
1428 2384 1618 2419 concordes
1639 2396 1745 2430 prae-

249 2429 427 2473 dicantur,
454 2436 584 2476 quanto
603 2432 714 2477 magis
739 2432 907 2478 pristinos
923 2431 1001 2466 illos
1019 2443 1060 2466 ac
1077 2432 1227 2466 maiores
1243 2431 1361 2474 annis,
1388 2431 1473 2467 alios
1495 2436 1652 2478 tempore
1681 2443 1745 2478 po—

248 2477 416 2512 steriores
434 2482 550 2514 aetate
571 2478 673 2524 longe
698 2491 865 2525 superare
883 2480 1127 2524 congruebat?
1153 2479 1281 2514 Verum
1297 2480 1387 2514 enim
1406 2491 1490 2515 vero
1512 2491 1589 2514 cum
1612 2479 1648 2513 in
1673 2480 1746 2513 sin-

246 2524 404 2571 gulorum
422 2523 516 2559 vitae
538 2526 816 2572 perstringendis
837 2526 1029 2561 summatim
1048 2526 1147 2561 annis
1163 2531 1319 2573 tempu8‚
1341 2526 1434 2573 quod
1457 2530 1674 2573 procreatam
1699 2526 1744 2560 ab
1769 2531 1771 2535 ’

247 2571 299 2608 eis
322 2571 473 2607 sobolem
500 2573 711 2620 praecessit,
735 2574 890 2620 illudque
916 2573 1010 2619 quod
1045 2579 1241 2620 susceptam
1271 2574 1518 2620 subsequutum
1555 2579 1611 2608 est
1642 2573 1744 2607 simul

247 2623 425 2662 coactum,
450 2630 525 2654 cum
542 2619 642 2654 iuxta
659 2620 898 2655 Hebraeorum
913 2620 1119 2664 lectionem,
1143 2627 1215 2656 tum
1235 2621 1333 2656 iuxta
1358 2621 1591 2667 Septuaginta
1617 2619 1746 2655 editio—

247 2676 326 2702 nem
342 2678 519 2702 numerum
540 2667 683 2702 eundem
701 2680 906 2714 componere
924 2669 1201 2714 deprehendam3
1225 2669 1335 2704 solum
1364 2680 1448 2704 vero
1474 2668 1626 2714 spatium
1653 2667 1746 2701 filio·-

247 2725 324 2749 rum
341 2713 618 2760 procreationem
639 2717 852 2761 praecedens
875 2716 967 2761 apud
988 2715 1195 2751 Iudaeorum
1212 2715 1352 2751 codices
1370 2716 1584 2751 contractius
1603 2726 1645 2748 ac
1665 2715 1745 2749 bre-

247 2760 326 2797 vius
345 2761 450 2799 multo
469 2761 651 2808 detegam3
674 2773 720 2796 ne
737 2762 856 2797 forsan
878 2762 944 2797 hoc
962 2762 1071 2797 fuerit
1093 2774 1114 2798 a
1133 2763 1276 2798 Iudaeis
1294 2763 1499 2798 intentatum
1522 2761 1678 2804 facinus,
1704 2765 1745 2796 ut

247 2809 470 2855 praecocium
502 2809 700 2855 nuptiarum
723 2808 898 2844 licentiam
927 2809 1089 2845 nonnulla
1120 2810 1298 2846 voluerint
1328 2810 1540 2845 auctoritate
1567 2809 1745 2852 munitam,

248 2860 355 2902 atque
377 2856 429 2891 ita
447 2856 684 2892 subducerent
701 2861 736 2891 et
759 2861 843 2891 ante
863 2860 1061 2902 susceptam
1083 2858 1213 2904 prolem
1239 2858 1425 2904 pauciores
1449 2869 1555 2893 annos
1572 2858 1744 2898 facerent,

249 2903 406 2938 nonnihil
423 2915 582 2947 moveor,
607 2909 647 2940 ut
670 2904 832 2939 iudicem.
879 2903 1051 2938 Pristinos
1072 2905 1160 2940 enim
1176 2905 1255 2940 illos
1272 2917 1314 2940 ac
1334 2905 1504 2951 longioris
1528 2902 1608 2939 aevi
1624 2903 1745 2949 ,homi-

249 2961 312 2985 nes
331 2950 420 2988 adeo
438 2950 646 2988 festinanter
663 2951 708 2988 ad
726 2950 867 2998 nuptias
887 2951 1192 3000 procreandosque
1211 2951 1342 2989 liberos
1362 2952 1596 2997 convolantes,
1622 2950 1743 2998 quales
