1800 3236
573 176 1102 226 CHRONOGRAPHIA.
1493 180 1598 232 675

92 288 223 333 κίωνα
261 289 330 333 καὶ
358 288 437 340 τὰς
463 288 616 341 λοιπὰς
640 289 840 348 αἱρέσεις,
879 292 949 335 καὶ
979 290 1054 336 τὸν
1085 289 1488 354 ἕξκαιδεκαετηρικὸν
1517 303 1595 343 τοῦ

91 356 237 416 πάσχα
273 356 430 404 κανόνα
453 360 624 412 ἐξέθετο
655 359 920 420 περιγράψας
945 364 1004 414 εἷς
1026 361 1077 407 τό
1102 367 1270 422 πρῶτον
1294 364 1386 417 ἔτος
1397 357 1602 421 Ἀλεξάνζ

91 430 197 488 δρου
230 433 309 474 τοῦ
330 427 588 487 4Μαμμαίας
614 429 793 487 τούτου,
831 433 901 476 καὶ
930 430 1151 489 συντόμως
1188 432 1320 494 φάναι
1347 436 1596 496 θεοφράδης

89 499 283 555 ποταμὸς
313 504 368 559 τῇ
401 502 598 563 ἐκκλησία
621 499 785 556 ζώντων
807 500 1010 559 ναμάτων
1030 504 1194 561 γέγονε,
1231 505 1308 550 τὸν
1336 508 1595 567 μαρτυρικόν

59 570 368 628 5περιθέμενος
387 571 597 631 στέφανον
620 572 727 631 πρὸς
747 577 807 633 τῷ
830 573 949 619 τέλει,
996 576 1041 618 ἐκ
1061 572 1215 619 τούτου
1231 576 1377 632 λαβὼν
1395 576 1597 637 ἀφορμὰς

47 697 52 708 1
83 639 296 699 Ὦριγένης
314 638 338 685 ὅ
357 639 491 694 τάλας
510 640 869 700 ὖπερεμνημάτισε
888 648 1058 690 πολλῶν
1074 650 1159 690 τῶν
1178 651 1379 705 γραφῶν,
1406 646 1595 708 Ἄμβρο-

86 711 183 755 σίου
210 717 522 770 παρορμῶντος
555 713 685 758 αὐτὸν
714 716 773 765 εἰς
798 718 925 759 τοῦτο
955 717 1027 759 καὶ
1054 721 1337 774 χορηγοῦντος
1366 716 1595 775 ἀναγκαίας

86 798 131 825 τε
151 783 299 840 χρείας
320 781 527 840 ἀφθόνως
548 786 618 827 καὶ
640 783 940 844 ταχυγράφους
959 784 1067 830 ἑπτὰ
1087 791 1377 845 παριστῶντος
1396 787 1595 843 ἀμείβον-

86 868 166 902 τας
201 849 411 910 ἀλλήλους
447 851 750 913 ’ὖπαγορεῦοντι
789 857 857 899 καὶ
900 855 1212 915 καλλιγράφους
1251 859 1455 913 τελείους,
1495 857 1628 916 &aab

30 927 75 963 10
86 919 233 980 κόραις
247 922 502 980 ἦσκημέναις
518 924 708 984 γράφειν,
732 923 899 984 ἅφατόν
919 943 965 970 τε
981 929 1229 985 προθυμίαν
1251 928 1367 990 αὐτῷ
1386 929 1593 988 παρέχον-

83 1009 158 1044 τος
182 995 241 1045 εῗς
260 993 310 1038 τὸ
330 992 586 1040 συντάττειν.
637 995 735 1039 ἀλλ’
765 998 824 1047 εἷς
849 994 1080 1055 βάραθρον
1103 995 1344 1055 Ἑλληνικῆς
1364 1005 1593 1058 τερατολο-

82 1065 176 1120 γιάς
206 1062 535 1123 παρολισθήσας
561 1064 905 1110 ἀποκατάστασιν
932 1069 1002 1110 καὶ
1023 1067 1284 1127 προῧπαρξιν
1303 1067 1590 1127 ἐδογμάτισεν,

83 1131 207 1192 ἕτερά
236 1151 281 1179 τε
316 1133 468 1181 ἀνόσια
497 1133 713 1195 δόγματα·
749 1139 820 1182 καὶ
845 1137 914 1182 διὰ
931 1142 1058 1183 τοῦτο
1088 1143 1165 1184 τοῦ
1186 1144 1322 1200 χοροῦ
1349 1144 1436 1184 τῶν
1465 1138 1593 1199 ἇγίων

83 1202 268 1262 ἔξώσθ-η.
830 1237 833 1238 ⁷

25 1280 72 1317 15
144 1285 148 1290 '
188 1276 416 1332 Μαμμαία
447 1271 525 1321 τὸὕ
556 1274 872 1335 αὐτοκράτορος
901 1275 1178 1335 Ἀλεξάνδρου
1208 1276 1351 1338 μήτηρ
1381 1280 1593 1338 θεοσεβὴς

79 1340 134 1402 ’ἦν
154 1344 339 1405 σφόδρα.
377 1345 485 1404 αὕτη
506 1347 664 1404 λέγεται
679 1345 877 1405 ὁμιλῆσαι
896 1353 956 1408 τῷ
972 1347 1168 1407 Ὠριγένει
1188 1349 1231 1394 ἕν
1244 1350 1472 1412 Ἀντιοχείᾳ
1493 1353 1590 1395 δια-

80 1417 290 1475 τρίβουσα
301 1450 316 1471 ,
351 1418 716 1474 μεταπεμψαμένη
739 1418 868 1462 αὐτὸν
889 1418 934 1462 ἐκ
950 1423 1027 1463 τοῦ
1052 1417 1215 1478 Φάρου.
1261 1419 1290 1477 ἦ
1320 1421 1370 1464 δ’
1389 1419 1497 1478 αὐτὴ
1517 1423 1590 1464 καὶ

80 1490 186 1530 πᾶσι
207 1495 298 1539 τοῖς
318 1486 574 1544 ὀνομαστοΐς
603 1492 832 1545 τηνικαῦτα
849 1492 1121 1547 Χριστιανῶν
1142 1488 1411 1542 διδασκάλοις
1432 1491 1589 1550 προσέ-

82 1574 190 1601 κειτο
216 1558 285 1602 διὰ
303 1557 382 1614 τὴν
403 1560 461 1609 εἷς
481 1559 673 1615 Χριστὸν
696 1560 848 1604 πίστιν.

21 1633 70 1669 20
183 1630 274 1672 Καὶ
290 1628 565 1687 Ἀλέξανδρος
589 1627 610 1673 ὃ
636 1631 878 1685 Μαμμαιάς
903 1628 995 1680 υἱὸς
1021 1628 1129 1685 μετὰ
1155 1628 1233 1687 τὴν
1263 1628 1473 1688 ἀναίρεσιν
1497 1629 1587 1675 Οὔ·
1610 1636 1652 1672 Ρ.
1676 1637 1747 1674 359

82 1699 227 1755 ρανιόυ
248 1704 325 1743 τοῦ
345 1698 554 1758 τυράννου
580 1701 648 1743 καὶ
680 1699 757 1756 τὴν
786 1699 894 1744 κατὰ
918 1703 1100 1757 Περσῶν
1123 1699 1386 1756 εὐδοκίμησιν
1411 1701 1587 1745 ἐπανελ-

79 1768 176 1812 θών
205 1769 249 1813 ἓν
271 1767 411 1828 Ῥώμῃ
442 1770 670 1828 ἀναιρεῖται
704 1770 782 1814 σῦν
809 1772 940 1830 μητρὶ
971 1771 1196 1832 Μαμμαία
1226 1771 1272 1816 ἓν
1298 1773 1586 1834 Μογοντιακῷ

80 1845 367 1900 στρατιωτικῷ
390 1838 682 1885 ἐπαναστάσει.

175 1920 210 1954 1.
234 1917 350 1964 Vulgo
370 1915 637 1961 ἑξκαιδέκατον
656 1914 841 1964 ἐτηρικόν.
942 1917 980 1953 3.
1003 1914 1176 1961 μαμαίας
1193 1914 1225 1950 Α
1242 1917 1280 1950 et
1299 1914 1462 1952 similiter
1478 1916 1585 1954 infra.

80 1997 160 2021 nem
181 1986 218 2021 in
236 1987 454 2023 Marcionem
480 1992 516 2023 et
542 1987 697 2034 reliquas
717 1988 971 2032 consurgentes
989 1985 1156 2020 haereses
1179 1984 1328 2028 editam,
1361 1990 1399 2021 et
1416 1997 1585 2023 annorum

78 2033 231 2068 sedecim
262 2035 461 2081 paschalem
487 2036 643 2080 regulam
662 2035 707 2069 ad
731 2045 855 2069 annum
892 2033 1039 2079 primum
1059 2031 1249 2067 Alexandri
1274 2032 1488 2068 Mammaeae
1512 2033 1584 2069 fixo

77 2081 227 2115 termino
259 2082 440 2128 exposuit;
473 2087 510 2117 et
524 2108 534 2124 ‚
569 2086 609 2116 ut
636 2082 743 2116 verbo
771 2080 994 2122 concludam,
1023 2079 1116 2114 vivis
1147 2079 1340 2114 divinorum
1369 2080 1583 2127 eloquiorum

77 2126 219 2162 fluentis
250 2129 431 2164 ecclesiam
462 2129 637 2175 irrigans,
670 2127 810 2163 tandem
842 2126 1002 2172 martyrii
1030 2137 1158 2161 corona
1186 2125 1366 2173 redimitus
1396 2132 1464 2163 est.
1523 2127 1584 2163 Ex

78 2173 153 2209 eius
182 2175 327 2222 scriptis
353 2176 537 2211 occasione
565 2180 702 2222 sumpta
730 2173 855 2209 infelix
888 2173 1064 2219 Origenes
1088 2172 1196 2207 libros
1227 2184 1349 2209 sacrae
1385 2172 1582 2221 scripturae

78 2233 182 2268 quam
202 2223 343 2268 plures,
368 2224 568 2269 (hortatore
595 2229 632 2258 et
655 2227 810 2268 sumptus
837 2220 1052 2255 necessarios
1079 2219 1302 2266 notariosque
1322 2225 1477 2267 septem,
1501 2221 1579 2256 aliis

78 2275 162 2314 post
179 2270 266 2304 alios
295 2282 425 2317 operae
451 2270 742 2312 succedentibus,
778 2273 815 2304 et
840 2267 936 2302 viros
960 2266 1187 2302 accuratioris
1208 2267 1423 2303 characteris
1444 2267 1578 2315 peritos

77 2327 146 2350 una
165 2329 242 2351 cum
263 2318 387 2363 puellis
403 2318 523 2353 eadem
545 2316 713 2364 pingendi
733 2321 811 2351 arte
829 2314 1090 2361 praestantibus
1111 2326 1155 2348 ex
1183 2314 1309 2349 throno
1338 2314 1486 2350 dictanti
1506 2315 1577 2349 lar-

76 2362 172 2408 giter
196 2364 482 2400 subministrante
511 2365 716 2406 Ambrosio,
750 2367 788 2398 et
816 2373 906 2409 quae
940 2361 985 2396 ad
1014 2361 1232 2396 scribendum
1264 2360 1398 2397 cierent
1431 2362 1576 2396 animum

77 2409 182 2455 plena
209 2422 309 2446 manu
335 2412 570 2457 praebente),
595 2412 668 2446 suis
687 2408 983 2446 lucubrationibus
1005 2407 1205 2443 illustravit.
1252 2408 1383 2444 Verum
1408 2409 1445 2443 iu
1472 2409 1575 2442 imum

76 2467 186 2511 usque
207 2457 503 2494 Graecanicamm
520 2459 714 2493 fabularum
733 2468 877 2492 coenum
896 2456 1103 2503 prolapsus,
1125 2454 1242 2490 mundi
1256 2466 1300 2490 ex
1318 2456 1455 2500 integro
1469 2465 1575 2500 repa-

76 2507 268 2547 rationem,
291 2506 478 2540 animorum
500 2505 808 2552 praeexistentiam
828 2508 866 2538 et
881 2502 1005 2549 impias
1022 2503 1189 2549 quasdam
1208 2514 1317 2548 nugas
1334 2506 1466 2537 temere
1485 2501 1575 2536 effu-

76 2550 179 2593 tivit3
204 2563 275 2598 qua
295 2553 340 2587 de
355 2564 462 2587 causa
479 2565 522 2587 ex
542 2558 737 2587 sanctorum
756 2551 835 2586 albo
857 2553 1049 2597 expunctus
1066 2553 1131 2586 est.

170 2599 365 2635 mammaea
387 2599 576 2636 Alexandri
600 2598 770 2646 principis
790 2601 901 2633 mater
920 2609 1079 2632 summam
1097 2597 1133 2632 in
1155 2597 1254 2632 deum
1274 2595 1441 2641 pietatem
1467 2604 1571 2627 exer-

76 2643 192 2680 cuisse
215 2651 252 2681 et
278 2659 352 2682 cum
373 2647 530 2691 Origene
548 2657 592 2681 ex
608 2646 724 2681 Pharo
741 2645 897 2693 Aegypti
912 2644 1096 2687 advocato,
1118 2644 1198 2690 ipsa
1217 2641 1569 2695 Antiochiae-moram

74 2693 218 2727 trahens
245 2694 417 2729 collocuta
445 2695 568 2728 fertur.
617 2693 770 2735 Eadem,
794 2703 840 2727 ex
866 2703 911 2727 ea
936 2703 1039 2738 quam
1064 2692 1102 2726 in
1130 2690 1307 2725 Christum
1332 2688 1456 2722 habu1t
1484 2686 1568 2728 fide,

74 2739 211 2819 {tingetis
237 2742 314 2777 eius
340 2741 507 2788 temporis
533 2739 717 2788 religionis
742 2738 967 2776 Christianae
996 2738 1174 2785 magistris
1211 2734 1410 2771 benevolam
1435 2744 1475 2767 se
1504 2744 1568 2768 ex-

101 2785 110 2793 ’
138 2786 202 2820 uit.
1520 2790 1523 2793 ·

115 2834 117 2836 ’
169 2832 367 2868 Alexander
394 2833 608 2869 Mammaeae
638 2834 732 2871 filius
759 2833 895 2870 Uranio
927 2835 1077 2879 tyranno
1110 2841 1234 2870 caeso,
1272 2827 1376 2862 rebus
1407 2825 1574 2880 adversus

74 2878 205 2914 Persas
230 2889 406 2927 prospere
442 2882 576 2927 gestis,
610 2881 754 2917 Romam
786 2881 973 2922 reversuS‚
1013 2877 1155 2914 militari
1190 2875 1337 2912 tumultu
1371 2873 1574 2919 Moguntlae

75 2931 198 2963 exorto
209 2952 221 2970 ‚
244 2938 315 2963 una
329 2939 406 2964 cum
431 2934 542 2964 matre
557 2929 750 2966 Mammaea
767 2928 846 2965 neci
865 2927 1031 2964 traditur·
