1800 3236
219 214 335 262 116
713 215 963 263 GEoRGn
992 182 1283 261 sYNoELLI

199 329 359 389 Οῆμεῒς
387 326 723 387 ἆποδεικνῦομεν.
773 326 831 380 ὥς
863 328 908 373 δ’
946 325 973 384 ἦ
1002 329 1199 385 παροῦσα
1230 329 1381 384 ψῆφος
1411 320 1627 383 ἀναγκάζει
1634 358 1648 380 ,
1687 324 1754 368 ἐπὶ

235 399 389 447 τούτου
410 399 484 444 τὸν
506 400 703 445 Μωϋσέα
724 400 945 457 συμβαίνει
964 397 1056 442 νέον
1079 396 1138 440 ἔτι
1159 394 1276 440 εἶναι.

690 502 1295 561 1(ΛΤ”ΕΥΣΕΒΙΟΝ.

335 607 696 667 Ὀκτωκαιὸεκάτη
743 608 969 653 δυναστεία
1002 608 1300 654 Διοσπολιτῶν
1336 605 1547 662 βασιλέων
1589 603 1658 662 ιδ’,
1694 600 1752 651 ὧν

239 692 407 748 πρῶτος
417 684 603 741 ’Άμωσις
621 680 691 738 ἔτη
711 677 781 724 κε’.

345 757 589 802 Κάνταῦθα
600 751 804 807 Εὐσέβιος
823 745 899 793 δύο
917 752 1104 805 βασιλεῖς
1123 747 1416 806 περιέκρυψεν,
1459 746 1531 805 ἴτη
1552 748 1599 791 δὲ
1617 763 1753 805 προσ-

237 830 362 885 ἔθηκε
385 824 462 879 πε’,
501 821 599 881 τμη’
619 821 829 880 παραθεὶς
853 819 945 863 ἀντὶ
969 817 1053 877 σξγ’
1079 822 1164 863 τῶν
1185 819 1292 878 παρ’
1314 819 1568 880 Ἀφρικανιῖ.

341 896 449 941 Ἰδοὺ
487 895 540 952 δὴ
563 891 584 938 ὁ
609 894 686 949 μὲν
700 891 952 952 Ἀφρικανὸς
971 891 1204 947 βουληθεὶς
1222 889 1334 933 κατὰ
1357 889 1406 933 τὸ
1427 887 1471 933 π’
1495 889 1588 940 ἔτος
1609 891 1752 932 Meo&-

175 960 177 963 ’
201 969 350 1020 Βσέως
379 967 453 1011 τὸν
474 965 660 1021 ’Άμωσιν
697 962 904 1006 ἐκθέσθαι
913 995 926 1016 ,
967 961 1038 1004 διὰ
1067 960 1145 1017 τὴν
1180 960 1364 1016 ἔλλειψιν
1384 964 1468 1004 τῶν
1491 958 1544 1019 ρι’
1572 961 1677 1003 ἐτῶν
1699 957 1752 1015 ἣν

237 1039 397 1095 ὖπέστη
428 1039 472 1080 ἐκ
500 1040 575 1092 τῆς
619 1031 668 1092 ιγ’
697 1036 837 1091 γενεᾶς
868 1036 943 1076 τοῦ
977 1031 1173 1090 ὁέυτέρου
1193 1034 1361 1075 Καϊνᾶν
1393 1031 1488 1075 υῗοῦ
1513 1029 1748 1089 Ἀρφαξὰὸ,
1768 1041 1800 1078 1(

241 1109 299 1162 ὥς
336 1110 495 1167 εἴρηται
525 1103 625 1163 ἡμῖν
649 1106 717 1148 καὶ
738 1101 973 1162 ῥηθήσεται
1001 1099 1222 1157 πολλάκις,
1262 1102 1372 1159 πλὴν
1394 1101 1755 1159 φιλαληθέστερος

241 1180 301 1226 ὢν
320 1179 529 1235 Εὖσεβιόυ
562 1177 630 1220 καὶ
659 1174 780 1225 εἰδώς
803 1173 880 1231 τὴν
904 1177 992 1217 τῶν
1020 1176 1186 1217 πολλῶν
1209 1170 1337 1224 δόξαν
1357 1171 1468 1217 οὕτω
1492 1176 1750 1231 κρατοῦσαν,

242 1250 308 1297 ὅτι
344 1251 408 1294 ἐπὶ
435 1245 657 1304 Ἀμώσεως
701 1244 925 1304 Φορωνεὺς
948 1244 1142 1303 Ἀργείων
1174 1244 1441 1299 ἐβασίλευσε,
1480 1245 1550 1286 καὶ
1592 1239 1676 1301 πρό
1708 1258 1752 1299 γε

240 1319 395 1367 τούτου
406 1319 573 1375 Ἴναχος
593 1315 615 1361 ὃ
640 1313 793 1360 τούτου
814 1315 970 1373 πατὴρ,
1009 1314 1082 1373 ἐφ’
1109 1308 1159 1359 οἷ]
1181 1317 1379 1371 ΖΙἸωϋσῆς
1398 1318 1604 1372 γεννᾶται,
1644 1311 1755 1356 κατὰ

241 1392 290 1437 τὸ
321 1388 397 1447 μα’
429 1390 521 1440 ἔτος
551 1385 804 1445 ἠναγκάσθη
815 1419 829 1440 ,
867 1387 1013 1444 καίπερ
1046 1384 1096 1429 οὗ
1129 1384 1442 1444 συμφωνούσης
1461 1389 1536 1442 τῆς
1553 1381 1754 1439 τοιαύτης
1767 1392 1800 1429 15

104 1470 150 1507 V.
174 1470 223 1507 50
246 1460 412 1520 ψήφου,
447 1460 611 1509 τελείως
630 1464 723 1508 ταῖς
745 1456 1002 1509 ἀποδείξεσιν
1022 1455 1168 1510 αὐτοῦ,
1208 1456 1318 1513 πλὴν
1338 1455 1408 1499 διὰ
1427 1455 1476 1500 τὸ
1499 1455 1660 1512 ἀληθὲς
1683 1455 1754 1497 καὶ

240 1536 403 1590 μᾶλλον
434 1534 487 1588 τῇ
515 1533 602 1573 τῶν
620 1531 788 1572 πολλῶν
809 1524 1117 1583 ἐξηκολούθησε
1138 1524 1253 1585 δόξῃ.
1295 1527 1338 1570 οἵ
1352 1544 1396 1570 τε
1418 1526 1499 1584 γὰρ
1519 1527 1564 1570 ἐκ
1583 1541 1753 1584 περιτο-

107 1605 148 1640 Ρ.
173 1606 220 1643 63
242 1608 328 1661 μῆς
346 1599 498 1652 πάντες
516 1596 752 1656 Ἰώσηππός
774 1615 819 1641 τε
841 1600 910 1641 καὶ
926 1597 1138 1652 Ἰοῦστος,
1165 1599 1209 1641 οῗ
1230 1615 1274 1641 τε
1293 1598 1337 1649 ἐξ
1356 1594 1588 1654 Ἑλλήνων,
1611 1595 1755 1640 Πολέ-

1758 663 1781 701 5

338 1716 373 1752 1.
404 1708 705 1758 οἷποδεικνύομεν
722 1711 763 1746 Α.
791 1707 1101 1755 ἀποδεικνύωμεν
1118 1709 1161 1745 Β.
1187 1708 1422 1756 δεικνύομεν.
1447 1710 1496 1745 G.
1569 1709 1604 1746 3.
1629 1706 1753 1745 ΚΑΤ’

337 1762 616 1799 ΕΤΣΕΒΙΟΝ
635 1772 700 1796 om.
721 1759 796 1794 AB.
868 1759 903 1794 4.
923 1759 1121 1807 βασιλείων
1140 1758 1190 1802 G,
1212 1758 1340 1793 omisso
1360 1757 1422 1796 ιδ’.
1493 1758 1528 1795 5.
1548 1755 1691 1803 ἅμωσις
1708 1756 1753 1791 Β.

337 1807 518 1855 ἄμμωσης
539 1812 580 1843 Α.
605 1805 763 1854 Αμώσης
783 1807 831 1841 G.
935 1809 970 1844 6.
1004 1804 1174 1854 εὐσέβιος
1198 1805 1270 1842 δύο
1289 1808 1454 1854 βασιλεῖς
1471 1805 1515 1840 Β.
1550 1805 1622 1842 δύο
1648 1806 1755 1853 βασι-

337 1860 412 1898 λεῖς
436 1853 455 1892 ὃ
478 1852 517 1900 (ὁ
549 1867 615 1892 om.
642 1855 691 1901 A)
713 1851 903 1902 Εὐσέβιος
922 1855 971 1889 G.
1065 1852 1329 1901 περιέκρυψεν]
1354 1852 1597 1900 παρέκρυψεν
1621 1853 1671 1889 G.

335 1906 372 1941 9.
409 1901 554 1949 ἄμωσιν
572 1903 648 1939 Bm.
682 1898 839 1948 ἅμωσην
858 1903 898 1936 Α.
930 1898 1091 1948 Αμεόσην
1111 1903 1159 1936 G·
1273 1904 1330 1938 10.
1365 1901 1405 1938 ἐκ
1431 1903 1499 1947 τῆς
1525 1912 1591 1935 om.
1614 1900 1658 1935 B.

340 1953 398 1988 13.
419 1951 607 1994 Αμώσεως
624 1963 668 1986 m.
695 1949 801 1995 ἅμως
826 1948 897 1991 ἕως
923 1950 997 1984 AB.
1022 1954 1123 1995 Αμος
1143 1947 1213 1992 ἕως
1232 1950 1280 1984 G.
1386 1946 1586 1995 Φορωνεύς
1603 1960 1646 1982 m.
1679 1943 1754 1994 φό-

339 2012 416 2045 ρων
435 1997 504 2040 ἕως
524 2000 572 2033 G.
598 1997 799 2044 φορωνέως
817 1998 860 2033 Β.
957 1995 1013 2033 14.
1039 1995 1193 2043 τούτου]
1221 1994 1361 2034 τούτου
1380 1994 1400 2033 ὁ
1421 1998 1468 2031 G.
1562 1999 1698 2041 Ιναχος
1708 2007 1752 2030 m.

341 2045 509 2092 Ινάχωος
529 2047 574 2080 G.
600 2044 763 2091 ἰνοιχωὸς
781 2046 822 2079 Β.
918 2042 986 2092 ἐφ’
1005 2042 1080 2080 Bm.
1107 2042 1186 2089 ἀφ’
1210 2045 1289 2080 AG.
1388 2041 1408 2081 ὁ
1429 2045 1600 2090 Μωῦσῆς
1618 2044 1665 2078 G.

343 2095 581 2142 παραλαβεῖν
597 2092 696 2130 κατὰ
718 2091 760 2130 τὸ
780 2092 836 2139 με’
856 2104 900 2128 m.
998 2094 1056 2131 17.
1082 2092 1191 2140 δόξῃ]
1217 2091 1321 2138 δόξει
1339 2093 1383 2128 Β.
1468 2093 1526 2129 18.
1549 2090 1699 2137 πολέμω
1712 2090 1755 2124 Β.

248 2199 571 2234 demonstrabimus.
603 2198 690 2234 Eius
707 2201 822 2234 tamen
839 2201 1000 2246 tempore
1015 2198 1141 2235 Mosen
1158 2198 1250 2235 inter
1264 2199 1411 2236 iuvenes
1431 2197 1546 2236 adhuc
1563 2208 1752 2234 recensen-

249 2246 329 2282 dum
346 2247 435 2282 ratio
456 2259 622 2293 praesens
639 2247 746 2282 fateri
766 2246 875 2293 cogit.

785 2319 869 2358 EX
914 2319 1211 2361 EUSEBIO.

337 2385 510 2432 Dynastia
527 2386 660 2422 decima
681 2389 809 2423 octava
822 2399 946 2434 regum
964 2388 1262 2436 Diospolitarum,
1286 2399 1432 2436 quorum
1453 2386 1585 2435 primus
1605 2388 1752 2424 Amoses

246 2433 346 2469 annis
366 2435 413 2470 25
438 2434 611 2480 regnavit.

341 2480 408 2516 Hic
425 2493 562 2528 quoque
583 2481 668 2516 duos
686 2493 788 2528 reges
805 2482 976 2528 praeterit
991 2483 1166 2519 Eusebius
1191 2487 1228 2518 et
1258 2494 1424 2518 annorum
1449 2483 1521 2520 263
1541 2481 1634 2529 apud
1653 2480 1752 2518 Afri-

246 2539 371 2564 canum
385 2528 551 2563 lectorum
573 2529 650 2564 vice
668 2527 738 2565 348
757 2529 896 2576 scriptis
912 2557 922 2572 ‚
945 2532 990 2567 85
1009 2531 1294 2577 superaddidisse
1314 2531 1546 2566 convincitur.

341 2576 397 2610 En
417 2580 513 2610 certe
539 2579 579 2610 ut
601 2575 786 2611 Africanus
806 2580 873 2619 80,
897 2578 1008 2612 Mosis
1031 2590 1120 2613 anno
1139 2579 1280 2613 Amosin
1298 2579 1454 2625 Aegypti
1479 2588 1599 2624 regem
1616 2574 1752 2611 adscri-

245 2623 330 2658 bere
349 2623 556 2665 meditatus,
582 2623 825 2659 deficientibus
854 2625 888 2660 ei
910 2627 977 2663 110
999 2626 1119 2669 annis,
1147 2638 1192 2660 ex
1220 2625 1347 2660 omissa
1372 2625 1516 2660 secundi
1533 2624 1667 2660 Cainan
1686 2623 1751 2658 filii

246 2670 435 2716 Arphaxad
451 2671 677 2716 generatione
704 2672 769 2713 13,
795 2672 863 2717 (ut
882 2685 903 2707 a
927 2673 1027 2707 nobis
1053 2673 1123 2708 iam
1139 2673 1364 2720 praemissum
1394 2677 1449 2707 est
1469 2676 1506 2707 et
1532 2671 1751 2718 frequentius

246 2718 482 2764 repetetur),
507 2729 583 2752 cum
614 2717 800 2753 veritatem
820 2719 976 2755 Eusebio
1006 2720 1168 2766 sagacius
1197 2725 1368 2763 venetur,
1393 2723 1630 2765 assertamque
1663 2730 1752 2753 non-

247 2764 353 2799 nullis
391 2765 532 2811 placere
565 2764 769 2800 sententiam
807 2771 998 2812 agnoscat,
1040 2769 1105 2802 sub
1140 2768 1257 2803 Amosi
1290 2768 1508 2803 Phoroneum
1539 2766 1752 2812 Argivorum

247 2811 346 2858 (post
366 2816 501 2858 patrem
520 2812 703 2854 Inachum,
728 2812 826 2847 cuius
846 2814 972 2849 aetatis
994 2813 1041 2852 45
1059 2815 1178 2850 Moses
1196 2816 1306 2850 lucem
1324 2814 1527 2861 adspexit),
1555 2812 1751 2859 suscepisse

246 2870 412 2904 regnum,
435 2859 542 2894 etiam
568 2863 791 2905 repugnante
820 2862 973 2907 propriis
999 2859 1352 2898 demonstrationibus
1382 2861 1578 2898 huiusmodi
1604 2860 1750 2902 calculo,

246 2906 430 2941 manifesta
456 2906 677 2941 nihilominus
696 2910 844 2952 urgente
871 2909 1034 2944 veritatis
1052 2909 1109 2954 vi,
1137 2922 1179 2945 ac
1205 2910 1426 2956 plurimorum
1441 2909 1477 2943 in
1498 2910 1565 2944 hoc
1583 2912 1751 2954 sequutus

247 2958 417 2996 mentem,
454 2953 622 2989 assentiri
651 2959 793 2990 coactus
827 2959 893 2991 est.
943 2956 1001 2992 Ex
1028 2957 1291 2993 circumcisione
1322 2957 1496 3004 siquidem
1515 2956 1686 3003 Iosephus
1715 2958 1752 2990 et
