1800 3236
217 108 319 158 648
662 114 916 161 GEORGII
945 113 1232 161 SYNCELLI

179 225 353 271 Βαῦτοῦ
397 223 467 283 ἴτη
506 222 569 271 θ’.
613 223 811 286 Ἡρώδης
842 225 1026 284 ἀδελφὸς
1058 222 1295 281 αὖτοῦ·ἒ’τη
1329 220 1408 269 κδ’.
1447 222 1676 283 Ἀγρίππας
1708 222 1730 268 ὅ

216 297 306 349 υἱὸς
327 294 549 356 Ἡρώδου,
586 294 608 341 ὅ
635 294 993 355 σκωληκόβρωτος
1016 293 1238 354 εΗρώδης,
1277 294 1349 351 ἔτη
1379 291 1426 348 ζ’.
1459 294 1687 353 Ἀγρίππας
1709 292 1731 338 ὃ

215 367 308 419 υἷὸς
327 367 474 420 αὐτοῦ,
499 364 521 410 ὃ
544 367 694 425 μικρὸς
711 365 953 424 λεγόμενος,
993 365 1064 423 ἴτη
1087 363 1162 423 κγ’.
1200 364 1306 422 ὁμοῦ
1328 364 1400 422 ἔτη
1421 362 1473 423 ρ’.

323 435 554 495 Συνάγεται
568 435 589 480 ὃ
605 441 688 488 πᾶς
695 434 850 494 χρόνος
861 435 970 480 κατὰ
985 434 1081 480 τόδε
1093 436 1142 481 τὸ
1149 442 1485 495 χρονογραφεῖον
1497 434 1580 479 ἀπὸ
1595 435 1732 491 Ἀδὰμ

220 509 298 560 ἕως
331 506 452 558 ἔτους
480 507 675 565 δευτέρου
701 506 1024 551 Οὐεσπασιανοῦ
1045 505 1116 563 ἔτη
1139 505 1280 568 ,εφξζῖ
1319 505 1404 550 ἀπὸ
1429 505 1476 550 δὲ
1498 510 1574 550 τοῦ
1601 512 1768 549 κατα-5

171 605 174 609 -
219 582 408 633 κλυσμοῧ
439 575 571 637 Ιγτκεῖ.
611 577 694 621 ἀπὸ
723 578 768 622 δὲ
796 581 873 621 τοῦ
908 575 1079 636 πρώτου
1107 564 1229 629 ἔτους1
1244 576 1444 636 Ἀβραὰμ
1464 574 1611 637 ’βφνεῖ
1649 576 1734 620 ἀπὸ

221 650 266 692 δὲ
286 653 362 704 τῆς
380 646 526 699 ἐξόδου
543 651 620 692 τοῦ
639 652 744 692 ναοῢ
769 647 838 691 διὰ
858 651 1114 704 Σολομῶνος
1135 646 1206 705 ἴτη
1226 643 1256 679 *
1273 643 1316 691 *.
1353 646 1435 691 ἀπὸ
1457 647 1504 691 δὲ
1521 651 1598 704 τῆς
1618 644 1737 705 πρώ-

221 736 297 775 της
318 711 544 774 1ἐπισκευῆς
566 717 662 775 ῆτοι
683 719 879 776 δευτέρου
915 718 1034 770 ἔτους
1063 719 1251 777 Δαρείου
1273 717 1344 774 ἔτη
1365 713 1395 748 *
1416 713 1458 762 *.
1489 717 1572 762 ἀπὸ
1594 718 1639 761 δὲ
1660 722 1737 774 τῆς

64 791 107 826 P·
132 787 202 827 343
226 787 424 847 δευτέρας
451 788 669 846 ἐπισκευῆς
703 788 775 847 ἔτη
806 785 837 820 *
866 784 908 834 *.
941 788 1025 833 ἀπὸ
1067 790 1113 833 δὲ
1145 793 1224 846 τῆς
1247 785 1462 845 Ἀντιόχου
1495 789 1738 848 πολιορκίας

98 854 101 859 ”
224 858 296 916 ἴτη
318 855 349 890 *
370 855 414 906 *.
435 858 518 903 ἀπὸ
539 860 586 904 δὲ
603 863 679 904 τοῦ
699 861 909 920 σωτηρίου
930 864 1117 919 σταυροῦ
1137 858 1208 918 ἔτη
1228 857 1306 904 λδ’.
1751 871 1794 907 10

71 978 203 1015 v.273
648 980 695 1022 K
708 949 965 1023 osmoy
997 980 1152 1022 ETH
1174 974 1310 1040 ,εφοεᾱ

594 1063 685 1117 Τῆς
723 1061 845 1111 θείας
885 1058 1136 1120 σαρκώσεως
1174 1059 1246 1126 ἔτη
1289 1056 1358 1104 σε’.

331 1151 540 1203 Βασιλεὺς
554 1150 772 1209 Ῥωμαίων
788 1150 829 1210 η’
855 1154 982 1205 Τίτος
1003 1154 1095 1206 υἱὸς
1117 1154 1437 1199 Οὐεσπασιανοῦ
1459 1151 1529 1209 ἔτη
1548 1149 1590 1208 β’
1594 1187 1604 1196 .

335 1227 426 1279 Τῆς
446 1221 678 1279 συγκλήτου
699 1225 1080 1282 πρεσβευσαμένης,
1121 1224 1179 1276 ὥς
1197 1242 1319 1278 τινες,
1358 1225 1486 1274 Τίτος
1510 1223 1615 1274 θεὸς
1636 1222 1738 1278 ἄνη-

227 1290 416 1350 γορεύθη
460 1293 640 1353 δευτέρῳ
682 1298 759 1351 τῆς
797 1296 1015 1349 βασιλείας
1057 1294 1188 1339 αὐτοῦ
1228 1295 1332 1349 ε’τει,
1380 1295 1450 1338 καὶ
1480 1297 1740 1351 παραχρῆμα
1757 1302 1798 1338 15

228 1361 406 1420 θνήσκει
444 1362 692 1419 θεηλάτους·
733 1362 789 1416 ὥς
826 1365 872 1408 δὲ
902 1363 1099 1423 Ἓλληνες
1132 1366 1372 1424 ἱστοροῦσι,
1411 1362 1623 1424 φαρμάκῳ
1653 1365 1742 1407 Λο-

229 1432 427 1488 μετιανὸς
456 1432 586 1478 αὐτὸν
608 1433 766 1479 ἀνεῖλεν
790 1432 811 1479 ὅ
841 1434 1024 1494 ἀδελφὸς
1052 1436 1176 1496 ἔρωτι
1203 1440 1280 1494 τῆς
1310 1436 1555 1494 μοναρχίας.
1603 1434 1744 1478 εὐδαί-

230 1521 343 1560 μονα
365 1504 415 1547 δέ
432 1520 562 1562 φασιν
584 1504 803 1558 ἀποδεῖξαι
824 1513 912 1557 τοῖς
932 1504 1150 1566 πράγμασι
1172 1507 1249 1565 τὴν
1273 1504 1417 1561 πόλιν,
1456 1507 1526 1549 καὶ
1547 1505 1623 1563 τὴν
1644 1503 1744 1562 ὅλην

326 1592 360 1629 2.
387 1587 408 1628 ὃ
429 1595 582 1629 σκωλ-
601 1593 776 1639 Scaliger.
801 1591 865 1642 ἔτη
884 1619 894 1630 .
919 1620 930 1630 .
952 1621 962 1632 .
984 1621 994 1631 .
1028 1591 1049 1632 ὃ
1071 1599 1225 1633 σκωλ-
1249 1597 1293 1633 Α.
1318 1593 1382 1642 ἔτη
1403 1590 1424 1633 ὃ
1444 1597 1596 1631 σκωλ-
1615 1595 1664 1630 G.

321 1635 495 1686 Ἡρώδης
516 1640 649 1677 delevit.
669 1641 841 1687 Scaliger.
875 1642 947 1677 Sed
971 1642 1057 1678 vide
1075 1656 1111 1691 p.
1129 1646 1200 1682 333
1219 1656 1252 1682 a.
1368 1645 1403 1681 3.
1436 1643 1634 1689 λεγόμενος
1660 1640 1742 1676 add.

326 1687 402 1724 ΑΡ.
421 1699 486 1722 om.
506 1688 555 1722 G.
659 1686 694 1725 4.
726 1687 954 1736 Συνάγεται]
982 1691 1087 1726 Conf.
1116 1693 1236 1728 chron.
1262 1690 1382 1738 pasch.
1410 1702 1447 1738 p.
1464 1689 1548 1727 247.
1571 1693 1608 1748 et
1631 1689 1743 1724 Euse-

327 1733 423 1769 bium
447 1747 480 1781 p.
500 1736 582 1772 377.
703 1736 822 1783 Vulgo
840 1740 1135 1785 χρονογραφίον.
1253 1741 1288 1777 6.
1312 1738 1445 1788 ιβφνέ]
1473 1739 1580 1795 fletvs,
1605 1749 1656 1794 m:

327 1782 362 1818 7.
389 1780 469 1829 ἔτη]
495 1780 594 1830 ‘abb'
617 1783 758 1829 supplet
777 1796 822 1819 m.
929 1788 984 1822 13.
1018 1788 1184 1834 βασιλεῖς
1202 1787 1246 1823 Α.
1360 1787 1416 1822 17.
1439 1788 1508 1833 τῆς
1533 1798 1654 1822 αυτου
1678 1796 1748 1830 μο-

331 1831 488 1876 ναρχίας
511 1831 558 1865 G.
658 1833 714 1869 18.
739 1832 874 1879 φασιν]
901 1830 1020 1870 αὐτὸν
1043 1834 1124 1870 add.
1148 1846 1192 1869 m.
1289 1831 1384 1881 ὅλην
1406 1845 1472 1869 om.
1495 1834 1543 1868 G.

237 1908 380 1944 chelaus
409 1910 485 1946 eius
513 1911 607 1946 filius
629 1912 728 1947 anuis
750 1917 793 1957 9,
817 1915 980 1951 Herodes
1005 1916 1082 1951 eius
1108 1916 1219 1952 frater
1239 1916 1339 1951 annis
1358 1913 1426 1958 24,
1449 1915 1610 1962 Agrippa
1629 1914 1747 1968 Hefo-

238 1955 294 1990 dis
321 1956 436 2001 filius,
460 1958 622 1995 Herodes
649 1961 814 1997 vermium
845 1963 1008 2008 pabulum
1029 1964 1163 2006 dictus,
1187 1964 1286 2002 anuis
1304 1966 1327 2000 7
1353 1968 1527 2010 postremo
1554 1962 1645 1997 filius
1671 1973 1747 1996 elus

240 2002 351 2039 minor
374 2006 532 2053 Agrippa
551 2011 697 2043 vocatus
719 2010 817 2044 annis
834 2011 894 2046 23.
944 2011 1100 2053 Quorum
1123 2023 1252 2046 summa
1269 2011 1352 2046 anui
1372 2014 1452 2047 100.

335 2052 492 2099 Tempus
509 2065 609 2090 omne
628 2055 807 2103 hucusque
824 2057 958 2104 lapsum
976 2058 1161 2094 secundum
1180 2063 1398 2105 praesentem
1414 2055 1749 2104 chronographicum

242 2103 437 2145 computum
455 2100 508 2136 ita
530 2101 722 2148 colligitur.

336 2147 392 2182 Ab
414 2147 547 2183 Adamo
568 2149 613 2184 ad
631 2161 756 2186 annum
773 2151 983 2200 Vespasiani
1003 2153 1190 2190 secundum
1211 2151 1294 2191 anni
1310 2153 1418 2190 5567.

337 2193 369 2228 Α
390 2194 520 2229 diluvio
540 2207 624 2231 vero
645 2198 726 2233 anni
744 2200 850 2235 3325.

337 2240 393 2275 Ab
412 2241 600 2280 Abrahami
620 2245 796 2282 natalibus
817 2246 898 2282 anni
917 2248 1024 2285 2255.

339 2287 395 2322 Ab
413 2288 567 2324 inchoati
588 2292 709 2338 templi
725 2293 919 2329 Salomonis
940 2293 1130 2340 primordio
1151 2294 1231 2329 anni
1251 2291 1357 2330 1094.

338 2334 371 2369 A
391 2334 502 2380 prima
517 2337 639 2383 templi
655 2341 902 2385 reparatione,
928 2341 966 2377 id
985 2347 1040 2377 est
1059 2341 1162 2377 Darii
1179 2352 1270 2377 anno
1291 2339 1464 2384 secundo,
1487 2341 1570 2377 anni
1597 2366 1748 2379 .....

340 2382 373 2418 A
389 2382 516 2428 templo
533 2384 720 2422 secundum
738 2391 903 2432 reparato
924 2388 1007 2424 anni
1031 2414 1042 2424 .
1066 2414 1077 2424 .
1102 2413 1112 2423 .

340 2428 397 2464 Ab
414 2429 576 2464 Antiochi
593 2431 706 2466 altera
722 2434 903 2469 obsidione
927 2461 937 2470 .
964 2460 974 2470 .
999 2461 1009 2471 .
1036 2462 1043 2469 .

344 2475 375 2512 A
391 2476 504 2538 salute
521 2488 586 2524 per
606 2490 743 2517 crucem
761 2486 865 2528 parta
885 2482 966 2517 anni
984 2480 1043 2520 34.

727 2553 883 2592 ANNI
912 2554 1117 2593 MUNDI
1147 2554 1273 2600 5575.

669 2607 831 2645 Dlvnvffl
864 2610 1149 2647 INcARNA'rIoMs
1186 2623 1248 2646 AN.
1271 2610 1328 2648 75.

297 2664 526 2701 Romanorum
543 2665 737 2712 Imperator
757 2668 779 2703 8
801 2667 905 2703 Titus
921 2670 1131 2716 Vespasiani
1149 2669 1243 2704 filius
1265 2667 1367 2704 annis
1386 2669 1421 2705 2.

342 2712 464 2748 Divini
490 2713 638 2748 honores
658 2714 745 2749 Tito
775 2726 864 2750 auno
889 2716 1027 2763 imperii
1050 2718 1124 2752 eius
1149 2716 1324 2759 secundo,
1348 2720 1388 2750 ut
1414 2714 1554 2763 quidam
1579 2716 1748 2758 referunt,

248 2763 390 2794 senatus
405 2762 561 2796 consulto
580 2761 803 2804 deferuntur3
830 2762 890 2808 qui
914 2763 1021 2810 plaga
1040 2765 1188 2800 caelitus
1209 2764 1360 2799 immissa
1378 2763 1566 2809 improviso
1595 2763 1750 2805 interiit3

249 2809 288 2841 at
304 2806 334 2840 si
349 2807 454 2843 fidem
474 2808 623 2843 Graecis
643 2808 777 2851 demus,
801 2809 876 2844 eius
897 2811 1008 2846 frater
1027 2812 1246 2847 Domitianus
1267 2810 1439 2857 regnandi
1455 2809 1604 2856 cupidus
1618 2822 1750 2865 veneno

252 2854 434 2891 submovit.
494 2856 624 2893 Urbem
653 2867 766 2892 rerum
798 2858 944 2894 omnium
976 2858 1157 2895 fecundam
1186 2859 1456 2906 universumque
1477 2857 1666 2894 Romanum
1686 2870 1748 2894 mv.
