1800 3236
231 157 336 207 730
701 159 962 209 GEORGII
992 159 1282 208 SYNCELLI

227 272 370 334 μάτην
383 269 676 334 καρπούμενος
694 272 773 332 τὴν
788 278 876 319 τῶν
897 273 941 318 ἓν
960 270 1202 334 πράγμασιν
1217 273 1351 321 ὄντων
1367 271 1622 335 ἑτοιμότητα
1640 277 1747 337 πρὸς

228 347 279 393 τὸ
303 343 467 390 διδόναι
481 342 587 405 ὗπὲρ
612 344 859 402 ἀπαλλαγῆς
877 349 965 389 τῶν
988 343 1271 402 ἐνοχλούντων
1290 347 1501 407 πορισμὸν
1516 346 1748 407 ἡγούμενος

192 418 315 476 υτὴν
342 415 613 474 θεοσέβειαν,
651 415 748 461 οὔτε
778 413 837 468 ὥς
861 413 1013 474 ὑψηλὰ
1047 423 1199 476 φρονεῖ
1215 419 1284 461 καὶ
1311 416 1549 479 ὖπερῆρται
1566 419 1747 477 κοσμικὰ

229 486 452 546 ἀξιώματα
479 484 793 545 ὖποδυόμενος,
844 488 915 532 καὶ
948 485 1226 547 δουκηνάριος
1261 494 1426 544 μᾶλλον
1458 488 1486 548 ἢ
1521 491 1746 543 ἐπίσκοπος

228 561 371 607 θέλων
406 562 656 613 καλεῖσθαι,
698 560 770 602 καὶ
800 562 944 615 σοβῶν
979 559 1089 603 κατὰ
1118 558 1196 611 τὰς
1234 559 1393 620 ἀγορὰς
1420 562 1491 605 καὶ
1521 561 1774 614 ἔπιστολὰςὸ

228 627 525 690 ἀναγινώσκων
553 630 624 673 καὶ
650 626 948 689 ὑπαγορεύων·
986 628 1077 687 ἅμα
1097 631 1284 685 βαδίζων
1307 632 1493 694 δημοσίᾳ
1514 634 1584 676 καὶ
1616 635 1746 691 δορυ-

228 699 509 763 φορούμενος,
530 705 617 745 τῶν
630 701 708 758 μὲν
729 701 1122 760 προπορευομένων,
1159 706 1244 746 τῶν
1264 704 1291 746 δ
1298 701 1313 719 '
1342 701 1557 760 ἑπομένων
1577 708 1747 748 πολλῶν

227 773 302 818 τὸν
323 771 536 832 ἀριθμὸν,
573 769 632 824 ὥς
659 773 731 816 καὶ
747 772 826 830 τὴν
847 773 988 817 πίστιν
1014 776 1304 833 φθονεῖσθαι,
1342 775 1570 831 μισεῖσθαί
1596 792 1640 820 τε
1676 774 1747 819 διὰ

166 872 172 875 ⁷
226 844 303 889 τὸν
325 843 451 902 ὄγκον
466 842 601 888 αὐτοῦ
620 845 690 887 καὶ
714 842 792 901 τὴν
812 841 1108 903 ὑπερηφανίαν
1125 847 1203 902 τῆς
1219 846 1425 904 καρδίας,
1465 844 1562 891 οὕτε
1594 845 1672 903 τὴν
1701 846 1745 890 ἐν

228 922 324 967 ταῖς
335 916 697 973 ἐκκλησιαστικαῖς
710 912 907 967 συνόδοις
925 916 1150 975 τερθρείαν
1166 914 1219 973 ἣν
1236 921 1482 974 μηχανᾶται
1502 918 1745 969 δοξοκοπῶν
1758 925 1800 961 10

225 988 297 1031 καὶ
315 989 671 1046 φαντασιοκοπῶν
689 987 761 1029 καὶ
783 986 861 1038 τὰς
883 991 969 1030 τῶν
989 986 1292 1046 ἀκεραιοτέρων
1313 987 1458 1045 ψυχὰς
1486 994 1577 1040 τοῖς
1602 985 1744 1033 τοιού-

67 1071 112 1108 P.
132 1070 207 1110 390
228 1074 320 1110 τοις
337 1054 602 1114 ἐκπλήττων,
620 1060 743 1113 βῆμα
764 1057 843 1113 μὲν
863 1058 934 1101 καὶ
950 1056 1112 1116 θρόνον
1130 1055 1301 1115 ὑψηλὸν
1321 1056 1460 1120 ἑαυτῷ
1480 1076 1744 1104 κατασκευα-

225 1126 409 1186 σάμενος
440 1127 519 1184 οὐχ
539 1124 598 1179 ὥς
624 1130 820 1186 Χριστοῦ
846 1127 1073 1185 μαθητὴς,
1113 1128 1213 1172 ἀλλ’
1239 1126 1297 1180 ὥς
1318 1129 1606 1189 Ἀντιχρίστου
1636 1128 1745 1189 πρό-

226 1202 388 1260 δρομος
412 1200 482 1242 καὶ
503 1198 713 1255 μιμητὴς,
754 1198 947 1257 σε’κρετον
969 1199 1015 1243 δὲ
1035 1198 1174 1257 ὥσπερ
1195 1199 1236 1243 οἱ
1261 1204 1338 1244 τοῦ
1359 1198 1521 1258 κόσμου
1545 1200 1746 1259 ἄρχοντες

226 1269 334 1328 ἔχων
354 1287 398 1314 τε
421 1270 490 1313 καὶ
511 1267 728 1326 ὀνομάζων
743 1282 753 1294 ·
791 1271 929 1314 παίων
948 1287 992 1314 τε
1010 1274 1064 1330 τῇ
1078 1272 1186 1329 χειρὶ
1207 1270 1284 1315 τὸν
1303 1271 1443 1330 μηρὸν
1465 1273 1535 1315 καὶ
1551 1272 1599 1317 τό
1623 1277 1745 1330 βῆμα
1758 1279 1800 1317 15

226 1339 425 1400 ἇράττων
457 1344 547 1391 τοῖς
578 1341 678 1384 ποσὶ
708 1341 778 1384 καὶ
805 1347 896 1392 τοῖς
927 1340 988 1398 μὴ
1022 1341 1238 1386 ἐπαινοῦσι
1265 1343 1378 1399 μηδὲ
1409 1341 1552 1402 ὥσπερ
1579 1345 1623 1387 ἐν
1655 1351 1745 1395 τοϊς

226 1409 430 1471 θεάτροις
448 1411 716 1456 κατασειόυσι
735 1418 830 1463 ταῖς
850 1409 1027 1463 ὀθόναις
1038 1446 1052 1466 ,
1087 1413 1198 1469 μηδὲ
1220 1413 1405 1469 ἐκβοῶσί
1421 1431 1464 1458 τε
1486 1416 1555 1458 καὶ
1577 1413 1745 1471 ἀναπη-

227 1485 335 1528 δῶσι
362 1482 471 1527 κατὰ
490 1481 545 1526 τὰ
567 1481 678 1526 αὐτὰ
708 1489 798 1534 τοῖς
822 1482 937 1542 ἀμφ’
963 1482 1094 1527 αὐτὸν
1118 1482 1375 1536 στασιώταις
1397 1483 1576 1543 ἀνδράσι
1601 1503 1646 1529 τε
1675 1487 1745 1529 καὶ

225 1555 412 1613 γυναίοις
442 1551 640 1610 ἀκόσμως
671 1552 809 1606 οὕτως
841 1553 1149 1614 ἀκροωμένοις,
1188 1562 1279 1607 τοῖς
1306 1555 1349 1600 δ’
1380 1550 1456 1602 οὖν
1481 1554 1539 1608 ὥς
1565 1557 1609 1602 ἐν
1638 1556 1740 1618 οἴκῳ

321 1715 358 1750 2.
382 1709 709 1761 ὕπεραπαλλαγεὶς
727 1714 770 1750 Α.
878 1715 1080 1761 πορισμῶν
1099 1716 1143 1752 Α.
1260 1716 1296 1753 3.
1321 1712 1578 1764 ὖπερήρτηται
1598 1717 1647 1752 G.

322 1765 360 1800 8.
383 1761 448 1799 καὶ
466 1765 664 1808 μισεῖσθαι
681 1763 724 1799 Ρ.
750 1763 954 1808 μιμεῖσθαί
971 1776 1010 1800 τε
1034 1764 1083 1798 G.
1180 1765 1218 1801 9.
1243 1761 1313 1810 τὴν
1332 1776 1399 1800 om.
1425 1765 1475 1800 G.
1571 1766 1628 1802 12.
1655 1762 1744 1801 ἓαυι

323 1809 378 1857 τῷ
402 1822 467 1845 om.
493 1810 542 1846 G.
667 1811 725 1848 13.
761 1808 830 1857 οὐχ
849 1805 901 1854 οὖς
921 1829 967 1837 -
985 1810 1205 1858 πρόδρομος
1224 1811 1346 1848 addidi
1368 1823 1411 1847 ex
1428 1814 1471 1848 A.
1517 1811 1646 1848 Priora
1673 1809 1743 1858 οὐχ

321 1874 370 1884 ·-
394 1855 575 1905 μαθητὴς
597 1858 703 1894 etiam
724 1869 767 1893 ex
784 1858 813 1893 P
834 1862 977 1895 enotata
997 1864 1090 1895 sunt.
1210 1858 1267 1897 14.
1292 1858 1439 1908 ἔχοντες
1458 1860 1502 1894 Ρ.
1616 1862 1672 1897 15.
1695 1861 1744 1907 τῇ

323 1916 392 1941 om.
415 1907 469 1940 G.
587 1908 644 1944 16.
666 1904 867 1944 ἐπαινοῦσι
885 1907 960 1945 ΑΡ.
984 1906 1181 1946 ἐπινοοῦσι
1201 1909 1251 1944 G.
1374 1909 1432 1948 17.
1456 1906 1616 1956 ἐκβοῶσι
1636 1909 1677 1945 P.
1700 1906 1742 1945 ἐκ

324 1954 402 1990 τῶν
417 1953 539 2002 βοῶσι.
561 1954 611 1993 G.
713 1967 754 1993 τε
771 1966 839 1991 om.
859 1955 908 1992 G.

229 2095 410 2143 multaque
426 2108 638 2134 nummorum
658 2097 862 2134 accessione
879 2097 947 2134 sibi
964 2098 1073 2142 facta,
1096 2108 1141 2134 ex
1162 2096 1269 2133 dandi
1287 2097 1460 2134 facilitate
1471 2123 1483 2141 ‚
1513 2109 1583 2144 qua
1601 2097 1663 2145 qui
1678 2110 1742 2134 ne-

229 2143 339 2189 gotiis
356 2150 572 2191 occupantur
588 2146 674 2181 ferri
699 2158 740 2180 se
759 2147 937 2190 sentiunt,
960 2146 1042 2193 ipse
1064 2146 1234 2182 molestiis
1261 2158 1379 2181 eorum
1406 2146 1478 2192 (ita
1499 2146 1667 2192 pietatem
1689 2147 1744 2180 lu-

229 2202 327 2225 crum
357 2192 580 2239 arbitratur)
605 2193 756 2229 solerter
782 2206 822 2229 se
848 2194 1014 2241 expedit,
1049 2193 1108 2230 vel
1141 2196 1309 2240 quantum
1335 2193 1525 2228 insolescat
1558 2197 1596 2228 et
1624 2193 1742 2228 mundi

229 2236 427 2284 dignitates
457 2240 604 2276 affectet
627 2245 665 2276 et
692 2241 901 2277 ducenarius
931 2242 1047 2288 potius
1075 2241 1225 2284 ambiat,
1256 2251 1359 2287 quam
1387 2240 1574 2287 episcopus
1606 2241 1742 2284 vocari,

231 2290 272 2320 ut
291 2297 355 2332 per
375 2286 456 2322 fora
475 2287 684 2334 plateasque
699 2294 873 2335 vagetur,
899 2289 957 2324 hic
974 2290 1071 2336 legat
1090 2289 1250 2331 litteras,
1274 2288 1324 2322 ibi
1342 2299 1512 2334 responsa
1526 2288 1660 2331 iubeat,
1684 2292 1742 2323 ut·-

230 2344 302 2379 que
322 2333 516 2379 procedens
541 2335 578 2369 in
603 2335 778 2382 publicum
806 2337 893 2371 adeo
915 2337 1057 2383 copioso
1079 2348 1157 2371 cum
1182 2334 1401 2381 praeviorum
1421 2339 1493 2370 tum
1519 2335 1741 2382 sequentium

230 2380 401 2416 satellitio
419 2380 571 2428 stipetur
583 2408 594 2425 ‚
619 2387 659 2418 ut
678 2387 825 2430 propter
849 2384 924 2418 eius
945 2383 1183 2430 arrogantiam
1204 2385 1241 2416 et
1260 2382 1378 2417 cordis
1395 2383 1579 2418 elationem
1595 2383 1631 2417 in
1644 2382 1741 2418 invi-

230 2427 326 2463 diam
350 2430 515 2464 trahatur
540 2429 624 2464 fidei
650 2435 793 2465 nostrae
817 2431 1025 2474 sinceritas,
1051 2429 1136 2465 nihil
1162 2441 1251 2476 opus
1275 2434 1331 2465 est
1356 2442 1636 2465 commemorare.
1685 2430 1740 2465 Ad

231 2474 320 2510 haec
344 2487 527 2512 onerosum
549 2481 605 2511 est
623 2476 771 2512 dicendo
790 2478 957 2524 persequi
973 2477 1186 2525 praestigias
1207 2489 1347 2519 omneS‚
1373 2482 1410 2513 et
1425 2478 1645 2523 excogitatas
1662 2477 1742 2512 ille-

231 2523 379 2567 cebras‚
408 2523 535 2571 quibus
551 2523 627 2558 sola
646 2524 794 2569 gloriola
812 2537 973 2572 vanaque
990 2525 1104 2560 laudis
1123 2524 1274 2570 imagine
1298 2524 1366 2560 sibi
1392 2525 1576 2573 proposita
1601 2524 1741 2571 simpli-

231 2570 366 2606 ciorum
394 2576 517 2620 captat
547 2575 584 2607 et
608 2571 764 2607 devincit
789 2572 932 2607 animos.
990 2572 1165 2608 Tribunal
1196 2572 1334 2619 quidem
1368 2577 1404 2608 et
1436 2572 1611 2608 excelsum
1640 2573 1741 2606 thro-

233 2629 335 2661 num,
359 2631 430 2655 non
450 2619 488 2654 in
507 2618 700 2654 Christiani
728 2619 893 2665 discipuli
924 2631 1053 2656 morem
1066 2647 1075 2665 ‚
1101 2619 1186 2667 quin
1201 2621 1304 2655 immo
1323 2619 1368 2655 ad
1387 2624 1602 2656 terrenorum
1628 2619 1742 2666 magi-

232 2669 408 2702 stratuum
434 2667 548 2703 instar
570 2671 742 2702 secretum
768 2667 871 2702 etiam
899 2669 944 2703 ab
966 2680 1008 2703 eo
1030 2672 1280 2714 nuncupatum,
1307 2667 1469 2715 paravit3
1495 2671 1532 2702 et
1551 2678 1642 2701 nunc
1660 2666 1741 2714 qui-

233 2712 312 2748 dem
340 2715 474 2751 femore
495 2722 599 2750 manu
619 2726 808 2761 percusso,
832 2727 923 2750 nunc
954 2716 1123 2751 tribunali
1150 2715 1298 2763 pedibus
1324 2715 1484 2762 pulsato,
1511 2726 1571 2749 eos
1596 2713 1656 2760 qui
1683 2713 1740 2748 di-

233 2760 329 2796 centi
354 2774 424 2798 non
451 2762 693 2809 applauserint
725 2773 768 2797 ac
792 2762 889 2797 velut
912 2763 951 2798 in
975 2763 1114 2799 theatro
1141 2762 1289 2809 agitatis
1315 2762 1502 2798 sudariolis
1529 2773 1598 2796 non
1621 2761 1739 2796 accla-

234 2809 431 2853 maverint,
453 2810 511 2846 vel
539 2810 601 2858 qui
625 2822 694 2847 una
719 2821 797 2845 cum
818 2809 1037 2845 factionariis
1066 2809 1350 2846 homuncionibus
1370 2812 1406 2845 et
1427 2808 1640 2844 mulierculis
1662 2807 1738 2843 eius

234 2854 349 2893 latera
369 2856 600 2906 incomposite
612 2857 828 2908 stipantibus
846 2869 914 2894 non
934 2858 1153 2903 exsilierint,
1189 2870 1272 2902 eos,
1306 2858 1446 2906 inquam
1458 2882 1470 2901 ,
1498 2856 1560 2905 qui
1580 2855 1739 2892 modeste
