1754 3236
178 182 256 251 >30
653 180 907 230 GEoRGn
932 178 1219 251 SYNCELH

187 297 316 347 τόθεν
335 295 413 352 ἕξει
431 302 572 343 πᾶσαν
585 294 874 356 πληροφορίαν
894 291 957 338 ὅτι
975 287 1228 343 ἓπίπλαστός
1246 288 1397 349 ἕστινῆ
1413 285 1578 336 τούτων
1596 287 1688 336 ἒπί-

187 354 284 417 νοία
315 370 565 429 ἀμφοτέρων
575 403 590 424 ,
639 366 696 419 ὥς
727 365 995 425 προείρηται,
1043 367 1121 407 τοῦ
1149 380 1195 407 τε
1227 360 1467 423 Βηρῶσσου
1502 363 1573 406 καὶ
1607 367 1686 407 τοῦ

188 445 389 489 Μανεθῶ
407 441 454 485 τὸ
474 440 580 484 ἴδιον
597 438 722 489 ἔθνος
738 436 940 486 θέλοντος
968 431 1159 490 δοξάσαι,
1189 438 1266 478 τοῦ
1286 435 1363 491 μὲν
1384 433 1433 479 τό
1452 437 1539 478 τῶν
1559 435 1688 477 Χαλ-

190 515 343 568 δαίων,
389 515 466 555 τοῦ
500 511 547 554 δὲ
584 509 633 553 τὸ
665 512 750 552 τῶν
782 506 1040 564 Αἰγυπτίων.
1097 506 1355 563 θαυμαζέτω
1388 505 1435 549 δὲ
1480 508 1571 556 πῶς
1610 503 1689 549 οὔκ

187 582 465 644 ᾐσχύνθησαν
495 580 577 640 ἀφ’
613 577 702 630 ἑνὸς
732 579 801 621 καὶ
827 581 903 621 τοῦ
929 576 1060 620 αὐτοῦ
1094 575 1214 628 ἴτους
1244 576 1378 635 ἀρχὴν
1398 575 1565 621 θέσθαι
1592 582 1718 627 ταῖς5

189 652 463 715 τερατώδεσιν
492 651 631 695 αὐτῶν
656 654 942 708 συγγραφαῖς,
982 647 1082 691 ἄλλ’
1111 645 1132 692 ὅ
1151 648 1229 704 μὲν
1249 646 1486 707 Βήρωσσος
1508 646 1578 691 διὰ
1607 645 1689 691 σά-

192 744 278 786 ρων
301 727 368 770 καὶ
388 721 525 782 νήρων
547 723 614 765 καὶ
635 717 811 765 σώσσων
831 716 1116 778 ἀνεγράψατο,
1149 712 1207 763 ὧν
1236 716 1258 762 ὃ
1278 719 1355 776 μὲν
1377 717 1509 778 σάρος
1526 734 1691 777 τρισχι-

151 798 292 841 Βλίων
316 796 384 839 καὶ
401 793 626 846 ἑξακοσίων
645 792 750 835 ἐτῶν
772 788 927 849 χρόνον
949 791 1162 847 σημαίνει,
1200 787 1222 834 ὅ
1251 790 1297 834 δὲ
1314 794 1442 849 νῆρος
1463 790 1567 834 ἐτῶν
1591 788 1690 842 ἑξα-

190 869 340 913 κοσίων
352 900 366 921 ,
402 862 424 909 ὅ
448 865 493 908 δὲ
511 867 675 914 σῶσσος
696 858 908 918 ἑξήκοντα.
958 863 1026 904 καὶ
1046 862 1196 918 συνῆξε
1216 857 1375 919 σάρους
1394 859 1543 905 ἑκατὸν
1563 860 1692 905 εἴκοσι

191 939 262 984 διὰ
289 935 495 995 βασιλέων
527 933 652 989 δέκα,
690 931 784 990 ἤτοι
809 929 964 991 χρόνον
997 932 1100 976 ἐτῶν
1128 929 1349 991 μυριάδων
1373 928 1691 991 τεσσαράκοντα
1704 940 1751 977 10

190 1013 317 1069 τριῶν
335 1009 404 1052 καὶ
423 1004 498 1050 δύο
513 1002 726 1063 χιλιάδων.
766 1007 902 1047 ταῦτα
923 1003 969 1046 δὲ
988 1001 1058 1061 ἴτη
1078 1004 1186 1055 τινὲς
1204 1007 1291 1047 τῶν
1310 1002 1418 1047 καθ’
1440 1001 1555 1060 ἡμᾶς
1575 1003 1694 1048 ἵστο-

194 1084 320 1140 ρικῶν
344 1077 504 1137 ἡμέρας
531 1076 769 1133 ἕλογίσαντο
803 1079 1090 1130 στοχαστικῶς
1119 1071 1389 1131 μεμψάμενοι
1412 1073 1487 1118 τὸν
1509 1075 1695 1134 Παμφί-

194 1156 270 1196 λου
291 1149 492 1206 Εὗσέβιον
503 1181 517 1203 ,
558 1144 615 1198 ὥς
630 1145 689 1203 μὴ
709 1143 924 1202 νοήσαντα
943 1144 998 1189 τὰ
1018 1145 1088 1203 ἔτη
1111 1150 1196 1190 τῶν
1216 1143 1359 1205 σάρων
1386 1143 1559 1204 ἡμέρας.
1607 1143 1692 1203 μά-

194 1240 273 1280 την
296 1222 341 1265 δὲ
366 1219 494 1265 αὐτὸν
513 1219 555 1262 ἓν
579 1214 714 1278 τούτῳ
735 1217 985 1275 μέμφονται.
1033 1221 1124 1269 πῶς
1143 1216 1223 1276 γὰρ
1248 1216 1296 1261 τὸ
1328 1216 1389 1274 μὴ
1421 1214 1468 1261 ὂν
1490 1214 1569 1273 εἶχε
1591 1220 1695 1275 νοῆ-

59 1298 103 1335 V.
129 1297 175 1335 14
194 1309 270 1338 σαι
289 1290 543 1347 πολυμαθὴς
566 1287 623 1333 ὢν
650 1289 719 1332 καὶ
741 1287 860 1339 εἰδώς
880 1287 957 1345 τὴν
973 1286 1215 1346 Ἑλληνικὴν
1243 1285 1370 1340 δόξαν
1388 1287 1571 1339 πολλοὺς
1591 1289 1695 1332 αῗῶ-
1707 1294 1754 1331 15

192 1381 272 1416 νας
300 1361 589 1420 ὁμολογοῦσαν
597 1393 612 1415 ,
646 1358 741 1417 ἤτοι
769 1357 985 1418 μυριάδας,
1004 1360 1108 1404 ἐτῶν
1136 1352 1478 1419 παρεληλυθέναι
1508 1358 1590 1403 ἀπὸ
1618 1363 1698 1416 τῆς

155 1427 397 1491 Ὀκοσμικῆς
416 1431 607 1490 γενέσεως
633 1429 739 1474 κατὰ
764 1430 841 1487 τὴν
872 1430 978 1488 παρ’
1014 1430 1158 1482 αὐτοῖς
1175 1429 1363 1488 μυθικὴν
1382 1434 1459 1478 τοῦ
1491 1431 1697 1484 ζωδιακοῦ

191 1506 259 1550 ἐπὶ
287 1504 341 1549 τὰ
376 1503 542 1548 ἐναντία
576 1502 735 1559 κίνησιν
763 1500 846 1545 ἀπὸ
877 1506 954 1558 τῆς
978 1501 1112 1560 ἀρχῆς
1138 1506 1216 1546 τοῦ
1249 1506 1368 1562 κριοῦ
1399 1502 1468 1545 καὶ
1493 1499 1618 1546 πάλιν
1640 1503 1700 1552 εἷς

192 1575 325 1633 αῧτὴν
344 1570 684 1618 ἀποκατάστασιν
695 1592 712 1629 ,-
748 1573 872 1617 ποιάν
894 1573 941 1617 δὲ
957 1573 1079 1618 αὐτοὶ
1098 1571 1280 1631 ἀνάγκην
1300 1570 1408 1630 εἶχον
1425 1570 1697 1630 συμβιβάζειν

191 1647 240 1691 τὸ
261 1648 422 1703 ψεῦδος
438 1649 490 1704 τῇ
512 1643 720 1705 ἀληθείας
1707 1641 1754 1679 20

289 1769 325 1805 2.
359 1763 553 1815 βηρώσσου
577 1769 618 1803 Α.
654 1768 860 1814 Βηρωσσοῦ
885 1769 932 1803 G.
1034 1770 1069 1806 5.
1102 1766 1333 1815 „Legendum
1353 1766 1406 1825 μῂ
1429 1766 1597 1805 θέσθαιε
1621 1780 1699 1805 nam

288 1827 357 1851 non
375 1819 544 1852 statuunt.
583 1814 664 1850 vid.
696 1827 730 1862 p.
747 1814 805 1856 34,
831 1815 910 1852 37.”
961 1817 1176 1863 AnonymuS.
1278 1817 1313 1852 6.
1339 1816 1557 1862 Βηρωσσος]
1583 1817 1699 1863 Vulgo

289 1860 500 1909 Βηρωσσός.
594 1860 741 1908 σάρων]
781 1861 933 1910 α’σάρων
964 1866 1003 1900 Α.
1088 1866 1122 1901 8.
1158 1861 1300 1910 χρόνον
1337 1865 1380 1899 Α.
1426 1862 1573 1911 χρόνων
1602 1865 1654 1902 G.

289 1912 326 1947 9.
351 1910 492 1952 σῶσσος
517 1921 560 1945 m.
595 1910 762 1948 Σῶσσων
786 1912 834 1947 G.

195 2015 298 2051 istius
316 2014 408 2050 modi
429 2015 658 2061 scriptorum,
683 2028 770 2063 quos
798 2016 1082 2059 memoravimus,
1107 2014 1374 2051 commentitiam
1403 2015 1576 2063 percipiet
1606 2015 1701 2050 scri-

198 2062 370 2110 ptionem,
394 2062 517 2098 Berosi
544 2063 623 2099 dico
649 2068 685 2099 et
703 2064 944 2107 Maneffionis,
967 2064 1058 2099 illius
1074 2064 1357 2108 Chaldaeorum,
1381 2064 1485 2100 huius
1506 2063 1704 2111 Aegyptio-

198 2122 273 2145 rum
299 2114 437 2155 gentem
469 2110 642 2157 propriam
672 2123 736 2158 pro
765 2111 898 2147 viribus
922 2111 1091 2147 extollere
1112 2111 1367 2146 contendentis.
1415 2112 1571 2148 Miretur
1593 2122 1701 2158 porro

198 2157 310 2192 lector
338 2157 441 2192 etiam
470 2159 615 2203 obvius,
647 2158 741 2204 quod
773 2159 986 2206 portentosis
1013 2159 1084 2194 suis
1112 2158 1256 2205 scriptis
1283 2159 1429 2195 eundem
1458 2171 1583 2195 annum
1604 2159 1703 2206 prin-

199 2204 328 2251 cipium
358 2216 533 2241 commune
559 2210 713 2241 statuere
740 2218 809 2242 non
835 2207 906 2242 sint
933 2206 1098 2250 reveriti:
1122 2206 1186 2240 sed
1210 2211 1247 2241 et
1271 2206 1425 2243 Berosus
1448 2207 1569 2250 Satis,
1592 2206 1704 2242 Neris

199 2256 237 2287 et
259 2251 376 2287 Sossis
396 2263 560 2287 annorum
575 2265 748 2289 numerum
766 2254 1018 2301 composuerit,
1042 2265 1187 2300 quorum
1205 2254 1343 2300 quidem
1359 2255 1469 2291 Sarus
1488 2259 1544 2290 ter
1562 2254 1704 2290 millium

199 2302 237 2334 et
268 2303 526 2342 sexcentorum,
550 2301 665 2336 Nerus
693 2306 954 2345 sexcentorum,
989 2302 1117 2336 sossus
1144 2313 1311 2337 annorum
1338 2302 1522 2349 sexaginta
1550 2301 1703 2350 spatium

199 2345 452 2392 complectitur.
500 2348 606 2382 Saros
643 2351 757 2384 autem
780 2354 918 2384 centum
943 2352 980 2384 et
1004 2348 1153 2395 viginti,
1179 2349 1298 2385 decem
1323 2361 1444 2396 regum
1470 2355 1612 2393 aetate,
1635 2349 1704 2384 hoc

197 2396 254 2428 est
279 2393 471 2439 myriadum
491 2395 727 2441 quadraginta
742 2396 847 2431 trium
868 2401 905 2432 et
923 2396 1068 2432 duorum
1096 2396 1236 2432 millium
1259 2409 1423 2432 annorum
1443 2397 1587 2444 collegit
1606 2408 1705 2432 sum⁶

196 2449 295 2488 mum.
330 2442 448 2476 Annos
467 2453 571 2487 porro
587 2442 664 2476 illos
675 2443 928 2479 Historicorum
944 2444 1100 2479 nonnulli
1110 2444 1186 2479 dies
1202 2448 1335 2480 tantum
1349 2445 1552 2489 coniiciunt,
1570 2455 1614 2480 ex
1632 2456 1703 2491 quo

197 2487 389 2523 Eusebium
405 2488 576 2534 Pamphili
594 2490 739 2532 causati,
765 2492 825 2537 qui
843 2492 1006 2527 Satorum
1022 2503 1131 2527 annos
1156 2492 1232 2527 dies
1261 2505 1339 2528 esse
1356 2505 1425 2528 non
1441 2491 1704 2529 animadvertit.

196 2534 307 2570 Nullo
324 2538 440 2570 tamen
469 2536 611 2571 consilio
636 2536 800 2574 inscitiae
820 2545 997 2574 accusant.
1044 2540 1116 2581 Qut
1141 2551 1290 2586 namque
1308 2539 1401 2587 quod
1422 2552 1491 2575 non
1514 2544 1592 2575 erat
1605 2566 1615 2583 ,
1645 2539 1704 2575 vir

197 2581 352 2628 alioquin
380 2582 556 2626 eruditus,
590 2586 792 2621 assereret?
830 2586 895 2621 Vir
916 2587 998 2630 ille,
1019 2586 1101 2622 dico
1114 2613 1124 2631 ‚
1150 2587 1212 2634 qui
1237 2588 1455 2623 Graecorum
1479 2586 1702 2630 sententiam,

198 2629 301 2676 plura
331 2629 490 2672 saecula,
514 2642 746 2678 annorumque
773 2636 996 2679 portentosas
1025 2634 1201 2680 myriadas
1230 2647 1273 2670 ex
1300 2635 1459 2670 fabulosa
1476 2634 1624 2670 zodiaci
1639 2645 1704 2680 per

198 2680 317 2723 partes
346 2677 514 2712 adversas
537 2677 575 2712 in
605 2677 697 2713 idem
714 2679 851 2726 signum
871 2681 1114 2724 conversione,
1140 2682 1185 2717 ab
1209 2682 1352 2725 arietis,
1374 2682 1531 2729 inquam,
1555 2681 1705 2717 termino

197 2724 245 2760 ad
265 2723 408 2760 eandem
428 2727 551 2760 metam
566 2725 794 2770 revolutione,
817 2728 886 2763 iam
903 2741 925 2764 a
946 2729 1066 2764 mundi
1087 2729 1262 2765 natalibus
1291 2729 1521 2777 praeteriisse
1542 2741 1708 2764 asseren-

197 2775 268 2807 tem
296 2772 406 2819 probe
430 2771 680 2819 dignosceret?
712 2774 795 2816 Qua
822 2787 906 2812 vero
936 2777 1148 2814 necessitate
1173 2776 1288 2824 pressi
1319 2777 1535 2815 mendacium
1558 2775 1706 2814 veritati

199 2830 410 2856 coacervare
428 2818 741 2867 excogitaverunt?
1533 2844 1540 2849 -
