1800 3236
196 199 295 247 120
630 229 632 231 »
660 198 914 245 GEORGII
942 195 1229 243 SYNCELLI

165 315 266 372 ’ἔτη
302 310 445 376 ‘molest
506 311 615 356 ἀλλὰ
648 312 718 356 καὶ
754 306 963 366 Ἑλλήνων
999 307 1050 352 δέ
1077 324 1184 358 τινες
1214 306 1432 364 ἱστοροῦσι
1463 307 1571 352 κατὰ
1604 307 1722 360 τούς·

195 385 352 436 αὐτοὺς
377 381 558 443 χρόνους
577 382 774 440 γενέσθαι
797 378 1005 424 Μωϋσέα.
1044 377 1255 432 Πολέμων
1279 376 1356 433 μὲν
1391 378 1435 421 ἓν
1467 382 1521 437 τῇ
1553 377 1702 437 πρώτῃ

193 460 280 501 τῶν
299 453 547 511 Ἑλληνικῶν
570 454 764 511 ἱστοριῶν
788 450 912 507 λέγει·
937 450 1003 492 ἐπὶ
1016 447 1189 498 Ἄπιδος
1209 451 1286 491 τοῦ
1315 449 1549 505 Φορωνέως
1571 456 1704 508 μοῖρα.

195 531 272 571 τοῦ
290 528 584 583 Αἰγυπτιακοῦ
606 516 793 582 Ιστρατοῦ
822 520 1006 572 ἐξέπεσεν
1034 519 1077 562 ἐν
1099 515 1329 578 Αἰγύπτῳ,
1370 519 1417 562 οἳ
1443 520 1485 563 ἓν
1515 524 1569 579 τῇ
1601 523 1703 564 Πα-

157 597 389 654 Βλαιστίνῃ
421 593 655 651 καλουμένῃ
691 593 828 651 Συρίᾳ
862 590 910 634 οὗ
942 587 1086 647 πόρρω
1110 588 1313 647 Ἀραβίας
1338 587 1522 649 ᾤκησαν.
1575 584 1732 635 viiito&

197 664 392 724 δηλονότι
413 665 451 708 οἳ
469 664 576 721 μετὰ
594 662 818 712 Μωϋσέως
833 675 843 685 ’
874 659 1061 704 Ἀππίων
1085 661 1130 703 δὲ
1160 661 1452 704 Ποσειδωνίου
1485 659 1705 720 περιεργό-

195 754 323 788 τατος
346 738 645 794 γραμματικῶν
660 734 702 777 ἔν
721 737 773 792 τῇ
797 730 906 793 κατὰ
921 731 1138 775 Ἰουδαίων
1159 732 1297 790 βίβλῳ
1319 733 1389 774 καὶ
1412 731 1455 775 ἓν
1478 736 1531 791 τῇ
1555 730 1705 791 τετάρ-

195 826 248 866 τῃ
269 811 354 850 τῶν
383 805 576 862 ἱστοριῶν
610 819 714 863 φησι
745 801 1032 858 κατὰἼναχον
1049 800 1226 859 Ἄργους
1257 802 1463 857 βασιλέα,
1495 801 1706 859 Ἀμῶσιος

196 877 440 934 Αἰγυπτίων
476 873 773 931 βασιλεύοντος
788 907 797 919 .
836 873 1071 930 ἀποστῆναι
1112 872 1369 927 Ἰουδαίους,
1409 866 1467 917 ὧν
1511 876 1707 931 γίνεσθαι

202 946 403 993 Μωϋσέα.
440 947 646 1002 μέμνηται
667 946 713 989 δὲ
731 946 799 989 καὶ
815 941 1048 1002 εΗρόδοτος
1068 947 1145 999 τῆς
1173 942 1438 994 ἀποστασιάς
1457 942 1616 1002 ταύτης
1636 945 1708 988 καὶ
1721 955 1766 991 10

191 1015 396 1074 Ἀμῶσιος
417 1018 460 1060 ἒν
485 1021 537 1075 τῇ
560 1016 755 1076 δευτέρα,
795 1013 941 1075 τρόπῳ
964 1015 1010 1058 δὲ
1029 1016 1098 1058 καὶ
1116 1014 1333 1058 Ἰουδαίων
1357 1013 1512 1069 αὐτῶν,
1553 1016 1596 1059 ἓν
1618 1022 1710 1068 τοῖς

199 1087 554 1146 περιτεμνομένοις
585 1087 740 1138 αὐτοὺς
767 1089 1068 1143 καταριθμῶν,
1109 1087 1177 1128 καὶ
1193 1083 1443 1142 Ἀσσυρίους
1465 1087 1509 1130 ἓν
1529 1091 1582 1145 τῇ
1605 1090 1709 1131 Πα-

199 1160 391 1216 λαιστίνῃ
426 1157 650 1202 ἀποκαλῶν
661 1191 674 1211 ,
713 1155 826 1213 τάχα
860 1157 931 1200 διὰ
960 1156 1033 1201 τὸν
1059 1154 1268 1214 Ἀβραάμ.
1316 1156 1588 1212 Πτολεμαῖός
1618 1155 1706 1202 τεὸ

64 1236 105 1271 Ρ.
132 1235 177 1271 65
201 1227 446 1285 ΖΠενδήσιος
472 1228 525 1271 τὰ
551 1229 798 1286 Αἰγυπτίων
813 1228 1019 1271 ἀνέκαθεν
1051 1226 1248 1285 ἱστοριῶν
1269 1225 1402 1271 ἅπασι
1422 1226 1589 1279 τούτοις
1606 1246 1708 1273 συν-

195 1297 411 1357 τρέχει,ῶς
431 1299 527 1343 οὐδὲ
549 1300 752 1356 ἐπίσημος
764 1299 828 1342 ἐπὶ
848 1302 988 1342 πλεῖον
1001 1295 1026 1355 ἡ
1049 1301 1134 1342 τῶν
1142 1295 1307 1356 χρόνων
1329 1297 1593 1357 παραλλαγή.
1629 1316 1707 1357 ση-
1720 1310 1767 1347 15

195 1369 392 1426 μειωτέον
403 1370 448 1412 δὲ
470 1367 525 1421 ῶς
546 1370 638 1413 εἴτί
648 1387 747 1413 ποτε
760 1370 969 1428 ἐξαίρετον
985 1368 1156 1426 Ἕλλησι
1171 1367 1230 1412 δι’
1249 1367 1510 1428 ἀρχαιότητα
1521 1368 1710 1426 μυθεύε-

197 1458 282 1494 ται,
303 1438 409 1496 μετά
422 1457 464 1497 γε
479 1441 674 1485 ΙΙῖΙωϋσέα
685 1440 818 1484 τοῦθ’
842 1438 1097 1499 εὖρίσκεται’
1117 1441 1407 1496 κατακλυσμοὶ
1424 1442 1495 1484 καὶ
1517 1438 1710 1500 ἐκπυρώ-

197 1528 294 1564 σεις,
318 1511 609 1568 Προμηθεὺς,
625 1511 706 1566 Ἰὼ,
734 1509 935 1570 Εὐρώπη,
967 1512 1162 1569 σπαρτοὶ,
1187 1508 1316 1569 κόρης
1336 1508 1520 1569 ἁρπαγὴ,
1542 1509 1710 1569 μυστή-

199 1599 283 1638 ρια,
306 1582 554 1637 νομοθεσιάι
565 1615 578 1636 ,
602 1580 818 1634 Διονύσου
839 1581 1029 1641 πράξεις,
1051 1580 1263 1641 Περσεὺς,
1292 1576 1425 1626 ἇθλοι
1453 1580 1706 1642 ῗΗράκλειοι,

191 1652 491 1711 Ἀργοναῦται,
528 1651 792 1712 Κένταυροι,
829 1651 1141 1712 ΖΙίῙινώταυρος,
1180 1651 1234 1696 τὰ
1273 1653 1368 1711 περὶ
1387 1652 1538 1709 Ἴλιον,
1573 1651 1709 1713 ἸΙρα-
1720 1664 1769 1701 20

1164 1755 1284 1789 καλου

291 1800 327 1836 3.
351 1799 423 1835 τοῦ
451 1798 652 1847 φορωνέως
674 1801 717 1837 A.
752 1799 887 1837 Aberat
912 1802 995 1838 τοῦ.
1099 1801 1135 1837 5.
1158 1798 1340 1861 λεγομένη
1363 1803 1406 1836 A.
1501 1802 1537 1838 6.
1573 1803 1712 1838 Ποσει-

294 1847 438 1883 δωνίου
473 1860 518 1884 ιιι.
558 1850 815 1886 Ποσιδοννίου
847 1849 896 1883 G.
1009 1849 1043 1885 9.
1079 1849 1278 1895 γίνεσθαι]
1313 1846 1526 1895 ηγούμενον
1557 1849 1641 1884 add.
1664 1862 1710 1885 m.

380 1892 437 1931 14.
462 1895 652 1943 ἱστοριῶν]
677 1893 830 1944 γράψας
858 1896 939 1933 add.
959 1908 1003 1932 m.
1111 1899 1167 1934 17.
1204 1896 1268 1933 καὶ
1296 1896 1379 1932 add.
1403 1898 1445 1931 Α.
1541 1894 1712 1943 ἐκπυρώ-

296 1942 384 1986 σεις]
411 1939 640 1989 ἐμπυρώσεις
658 1945 707 1981 G.
806 1945 861 1981 19.
888 1942 1074 1990 Περσεύς,
1099 1938 1236 1988 nimae]
1262 1944 1377 1989 Vulgo
1397 1945 1545 1988 Περσεῦ
1565 1942 1711 1982 ἄθλιοι.

296 1988 470 2035 Περσέως
485 1989 599 2030 ἅθλοι
617 2005 662 2028 ιιι.
759 1993 816 2031 20.
842 1995 944 2029 Ιλιον
962 2004 1006 2027 m.
1033 1992 1184 2029 ΐανλίαν
1203 1994 1245 2030 Α.
1270 1991 1426 2029 Ιανλίαν
1440 1992 1490 2027 G.

204 2093 349 2130 eandem
373 2099 533 2132 aetatem.
580 2097 613 2132 E
640 2097 790 2133 Graecis
808 2097 913 2133 etiam
937 2097 1093 2133 nonnulli
1111 2098 1238 2134 Mosen
1254 2097 1384 2132 'eadem
1410 2099 1529 2133 aetate
1548 2096 1714 2132 floruisse

202 2149 479 2179 commemorant.
527 2146 691 2180 Polemon
708 2145 844 2192 quidem
862 2145 971 2192 primo
983 2146 1199 2181 Graecarum
1215 2144 1440 2180 historiarum
1457 2144 1546 2180 libro
1566 2144 1604 2180 in
1623 2146 1713 2180 haec

200 2190 322 2225 verba.
371 2191 443 2225 Sub
462 2191 529 2238 Api
545 2191 722 2227 Phoronei
741 2193 813 2228 filio
834 2192 1047 2239 Aegyptiaci
1064 2193 1242 2228 exercitus
1261 2204 1345 2239 pars
1367 2194 1531 2239 Aegypto
1552 2193 1639 2238 fuga
1658 2192 1713 2227 di-

200 2235 300 2282 lapsa
318 2241 372 2272 est
386 2263 397 2280 ,
422 2250 513 2284 quae
530 2240 695 2286 deinceps
710 2240 946 2275 Palaestinam
961 2266 971 2283 ‚
995 2240 1133 2286 Syriam
1151 2244 1409 2286 nuncupatam,
1431 2240 1476 2275 ab
1494 2241 1627 2275 Arabia
1644 2251 1713 2275 non

202 2283 324 2329 procul
342 2285 537 2331 occupavit.
572 2288 646 2322 Eos
665 2287 836 2333 intellige,
859 2289 919 2333 qui
935 2288 1059 2323 Mosen
1082 2292 1163 2323 sunt
1182 2287 1337 2334 sequuti.
1372 2287 1488 2333 Apion
1508 2298 1604 2330 vero,
1623 2287 1712 2322 Pos-

203 2330 329 2365 sidonii
346 2331 439 2366 filius
453 2357 463 2374 ,
492 2334 793 2379 grammaticorum
820 2335 1107 2381 diligentissimus
1121 2361 1131 2378 ,
1157 2347 1200 2370 eo
1216 2360 1227 2378 ,
1253 2334 1346 2381 quod
1364 2334 1509 2381 scripsit
1528 2335 1713 2370 adversum

202 2377 351 2412 Iudaeos
372 2390 500 2424 opere,
525 2386 562 2415 et
582 2386 706 2427 quarto
729 2382 953 2418 historiarum
979 2383 1068 2418 libro
1097 2383 1230 2424 refert,
1265 2394 1307 2416 eo
1334 2387 1492 2428 tempore
1520 2393 1587 2428 quo
1606 2381 1713 2428 Argi-

202 2424 258 2459 vis
285 2424 478 2471 imperabat
503 2427 672 2471 Inachus,
699 2429 742 2463 ab
762 2430 881 2464 Amosi
899 2430 1154 2476 Aegyptiorum
1182 2441 1287 2475 rege,
1313 2428 1402 2464 duce
1419 2429 1538 2472 Mose,
1563 2429 1714 2464 Iudaeos

203 2471 388 2508 defecisse.
425 2472 642 2509 Defectionis
660 2475 764 2510 etiam
783 2477 884 2512 huius
905 2481 940 2512 et
951 2477 1085 2512 Amosis
1105 2477 1260 2512 meminit
1271 2476 1476 2511 Herodotus
1491 2476 1529 2510 in
1548 2476 1714 2519 secunde,

203 2530 246 2554 ac
261 2526 358 2553 certo
371 2520 486 2562 modo,
506 2521 610 2556 etiam
621 2522 773 2568 ipsorum
785 2524 1003 2567 Iudaeorum,
1027 2537 1113 2571 quos
1129 2525 1222 2560 inter
1236 2523 1458 2559 circumcisos
1478 2533 1658 2567 recenset3
1678 2528 1716 2559 et

203 2566 379 2601 Abraham
396 2567 537 2610 forsan,
561 2569 760 2615 intelligens
783 2577 943 2616 posteros
966 2573 1040 2607 eius
1058 2572 1222 2618 Assyrios
1244 2571 1469 2605 Palaestinae
1486 2570 1618 2605 incolas
1647 2582 1714 2606 vo-

203 2617 274 2647 cat.
323 2613 543 2649 Ptolemaeus
563 2627 700 2662 quoque
720 2617 927 2653 Mendesius
947 2619 1200 2666 Aegyptiorum
1224 2618 1379 2663 origines
1396 2621 1616 2664 posterorum
1642 2629 1715 2653 me-

203 2659 335 2695 moriae
353 2662 651 2697 commendaturus
669 2663 790 2699 relatis
807 2666 996 2701 assentitur
1007 2693 1017 2709 ,
1039 2667 1092 2701 ita
1108 2670 1148 2701 ut
1164 2665 1313 2700 lucidior
1334 2677 1420 2711 prae
1437 2664 1503 2699 hac
1521 2664 1616 2699 nulla
1632 2677 1717 2711 pos-

205 2707 253 2742 sit
269 2719 346 2742 esse
369 2709 559 2758 temporum
579 2709 727 2746 collatio.
768 2713 846 2747 Hoc
865 2725 968 2748 unum
986 2713 1233 2749 observatione
1249 2712 1333 2747 mihi
1352 2712 1515 2758 dignum:
1540 2712 1714 2755 Graecos,

203 2754 236 2788 si
254 2754 393 2800 quando
409 2761 555 2801 propter
575 2757 818 2803 antiquitatem
840 2760 1029 2806 quidquam
1057 2761 1280 2802 fabulentur,
1304 2759 1390 2794 illud
1419 2771 1440 2793 a
1458 2759 1571 2794 Mosis
1597 2763 1716 2795 aetate

204 2800 382 2839 inventum
401 2807 438 2838 et
459 2803 645 2838 confictum
667 2806 846 2850 proferre3
871 2807 1066 2842 huiusmodi
1082 2811 1165 2842 sunt
1183 2807 1340 2850 diluvia,
1364 2805 1539 2849 incendia,
1563 2806 1716 2841 Prome*

205 2848 328 2891 theus,
361 2849 421 2892 10,
446 2850 609 2897 Europa,
633 2852 822 2897 Spartani,
858 2854 995 2899 puellae
1016 2854 1252 2901 Proserpinae
1276 2858 1418 2901 raptus,
1442 2864 1591 2896 arcana,
1616 2853 1715 2899 leges

205 2895 357 2941 positae,
382 2897 514 2932 Bacchi
536 2903 629 2940 acta,
651 2899 796 2934 Persaei
816 2900 973 2944 labores,
997 2902 1168 2937 Herculei
1182 2913 1331 2948 quoque,
1358 2902 1597 2947 Argonautae,
1617 2901 1714 2936 Oen-²

205 2943 322 2986 tauri,
346 2943 587 2989 Minotaurus,
615 2945 742 2982 bellum
768 2946 937 2991 Iliacum,
961 2949 1228 2985 Heraclidarum
1243 2948 1446 2996 expeditio,
1470 2948 1593 2985 Ionum
1619 2947 1716 2984 colo·
