1800 3236
547 215 1076 262 CHRONOGRAPHIA.
1461 214 1567 265 35⁴7

52 321 437 382 γενεαλογούμενος.
475 327 561 371 ἐπεὶ
584 328 632 372 δὲ
648 327 782 372 ἀνεῖλε
801 327 903 380 τοῦς
921 328 1042 387 ἱερεῖς
1061 326 1083 372 ὅ
1106 329 1292 386 ζηλωτὴς
1305 327 1455 383 Ἠλίας
1471 334 1572 385 τοὺς

52 399 132 451 τῆς
159 393 385 454 αἰσχύνης,
423 396 572 459 ὅμβρῷ
613 398 692 456 τὴν
729 403 809 456 γῆν
848 398 910 443 δι’
950 398 1076 456 εὖχῆς
1109 398 1310 454 ἐπικλύζει
1343 403 1414 445 καὶ
1444 401 1571 448 πάλιν

52 463 192 523 φεύγει
221 467 281 517 εἷς
311 469 537 526 Βηρσαβεέ
545 503 559 522 ,
597 469 793 513 κάκεῖθεν
822 471 880 521 εἷς
899 469 978 526 τὴν
1003 469 1184 529 ἔρημον,
1220 473 1432 530 φοβηθεὶς
1450 472 1570 517 ἀπει-

51 539 211 580 λοῦσαν
231 535 349 598 αύτῷ
367 535 559 583 θάνατον
577 539 656 596 τὴν
668 537 847 594 Ἰεζάβελ
859 554 870 564 ·
888 539 997 584 ἔνθα
1011 538 1207 585 θάνατον
1225 543 1410 587 atrofiam
1428 561 1570 601 παρα-

21 605 162 657 5στᾶς
193 605 369 664 ἄγγελος
397 606 641 654 ὖπνῶσαντι
674 614 928 666 μεταλαβεῖν
956 609 1196 655 θεοσδότου
1225 617 1391 671 τροφῆς
1417 612 1571 659 κελεύει

50 677 119 719 καὶ
144 682 291 730 ποτοῦ,
318 672 347 736 ᾗ
368 681 437 722 καὶ
457 678 678 736 ἔνισχύσας
693 678 819 740 μόνῃ,
856 679 904 737 μ’
926 681 1206 739 νυχθημέρων
1226 680 1327 727 ὁδὸν
1345 683 1563 742 ἐπορεύετο
1588 690 1719 727 Ὑ.’152

49 747 93 789 ἓν
116 747 285 806 Χωρὴβ
306 753 366 808 τῷ
397 749 482 807 ὄρει
512 750 607 807 ἤτοι
629 751 811 811 Σιναίῳ,
850 754 919 795 καὶ
939 753 1199 796 κατέπαυσεν
1218 754 1262 796 ἒν
1283 758 1346 813 τῷ
1365 758 1559 816 σπηλαίῳ
1580 759 1624 797 Ρ.
1648 761 1718 796 190

48 818 286 869 Μωῧσὲως.
324 818 593 877 ἐρωτώμενος
618 823 665 865 δὲ
684 820 800 879 παρὰ
828 823 975 880 κυρίου
996 822 1056 865 δι’
1081 822 1134 879 ἢν
1154 824 1240 866 ἐκεῖ
1251 818 1385 880 ἦλθεν
1405 827 1560 882 αἰτίαν,

47 887 102 930 τὰ
138 893 216 931 τοῦ
250 886 377 946 ζήλου
416 895 494 934 τοῦ
526 891 635 935 κατὰ
663 891 767 935 θεὸν
797 893 1002 948 ἐκαυχᾶτο
1026 893 1095 935 καὶ
1116 891 1181 936 ὅτι
1200 892 1331 949 μόνος
1352 897 1563 954 θεοσεβὴς

0 960 38 997 [0
49 956 110 1001 ὢν
141 957 334 1003 διώκεται
354 959 605 1017 ζητούμενος
633 962 924 1019 ἀναιρεθῆναι.
962 964 1201 1014 κελευσθεὶς
1222 965 1269 1007 δὲ
1290 971 1561 1023 παραστῆναι

45 1032 101 1087 τῇ
136 1027 232 1085 ἑξῆς
263 1028 439 1075 ἐνώπιον
466 1033 612 1087 κυρίου
645 1030 872 1091 παριόντος
902 1037 1072 1091 πρῶτον
1099 1038 1259 1093 θεωρεῖ
1274 1039 1435 1091 πνεῦμα
1453 1037 1560 1095 με’γα

45 1099 255 1156 κραταιὸν·
290 1102 465 1144 διαλῦον
507 1101 587 1160 ὅρη
628 1104 698 1146 καὶ
740 1108 967 1162 συντρῖβον
1004 1104 1161 1162 πέτρας
1194 1104 1560 1164 προπορευόμενον

44 1171 193 1226 κυρίου
204 1204 219 1224 ,
256 1172 327 1214 καὶ
346 1169 541 1230 δεύτερον
561 1173 838 1231 συσσεισμόν,
875 1175 945 1218 καὶ
963 1176 1105 1232 τρίτον
1125 1179 1210 1232 πῦρ
1228 1190 1238 1199 ·
1276 1177 1321 1219 ἕν
1347 1174 1432 1230 οἷς,
1473 1195 1558 1236 φη-

45 1241 126 1294 σὶν,
150 1239 227 1284 οὔκ
243 1235 296 1298 ἦν
314 1238 338 1284 ὅ
356 1240 519 1287 τούτων
534 1241 687 1301 κύριος.
723 1243 830 1300 μεθ’
853 1243 883 1287 ἃ
906 1243 1042 1302 αὔρας
1059 1249 1213 1298 λεπτῆς
1232 1251 1379 1304 φωνῆς
1398 1246 1554 1303 ἀκούει,

0 1314 34 1350 [5
45 1308 309 1366 ἐπικαλύψας
328 1329 374 1356 τε
394 1313 443 1357 τὸ
466 1311 693 1373 πρόσωπον
714 1314 796 1371 πρὸ
818 1320 897 1358 τοῦ
916 1316 1124 1372 σπηλαίου
1150 1317 1336 1361 ἵσταται.
1385 1319 1456 1362 καὶ
1475 1314 1554 1361 αὗ-

43 1385 119 1432 θις
147 1382 407 1439 ἓπερωτῖὶται
435 1385 550 1435 τίνος
570 1382 699 1442 χάριν
733 1383 889 1428 αὐτόθι
923 1386 1202 1444 παραγέγονς
1249 1388 1318 1430 καὶ
1346 1386 1471 1431 πάλιν
1499 1390 1554 1432 τὰ

44 1451 154 1494 αἰτά
174 1451 300 1496 πάλιν
322 1452 601 1511 ἀποκρίνεται.
639 1457 708 1498 καὶ
730 1453 871 1499 ἀκούει
892 1454 1241 1512 προστάττουσαν
1262 1458 1387 1500 θείαν
1405 1459 1592 1516 φωνὴνΒ

44 1521 246 1566 ἀπελθεῖν
268 1525 327 1574 εἷς
348 1524 425 1580 τὴν
447 1523 603 1583 ἔρημον
622 1527 876 1580 Δαμασκοῦ,
916 1527 985 1569 καὶ
1006 1532 1151 1583 χρῖσαι
1171 1527 1348 1579 βασιλέα
1364 1529 1443 1583 μὲν
1464 1533 1554 1573 Συ-

44 1594 139 1649 ριάς
169 1593 244 1636 τὸν
271 1593 450 1650 Ἀζαὴλ,
489 1593 713 1653 προφήτην
746 1596 793 1638 δὲ
825 1595 932 1639 ἄνθ’
964 1593 1095 1639 αὑτοῦ
1125 1595 1197 1639 τὸν
1223 1593 1453 1652 Ἑλισσαιέ,
1489 1599 1552 1656 μὴ

0 1664 33 1701 ΕΟ
46 1663 208 1719 ἀγνοεῖν
227 1664 274 1707 δὲ
293 1662 356 1707 ὅτι
379 1667 447 1708 καὶ
464 1665 590 1708 ’ἄλλοι
610 1666 753 1721 εἶἠσαν
771 1664 1067 1721 ἑπτακισχίλιοι
1090 1669 1304 1724 θεοφιλεῖς
1323 1667 1368 1719 ἐξ
1381 1667 1553 1726 Ἰσραήλ

42 1751 116 1788 μοι
157 1738 248 1793 θεῷ
281 1735 600 1793 πεᾳυλαγμένοι.
648 1737 692 1780 ἓν
733 1734 798 1787 οἷς
835 1737 1079 1787 παιδευθεὶς
1117 1742 1423 1782 ταπεινοῦσθαι
1460 1744 1551 1800 θεῷ

137 1835 173 1871 3.
201 1832 383 1882 Βερσαβεὲ
403 1836 453 1870 G.
556 1833 784 1880 ἀπειλούσης
803 1836 852 1870 G.
967 1838 1002 1872 6.
1025 1834 1276 1882 νυχθημέρων
1295 1836 1338 1871 B.
1361 1836 1551 1886 νυχθήμε-

136 1895 206 1926 ρον
230 1882 277 1917 G.
403 1884 439 1919 9.
461 1883 532 1920 τοῦ
553 1883 649 1920 κατὰ
674 1882 772 1919 θεὸν
799 1882 919 1920 addidi
945 1894 989 1918 ex
1015 1883 1067 1919 B:
1090 1882 1127 1918 in
1153 1886 1195 1924 A,
1212 1889 1269 1918 est
1291 1885 1345 1932 τῷ
1362 1886 1458 1931 θεῷ.

139 1932 203 1966 10-
222 1926 380 1965 διώκετο
412 1931 462 1965 G.
593 1933 650 1967 12.
675 1931 888 1978 συντρίβων
911 1931 956 1967 Β.
1076 1932 1132 1966 13.
1155 1932 1291 1976 κυρίου
1314 1943 1381 1967 om.
1408 1934 1457 1968 G.

138 1978 196 2013 15.
220 1975 396 2024 καλύψας
413 1978 461 2013 G.
566 1979 623 2014 16.
649 1975 817 2015 αὐτόθεν
835 1979 885 2014 G.
994 1979 1050 2015 19.
1074 1974 1162 2014 ἀντ’
1197 1976 1322 2015 αὐτοῦ
1343 1978 1413 2017 τὸν
1439 1982 1550 2017 Elm-

137 2028 249 2060 σαῖον
267 2026 318 2059 G.
411 2026 471 2061 20.
497 2024 629 2071 εἴησαν
645 2027 688 2062 Β.
714 2022 809 2072 ἦσαν
828 2027 876 2061 G.
971 2027 1032 2064 21.
1055 2028 1301 2083 ταπεινοῦται
1320 2027 1368 2061 G.

42 2110 84 2140 ut
100 2105 193 2140 inter
204 2106 393 2152 propbetas
406 2107 501 2141 solus
519 2117 543 2141 a
556 2106 743 2142 maioribus
761 2107 945 2154 prophetis
958 2107 1103 2154 stirpem
1119 2107 1263 2144 duxisse
1278 2119 1347 2142 non
1363 2118 1549 2143 recensea-

42 2157 113 2187 tur.
146 2153 432 2188 Sacrificulorum
444 2166 555 2200 grege
569 2154 697 2197 deleto,
709 2155 809 2190 Elias
827 2154 886 2189 dei
903 2155 978 2189 zelo
995 2155 1166 2198 fervidus,
1178 2155 1367 2202 impetrata
1383 2155 1548 2201 precibus

42 2199 175 2245 pluvia,
191 2205 321 2235 terram
336 2199 494 2247 adaquat
510 2206 547 2235 et
565 2201 723 2244 inundat,
742 2212 890 2248 moxque
901 2213 1037 2236 rursum
1054 2202 1180 2248 migrat
1191 2201 1227 2237 in
1237 2202 1428 2245 Bersabee,
1447 2202 1546 2237 inde-

41 2259 112 2292 que
130 2247 166 2281 in
185 2246 378 2290 desertum,
402 2248 542 2283 Iezabel
561 2253 705 2284 mortem
718 2249 924 2283 intentantis
941 2254 1036 2284 metu
1059 2249 1282 2296 perterritus.
1331 2249 1386 2284 Ibi
1403 2255 1548 2285 mortem

39 2293 233 2336 invocanti,
251 2300 288 2328 et
317 2295 445 2329 somnis
462 2301 613 2341 gravato
632 2296 854 2342 conspicuum
873 2308 913 2330 se
930 2295 1017 2330 fecit
1040 2297 1206 2342 angelus,
1231 2303 1269 2332 et
1291 2296 1370 2331 cibo
1391 2302 1549 2343 potuque

39 2340 188 2375 caelitus
206 2341 322 2375 missis
338 2341 438 2376 iubet
455 2343 631 2386 gaudere3
646 2343 776 2389 quibus
794 2343 880 2377 solis
895 2342 956 2377 ille
966 2343 1154 2378 roboratus
1166 2343 1297 2379 dierum
1310 2343 1547 2390 quadraginta

39 2388 254 2433 integrorum
267 2387 339 2423 iter
356 2388 498 2423 choreb
519 2401 655 2432 versus,
674 2389 709 2424 id
722 2394 776 2424 est
792 2389 880 2424 Sina
896 2395 1058 2432 montem,
1077 2390 1220 2426 conficit
1235 2396 1274 2426 et
1290 2391 1327 2425 iu
1342 2390 1452 2425 Mosis
1462 2403 1544 2437 spe-

39 2436 142 2470 lunca
160 2435 279 2469 labore
297 2435 507 2469 recreandus
526 2436 689 2482 quiescit.
739 2438 768 2471 Α
787 2436 924 2471 domino
942 2436 1022 2471 viae
1039 2448 1176 2472 causam
1194 2442 1339 2483 rogatus
1352 2463 1363 2480 ‚
1390 2449 1487 2472 suum
1506 2437 1543 2472 iu

39 2481 99 2516 dei
118 2481 323 2528 obsequium
341 2482 500 2516 ardorem
518 2483 713 2530 praedicat,
736 2488 773 2518 et
791 2487 832 2517 ut
850 2483 944 2518 solus
961 2495 1070 2519 verae
1089 2484 1269 2531 religionis
1282 2485 1403 2519 fautor
1421 2496 1543 2519 serva-

40 2534 98 2564 tus
122 2528 166 2563 ad
186 2540 305 2564 necem
323 2534 576 2575 quaereretur,
601 2530 755 2576 exponit.
791 2529 861 2565 Die
875 2531 1034 2576 sequenti
1050 2543 1167 2567 coram
1185 2537 1390 2567 transeunte
1405 2531 1542 2566 domino

42 2580 139 2611 stare
153 2575 270 2610 iussus
287 2581 428 2611 ventum
453 2576 607 2611 validum
626 2581 758 2611 montes
774 2576 1020 2615 dissolventem
1040 2583 1077 2614 et
1092 2584 1329 2614 conterentem
1345 2583 1465 2624 petras
1484 2589 1542 2612 re·

40 2621 137 2668 liqna
164 2622 317 2658 videnda
339 2623 608 2669 praecedentem
629 2624 806 2670 percipit3
836 2629 967 2660 terram
995 2625 1126 2662 deinde
1152 2625 1310 2661 horribili
1337 2632 1432 2660 motu
1458 2635 1540 2658 con-

42 2681 178 2705 cussam
189 2697 199 2714 ,
224 2669 331 2705 tertio
349 2669 446 2711 loco,
470 2667 587 2716 ign'em
605 2671 798 2718 conspicit,
820 2671 858 2706 iu
871 2671 1016 2718 quibus,
1041 2673 1115 2715 ait,
1138 2685 1206 2708 nou
1223 2681 1301 2708 erat
1316 2672 1460 2706 istorum
1477 2671 1539 2705 do—

41 2715 167 2751 minus.
214 2716 343 2751 Vocem
364 2717 580 2763 postmodum
605 2724 715 2754 aurae
729 2722 866 2754 tenuem
886 2720 985 2755 audit
1005 2724 1042 2754 et
1067 2727 1193 2766 operto
1217 2719 1315 2754 vultu
1334 2719 1379 2752 ad
1399 2717 1539 2764 spelun-

40 2775 105 2797 cae
124 2763 227 2798 limen
247 2769 363 2806 stans,
388 2763 434 2799 de
456 2776 620 2799 accessus
647 2777 752 2801 causa
770 2777 909 2802 rursum
932 2772 1077 2812 rogatur
1093 2773 1130 2801 et
1149 2766 1322 2812 prioribus
1346 2765 1465 2799 eadem
1483 2775 1539 2798 re-

39 2822 170 2856 sponsa
190 2810 312 2846 refert.
361 2811 468 2846 Audit
487 2812 620 2847 demum
637 2812 788 2848 divinam
805 2825 925 2848 vocem
951 2814 996 2848 ad
1011 2814 1176 2848 Damasci
1200 2814 1372 2848 desertum
1391 2810 1556 2856 migrare,

39 2856 236 2899 iubentem,
260 2863 299 2893 et
317 2858 426 2893 Azael
448 2858 485 2892 in
502 2858 771 2906 Syriae’regem
796 2865 834 2895 et
861 2861 1059 2897 Elissaeum
1078 2861 1156 2895 vice
1174 2872 1237 2894 sua
1257 2859 1462 2905 prophetam
1483 2857 1539 2891 su-

38 2908 152 2938 turum
170 2903 352 2951 inungere.
400 2905 564 2941 Virorum
583 2905 728 2953 insuper
747 2907 901 2943 divinum
919 2919 1044 2943 numen
1062 2919 1147 2942 vera
1164 2906 1333 2951 religione
1353 2904 1539 2939 colentium

41 2950 150 2986 millia
168 2958 303 2999 septem
319 2951 357 2987 in
374 2952 484 2989 lsrael
503 2961 690 3001 superesse
706 2954 883 2991 edocetur.
931 2955 989 2990 Ita
1010 2954 1167 2990 eruditus
1184 2952 1249 2987 deo
1267 2957 1412 2987 mentem
1430 2951 1539 2986 omni—
