1800 3236
555 194 1085 244 CHRONOGRAPHIA.
1482 197 1585 244 331

84 309 219 356 αῧτοῦ
252 306 397 365 Φινεές
414 305 739 367 ἄρχιερᾶτευσε,
774 306 881 364 μεθ’
910 306 959 352 ὃν
981 307 1178 364 Ἀβιοῦδ,
1215 304 1305 354 εἶτα
1324 312 1501 367 Mox-932
1520 316 1591 357 καὶ

81 381 187 435 ‘Occi
213 382 283 424 καὶ
300 378 416 423 Ἠλεὶ
446 381 514 423 καὶ
527 377 720 435 Ἀχιτῶβ.
758 377 866 422 ὥστε
885 379 930 422 ἐκ
947 377 1119 423 πάντων
1136 380 1407 436 δείκνυσθαι,
1446 387 1589 440 φησὶν,

87 451 312 509 ἀναγκαῖον
327 449 378 494 τὸ
399 447 632 508 ὖπεξαιρεῖν
655 449 735 500 τὰς
753 453 831 492 τοῦ
848 448 1018 507 Ἰσραὴλ
1033 451 1254 505 δουλείας,
1291 450 1386 508 ἤτοι
1408 452 1487 503 τὰς
1504 459 1589 498 τῶν

86 519 336 580 ἀλλοφύλων
357 516 437 578 ρκ’,
470 521 543 563 ἰ’να
564 520 633 563 καὶ
656 519 702 563 αἱ
717 520 851 578 γενεαὶ
871 517 1127 578 προσφόρως
1146 523 1217 565 καὶ
1238 520 1294 565 τὰ
1312 519 1386 578 υμ’
1406 521 1477 580 ἔτη
1502 523 1583 568 ἀπὸ
1605 532 1649 569 Ρ.
1673 535 1743 572 176

55 595 165 648 ὁτῆς
192 588 340 643 ἐξόδου
358 590 425 634 ἐπὶ
457 589 536 646 τὴν
568 594 645 633 τοῦ
674 593 780 635 ναοῦ
810 590 1074 648 κατασκευὴν
1092 593 1162 635 καὶ
1184 595 1444 648 Σολομῶνα,
1482 595 1592 638 κατὰ

84 659 163 718 τὴν
180 662 329 720 τρίτην
349 663 436 704 τῶν
458 664 697 716 βασιλειῶν,
735 658 1062 718 συναντήσωσιν.
1099 661 1181 720 ε’γῶ
1199 663 1246 707 δὲ
1265 666 1326 725 τῷ
1343 652 1452 725 θείῳ
1462 662 1592 709 Παύ-

86 735 148 793 λῳ
165 733 234 775 καὶ
251 735 304 790 τῇ
321 731 459 790 βίβλῳ
477 734 564 775 τῶν
586 735 738 789 κριτῶν
758 730 924 786 ἕπομαι.

192 801 262 844 Τὰ
296 800 406 845 κατὰ
427 800 678 859 Ἀφρικανὸν
708 800 792 845 ἀπὸ
821 800 957 857 Ἀδὰμ
985 801 1064 854 ἕως
1081 801 1228 854 τέλους
1245 806 1331 847 τῶν
1349 807 1502 863 κριτῶν
1520 808 1591 849 καὶ

85 863 219 930 ἀρχῆς
231 869 348 915 ‘HM
364 874 442 914 τοῦ
462 871 601 928 ἱερέως
619 871 690 927 ξ’τη
709 865 865 931 ,δσιῖβᾌ
902 874 1012 915 κατὰ
1030 873 1076 917 δὲ
1093 872 1299 929 Εὗσὲβιον
1314 875 1390 919 τὸν
1406 878 1592 934 Παμφί-

27 950 73 984 10
86 946 162 985 λου
185 940 312 1002 staff,
331 941 438 985 κατὰ
459 941 594 997 δὲτὴν
613 942 767 1002 ἀκριβῆ
785 943 854 985 καὶ
871 941 1134 1000 εὖαγγελικὴν
1147 941 1382 1002 παράδοσιν
1402 947 1471 989 καὶ
1493 944 1591 991 τόδε

84 1012 135 1056 τὸ
150 1017 482 1070 χρονογραφεΐον
496 1010 641 1072 ’ὃτνβῖ
678 1011 734 1054 τὰ
752 1012 798 1055 δὲ
813 1010 877 1055 υν’
898 1011 970 1069 ἔτη
983 1019 1067 1059 τῶν
1086 1018 1239 1071 κριτῶν
1257 1015 1367 1059 κατὰ
1376 1015 1450 1059 τὸν
1466 1021 1628 1062 θεῖονΒ

82 1080 320 1126 ἀπόστολον
338 1080 421 1125 ἀπὸ
433 1085 508 1126 τοῦ
522 1079 654 1142 ‘y‘mff
665 1081 784 1133 ἔτους
797 1086 873 1126 τοῦ
884 1080 1045 1141 κόσμου
1058 1086 1122 1128 ἐπὶ
1134 1084 1183 1128 τὸ
1196 1089 1365 1143 πρῶτον
1376 1084 1592 1138 ξ’τοςἩλεὶ

82 1156 329 1211 πληροῦται,
356 1149 450 1202 ἑνὸς
468 1152 587 1202 ἔτους
604 1150 945 1208 ὑπολειπομένου.
984 1153 1086 1214 ὅπερ
1098 1155 1351 1214 Ἀφρικανὸς
1369 1156 1444 1201 τὸν
1457 1158 1590 1214 Σεμέ-

82 1239 164 1281 γαρ
184 1221 286 1280 λέγει
306 1225 512 1280 κρατῆσαι
533 1222 606 1266 τόν
621 1223 790 1280 Ἰσραὴλ
809 1228 888 1280 τῆς
908 1231 1077 1283 γραφῆς
1101 1225 1178 1270 οὐκ
1199 1224 1396 1283 εἷποῦσης
1413 1226 1584 1286 χρόνον.

26 1300 72 1336 15
113 1290 229 1337 Ἠλεὶ
260 1292 391 1351 ἱερεῦς
418 1290 605 1349 ἡγήσατο
626 1297 702 1337 τοῦ
722 1294 889 1351 Ἰσραὴλ
917 1294 988 1352 ἔτη
1009 1295 1047 1340 κ’
1067 1296 1175 1340 κατὰ
1191 1297 1292 1349 τούς
1309 1294 1345 1340 ο’
1354 1330 1369 1351 ,
1409 1298 1519 1342 κατὰ
1540 1300 1587 1343 δὲ
1610 1305 1655 1341 V.
1681 1303 1747 1344 141

220 1362 271 1407 τὸ
294 1361 516 1421 Ἑβραΐκὸν
527 1396 541 1418 ,
580 1357 615 1423 ᾧ
637 1365 706 1407 καὶ
727 1364 932 1421 Εὐσέβιος
959 1365 1273 1424 ἠκολούθησεν,
1312 1366 1384 1424 ἴτη
1407 1366 1481 1423 μ’,
1518 1372 1590 1413 καὶ

222 1433 300 1490 οὐχ
322 1431 455 1484 οὕτως
475 1433 831 1490 ἐπαγγειλάμενος.
868 1439 945 1479 τοῦ
971 1438 1018 1480 δὲ
1037 1435 1197 1493 κόσμου
1219 1433 1272 1494 ἦν
1290 1437 1383 1488 {tog
1399 1436 1514 1498 ῥῖν’.
1592 1454 1625 1489 c

188 1501 526 1559 Τελευτήσαντος
549 1501 665 1547 Ἠλεὶ
695 1509 771 1548 τοῦ
802 1504 987 1563 ἱερέωςῆ
1014 1507 1192 1562 κιβωτὸς
1219 1505 1302 1551 ὑπὸ
1322 1506 1590 1567 ἀλλοφύλους

80 1574 259 1632 γΙνεται,
295 1574 365 1617 καὶ
382 1573 491 1629 μετὰ
511 1579 649 1618 ταῦτα
671 1574 814 1632 ἄγεται
833 1578 890 1626 εἰς
911 1574 1025 1621 οἶκον
1035 1577 1275 1634 Ἀμιναδάμ
1291 1576 1364 1635 ἴτη
1384 1576 1436 1623 κ’.

177 1664 211 1698 1.
237 1659 521 1708 ἅρχιεροῖτευσεν
538 1663 582 1698 A.
609 1660 899 1711 ἀρχιερατεύσας
921 1665 971 1699 G.
1083 1666 1122 1704 3.
1145 1663 1377 1712 ὖπεξαιρεῖν]
1403 1661 1589 1712 §maagal-

174 1722 255 1755 ρειν
285 1713 328 1745 Α.
359 1706 580 1756 ὕφεξαίρειν
603 1711 650 1745 G.
758 1710 793 1748 4.
817 1711 895 1757 υμ’]
921 1709 987 1748 υπς’
1008 1723 1053 1748 ιιι.
1167 1715 1205 1752 5.
1228 1712 1291 1750 ἐπὶ
1306 1715 1351 1749 Α.
1373 1712 1444 1755 ἕως
1466 1714 1515 1749 G.

175 1759 211 1794 7.
236 1757 352 1815 βίβλῳ
370 1759 448 1794 τῶν
468 1759 605 1813 κριτῷν
623 1758 665 1792 Α.
690 1760 768 1795 τῶν
784 1761 923 1805 κριτῶν
944 1759 1061 1808 βίβλῳ
1073 1759 1123 1798 G.
1236 1763 1296 1798 11.
1319 1761 1435 1807 Vulgo
1453 1773 1588 1807 χρονο-

175 1817 354 1852 γραφιον.
482 1807 549 1841 δτν
583 1816 628 1839 ιιι.
748 1808 805 1843 12.
839 1807 954 1852 Vulgo
980 1808 1065 1843 Ηλί.
1192 1809 1252 1846 13.
1276 1803 1393 1854 ὅπερ]
1427 1805 1449 1845 ὃ
1477 1806 1518 1844 δὲ
1540 1819 1587 1843 m.

186 1859 202 1909 3'
245 1851 429 1898 Σεμέγαρ]
455 1840 569 1899 Vulgo
590 1853 708 1897 Σεμεῒ
723 1853 809 1900 γάρ.
840 1851 1021 1903 Σαμεγᾶρ
1043 1867 1090 1892 ιιι.
1197 1857 1258 1895 19.
1279 1851 1520 1903 ἀλλοφύλους
1540 1856 1586 1891 Α.

174 1900 397 1947 αλλοφύλων
418 1901 465 1934 G.
557 1901 616 1936 20.
638 1900 837 1950 Αμιναδάβ
852 1913 897 1937 ιιι.

83 1973 249 2010 tificatum
269 1975 421 2011 obtinuit
438 1975 612 2018 Phinees‚
635 1973 694 2009 cui
719 1973 890 2008 successit
905 1971 1023 2008 Abiud
1032 1990 1050 2016 ,-
1067 1971 1195 2008 deinde
1209 1968 1388 2017 Mochtei,
1410 1975 1483 2008 tum
1502 1972 1587 2016 Ozi,

81 2033 160 2056 mox
183 2022 265 2057 Heli
295 2028 332 2057 et
350 2023 525 2066 Achit0b3
551 2022 638 2058 adeo
666 2026 725 2063 ut,
749 2020 886 2066 inquit,
913 2019 1023 2054 Israel
1049 2020 1258 2063 servitutes,
1281 2021 1348 2056 hoc
1380 2023 1435 2055 est
1461 2020 1587 2056 alieni-

81 2080 249 2114 genarum
264 2069 410 2116 imperia
430 2081 597 2105 annorum
613 2068 743 2114 viginti
764 2078 873 2114 supra
890 2072 1028 2102 centum
1045 2067 1327 2103 demonstrentur
1346 2068 1586 2110 subducenda,

81 2122 123 2150 ut
141 2123 215 2150 tum
231 2118 477 2162 generationes
495 2117 698 2163 praefatae,
722 2126 798 2150 cum
815 2115 921 2149 etiam
937 2114 1020 2150 anui
1043 2112 1118 2151 480
1131 2114 1176 2149 ab
1192 2114 1348 2161 Aegypti
1365 2115 1523 2150 discessu
1539 2115 1586 2150 ad

82 2163 298 2199 Salomonem
326 2176 458 2210 usque,
483 2169 520 2199 et
545 2163 664 2210 templi
693 2162 871 2197 conditum
898 2161 1098 2207 Regnorum
1122 2161 1212 2196 libro
1236 2162 1344 2197 tertio
1371 2162 1587 2209 descriptum

78 2210 284 2246 numerandi
314 2215 546 2257 congruenter
571 2216 608 2246 et
633 2222 676 2245 ex
704 2209 809 2255 aequi
834 2219 955 2243 norma
986 2208 1032 2244 ad
1059 2208 1208 2244 invicem
1240 2208 1310 2243 sibi
1327 2215 1586 2256 comparentur.

81 2257 162 2303 Ego
189 2269 274 2293 vero
302 2258 414 2293 divini
429 2258 531 2294 Pauli
557 2257 788 2303 Indicumque
817 2255 899 2291 libri
929 2255 1175 2291 auctoritatem
1198 2260 1371 2304 sequutus
1397 2258 1583 2293 adversam

80 2309 182 2339 tueor
201 2305 418 2340 sententiam.
1288 2309 1294 2314 '

171 2352 227 2386 Ab
249 2352 380 2387 Adamo
398 2363 510 2398 usque
532 2351 578 2387 ad
596 2350 747 2386 iudicum
766 2351 962 2396 postremos
978 2347 1067 2384 fines
1086 2351 1125 2384 et
1143 2349 1190 2385 ab
1206 2349 1290 2385 Heli
1315 2350 1498 2386 sacerdote
1518 2361 1584 2397 po-

80 2400 245 2432 testatem
264 2398 305 2433 in
327 2399 489 2445 populum
509 2398 699 2433 exercitam
719 2409 764 2432 ex
781 2395 940 2431 Africani
957 2401 1120 2443 computo
1137 2397 1220 2432 anni
1239 2397 1452 2444 colliguntur
1474 2397 1582 2440 4292,

80 2444 256 2480 Eusebius
276 2446 449 2492 Pamphili
467 2444 562 2482 4044
585 2449 726 2486 censet;
750 2455 795 2478 ex
824 2442 994 2478 fidelioris
1019 2455 1105 2478 vero
1135 2444 1321 2480 rationarii
1347 2449 1384 2479 et
1409 2445 1582 2490 evangelii

81 2503 199 2526 norma
217 2492 554 2538 chronographicum
572 2492 680 2526 hocce
694 2490 895 2526 laterculum
910 2489 1006 2527 4350
1022 2491 1250 2526 numerandos
1267 2491 1437 2527 decernit.
1473 2492 1586 2526 Porro

80 2538 232 2573 iudicum
248 2540 327 2574 anni
344 2541 414 2576 450
433 2551 456 2574 a
472 2539 590 2574 divino
609 2538 767 2584 apostolo
783 2536 910 2572 statuti
925 2538 972 2573 ab
987 2550 1077 2573 anno
1094 2539 1227 2574 conditi
1245 2539 1340 2574 orbis
1350 2541 1445 2576 3902
1458 2539 1503 2573 ad
1523 2550 1586 2573 an-

81 2597 164 2620 num
181 2586 263 2621 Heli
287 2587 453 2633 primum,
478 2585 508 2620 si
540 2590 656 2620 tamen
691 2596 813 2626 imum,
838 2583 900 2631 qui
929 2586 1092 2628 excedit,
1118 2586 1360 2628 subtraxeris,
1393 2585 1587 2631 explentur.

81 2633 232 2678 Samgar
255 2633 292 2668 in
315 2633 424 2668 lsrael
447 2632 575 2667 iudicis
601 2632 719 2667 officio
748 2632 904 2667 functum
928 2633 1055 2668 scribit
1075 2633 1282 2676 Africanus,
1305 2632 1482 2678 scriptura
1506 2631 1585 2667 nul-

82 2678 151 2714 lum
174 2681 207 2714 ei
219 2681 414 2726 potestatis
429 2680 580 2726 spatium
599 2679 815 2724 assignante.

130 2726 211 2762 Heli
227 2728 391 2763 sacerdos
418 2738 462 2762 ex
490 2726 714 2772 septuaginta
733 2727 969 2773 Interpretum
994 2726 1098 2762 dictis
1119 2727 1374 2773 praefecturam
1390 2725 1500 2760 Israel
1527 2736 1585 2760 as·

198 2775 357 2821 sequitur
384 2773 486 2809 annis
509 2775 579 2815 20,
601 2773 701 2808 iuxta
727 2773 937 2809 Hebraicam
964 2786 1049 2809 vero
1082 2774 1252 2815 litteram,
1278 2784 1380 2820 quam
1408 2772 1584 2806 Eusebius

197 2822 406 2904 contrgrium
423 2820 528 2856 etiam
544 2819 720 2868 pollicitus
732 2820 964 2867 amplectitur,
986 2820 1087 2857 annis
1103 2819 1171 2865 403
1195 2826 1273 2857 erat
1288 2831 1374 2855 vero
1389 2819 1506 2854 mundi
1521 2830 1584 2855 an-

201 2879 266 2902 nus
313 2870 395 2905 350.
631 2892 651 2905 2.
834 2904 837 2907 ,

174 2915 258 2950 Heli
277 2915 466 2950 sacerdote
484 2913 650 2960 defuncto
665 2914 704 2953 in
722 2913 992 2961 alienigenarum
1010 2925 1130 2951 manus
1153 2925 1236 2951 arca
1252 2913 1383 2951 labitur
1404 2915 1444 2951 et
1466 2911 1504 2950 in
1519 2913 1583 2950 do-

81 2972 170 2997 mum
191 2961 379 2998 Aminadab
400 2961 614 3008 postmodum
634 2962 817 2998 reducitur
833 2961 933 2998 annis
951 2963 1008 3000 20.
