1754 3236
203 200 270 249 66
657 194 910 248 GEORGII
938 200 1226 248 SYNCELLI

313 319 464 360 Ταῦτα
492 315 702 366 Ἀννιανὸς
731 314 795 358 ε’πὶ
825 311 973 366 λέξεώς
994 331 1097 371 φησι
1122 308 1393 371 μεμφόμενος
1412 310 1619 368 Εὖσὲβιον
1642 311 1716 356 τὸν

193 389 436 445 ’Παμφίλου
470 387 639 437 δικαίως
671 387 763 444 περὶ
782 390 858 442 τῆς
877 382 1165 443 παραλήψεως
1183 387 1267 427 τῶν
1289 381 1365 434 σθ’
1386 383 1504 427 ἐτῶν.
1544 383 1718 442 συνῳδὰ

205 460 252 503 δὲ
281 458 396 517 αὐτῷ
430 459 499 501 καὶ
526 455 789 514 Πανόδιορος
820 457 914 514 περὶ
944 453 1108 499 τούτων
1138 455 1321 511 ἐγκαλεῖ,
1361 447 1410 497 οὗ
1444 453 1521 504 τὰς
1546 452 1719 512 χρήσεις

160 528 162 534 ’
205 530 298 588 περὶ
325 526 476 573 τούτου
507 528 713 586 παρέλκον
748 524 968 583 ἡγούμεθα
998 525 1293 583 παραθέσθαι.
1343 523 1452 580 πλὴν
1484 526 1553 567 καὶ
1582 524 1718 567 Εὐσέ-

203 605 297 656 βιος
329 600 397 642 καὶ
422 595 654 655 Ἰώσηππος
684 598 752 640 καὶ
774 596 893 640 ἄλλοι
925 598 1015 654 περὶ
1044 599 1119 652 τῆς
1140 599 1226 639 τῶν
1246 596 1481 638 Χαλδαίων
1498 596 1747 649 βασιλειάςὸ

206 670 405 728 ἱστορικοὶ
426 670 644 727 φαίνονται
661 668 846 725 λέγοντες
867 665 928 710 ὅτι
948 666 1028 725 πρὸ
1052 670 1127 710 τοῦ
1149 669 1449 721 κατακλυσμοῦ
1475 666 1718 721 ἐβασίλευον

205 739 396 796 ἑπόμενοι
420 737 678 799 Ἀλεξάνδρῳ
708 742 767 797 τῷ
795 741 1055 796 Πολυΐστορι
1084 738 1154 780 καὶ
1177 737 1396 797 Ἀβυδηνῷ
1416 737 1486 780 καὶ
1510 736 1718 780 Ἀπολλο-

205 809 328 870 δώρῳ
358 811 567 866 μηδεμίαν
590 809 751 866 ἔχοντες
771 808 969 866 ἀφορμὴν
995 810 1039 851 ἐκ
1059 812 1145 851 τῶν
1164 811 1294 852 θειῶν
1313 810 1502 866 γραφῶν.
1552 805 1615 850 ὅτι
1636 806 1717 865 γὰρ

207 882 312 938 μετὰ
353 881 427 925 τὸν
457 879 750 935 κατακλυσμὸν
787 880 1125 937 διαμερισθέντες
1153 878 1230 935 τὴν
1257 877 1502 934 οἰκουμένην
1533 877 1575 921 οἳ
1606 885 1720 936 τρεῖς

68 967 114 1003 Ρ,
138 966 184 1004 37
208 953 291 996 υἱοὶ
323 955 421 995 Νῶε
449 949 573 994 πάλιν
601 952 666 994 ἐπὶ
696 949 772 1006 τὴν
803 950 1011 1006 ἀνατολὴν
1041 952 1084 1001 ἐξ
1106 949 1246 993 αὐτῶν
1279 948 1482 1007 ὥρμησαν
1506 948 1714 1002 κάκεῖθεν,
1731 957 1754 993 1-

209 1022 266 1075 ὥς
295 1038 421 1081 φησιν
449 1020 475 1079 ἦ
498 1021 638 1080 γραφὴ
659 1021 756 1063 κατ’
783 1019 1048 1077 ἔπανάληψίν
1071 1038 1179 1075 τινα,
1217 1020 1324 1076 μετὰ
1347 1019 1422 1063 τὸν
1444 1019 1720 1077 διαμερισμὸν

209 1095 278 1138 καὶ
305 1094 382 1145 τὰς
405 1091 607 1150 γεννήσεις
629 1091 769 1135 αὐτῶν
799 1086 937 1148 ἦλθον
959 1093 1001 1134 ἐν
1024 1095 1075 1149 γῇ
1102 1091 1292 1149 Σεναὰρ,
1329 1089 1422 1148 η’τις
1456 1091 1543 1133 ἐστὶ
1566 1093 1718 1146 Βαβυ-

208 1164 307 1218 λιὺν,
348 1163 369 1208 ὃ
394 1161 657 1221 ἑρμηνεύεται
679 1160 889 1219 σύγχυσις,
927 1162 996 1205 διὰ
1016 1161 1062 1205 τὸ
1083 1160 1367 1219 συγκεχύσθαι
1386 1162 1471 1205 ἐκεῖ
1485 1160 1562 1212 τὰς
1580 1159 1719 1219 γλώσ-

209 1251 290 1286 σας
308 1239 394 1279 τῶν
417 1234 490 1277 τὸν
507 1232 664 1292 πύργον
688 1231 1021 1289 οἷκοδομούντων
1032 1267 1046 1286 ,
1087 1232 1313 1276 ἀκουστέον
1332 1235 1497 1291 τρανῶς
1515 1236 1592 1289 τῆς
1610 1249 1712 1291 γρα-

211 1310 297 1365 φῆς
333 1303 533 1362 λεγούσης
562 1306 665 1358 „zai
700 1304 853 1361 ἐγένετο
886 1305 928 1347 ἓν
948 1308 1008 1364 τῷ
1027 1308 1191 1360 κινῆσαι
1213 1304 1368 1355 αὐτοὺς
1387 1301 1468 1346 ἀπὸ
1499 1301 1749 1347 ἀνατολῶν1

210 1370 332 1435 εὗρον
361 1377 502 1419 πεδίον
533 1376 576 1419 ἓν
610 1379 661 1432 γῇ
691 1374 878 1433 Σεναὰρ,
919 1376 987 1417 καὶ
1019 1372 1270 1434 κατῴκησαν
1300 1376 1393 1418 ἐκεῖ.
1450 1375 1519 1417 καὶ
1552 1372 1661 1418 εἶπεν
1694 1371 1717 1418 ὃ

209 1446 440 1505 ἄνθρωπος
459 1450 518 1505 τῷ
540 1447 730 1502 πλησίον,
767 1448 898 1499 δεῦτε,
928 1443 1246 1502 πλινθεύσωμεν
1269 1447 1477 1495 πλίνθους
1496 1446 1564 1488 καὶ
1585 1442 1719 1502 ὀπτή-

209 1532 349 1572 σωμεν
387 1515 520 1566 αὐτὰς
550 1516 702 1574 πυρί.”
746 1518 818 1559 ’καὶ
844 1516 942 1572 μετ’
979 1516 1116 1573 ὀλίγον
1151 1517 1265 1570 ,,καὶ
1307 1517 1531 1573 διέσπειρεν
1564 1515 1720 1567 αὖτοὺς

209 1585 351 1645 κύριος
377 1587 535 1630 ἐκεῖθεν
556 1588 622 1630 ἐπὶ
643 1583 867 1644 πρόσωπον
891 1591 967 1643 τῆς
994 1591 1068 1643 γῆς
1090 1588 1157 1630 καὶ
1179 1585 1417 1631 ἐπαύσαντο
1443 1588 1719 1642 οἰκοδομοῦν-

171 1667 278 1708 Βτες
300 1658 376 1714 τὴν
399 1655 519 1700 πόλιν
539 1659 607 1700 καὶ
628 1657 700 1701 τὸν
718 1655 889 1715 πύργον.
928 1657 998 1700 διὰ
1019 1662 1144 1701 τοῦτο
1167 1656 1328 1715 ἐκλήθη
1356 1658 1404 1702 τὸ
1430 1657 1564 1713 ὄνομα
1585 1658 1754 1714 αὖτῆς2ἰ

210 1727 457 1787 Σ’ύγχυσις.”
494 1726 690 1786 σύγχυσις
717 1729 763 1772 δὲ
783 1727 996 1785 Βαβυλών
1029 1726 1295 1787 ἑρμηνεύεται
1307 1727 1536 1788 Ἑβραὶστί.
1574 1731 1718 1788 προεί-

306 1829 338 1864 1.
359 1824 563 1873 Ἀννιοινὸς]
589 1826 766 1870 Αἰνιάνος
788 1828 907 1875 vulgo.
925 1826 1108 1870 Αννιάνος
1124 1840 1170 1872 m.
1264 1830 1298 1866 3.
1326 1827 1391 1866 καὶ
1408 1826 1657 1875 παννόδωρος
1673 1831 1715 1865 Α.

245 1911 249 1914 ,
306 1874 327 1912 ὁ
352 1874 585 1922 Πανόδωρος
608 1877 656 1912 Gr.
751 1877 785 1912 7.
812 1878 996 1925 Αβυδηνῷ
1014 1889 1056 1911 m·
1082 1877 1257 1924 Αβυδινῷ
1278 1877 1326 1911 G.
1397 1879 1432 1914 9.
1459 1879 1512 1918 εἰς
1533 1877 1603 1922 τήν
1622 1890 1665 1912 m.

307 1925 363 1959 12.
390 1923 531 1968 σεναοὶρ
551 1926 593 1959 A.
618 1922 794 1970 Σενναοὲρ
814 1925 860 1958 G.
948 1925 1124 1974 βαβυλῶν
1144 1926 1187 1967 Α,
1214 1930 1253 1960 ut
1275 1924 1374 1960 solet.
1467 1928 1523 1961 14.
1548 1927 1715 1972 γραφῆς]

306 1971 440 2006 Genes.
467 1972 540 2014 xl,
572 1973 607 2007 2.
712 1974 768 2009 16.
795 1971 934 2019 σεναοῖρ
962 1975 1006 2008 Α.
1041 1970 1218 2018 Σενναᾶρ
1249 1973 1297 2007 G.
1412 1969 1432 2009 ὁ
1471 1973 1551 2008 add.
1578 1975 1619 2008 A.

306 2019 365 2055 17.
400 2021 558 2065 πλησίον
582 2021 623 2055 Α.
647 2020 790 2068 πλησίῳ
810 2021 858 2056 G.
942 2058 946 2063 .
971 2020 1260 2065 πλινθεύσωμεν
1289 2020 1333 2054 A.
1358 2019 1636 2068 πλινθεύσομεν
1666 2022 1715 2057 G.

378 2067 435 2102 18.
464 2065 583 2111 αὐτάς
603 2069 644 2103 Α.
672 2066 814 2110 αὐτούς
833 2069 881 2105 Gr.
977 2070 1034 2104 20.
1060 2067 1181 2115 αὐτῆς
1197 2070 1238 2103 Α.
1264 2065 1387 2104 αὐτοῦ
1409 2069 1456 2103 G.

307 2146 405 2183 Haec
433 2148 478 2183 ad
502 2150 645 2184 verbum
663 2150 843 2185 Annianus
860 2150 1054 2185 Eusebium
1078 2150 1248 2197 Pamphili
1275 2152 1346 2187 290
1364 2163 1528 2186 annorum
1556 2151 1716 2187 omissio-

211 2193 267 2229 nis
281 2194 441 2230 incusans
459 2197 593 2232 scribit.
629 2197 684 2231 De
702 2197 925 2232 his'consona
940 2198 1011 2244 ipsi
1026 2210 1113 2233 voce
1134 2199 1358 2244 conqueritur
1380 2199 1597 2242 Panodorus‚
1616 2200 1715 2234 cuius

212 2241 308 2276 dicta
330 2242 366 2276 in
380 2243 527 2278 medium
547 2245 705 2290 proferre
729 2257 750 2280 a
771 2246 954 2291 proposito
985 2245 1140 2281 ducimus
1160 2246 1318 2281 alienum.
1370 2246 1498 2281 Verum
1518 2246 1608 2281 enim
1630 2259 1715 2282 vero

211 2289 387 2324 Eusebius
412 2295 448 2325 et
468 2291 634 2337 Iosephus
661 2295 698 2327 et
723 2292 783 2327 alii
812 2293 1083 2328 Chaldaicarum
1108 2305 1224 2329 rerum
1251 2295 1441 2340 scriptores
1477 2294 1715 2329 Alexandrum

209 2335 485 2381 Polyhistorem,
518 2339 721 2385 Abydenum
754 2343 790 2374 et
817 2340 1063 2386 Apollodorum
1090 2340 1181 2376 nullo
1218 2347 1363 2388 accepto
1391 2340 1520 2376 divinis
1547 2353 1591 2376 ex
1623 2341 1716 2376 scri-

212 2383 326 2428 pturis
352 2385 549 2420 testimonio
578 2386 741 2433 sequuti,
778 2387 974 2422 Chaldaeos
1004 2393 1085 2424 ante
1117 2388 1285 2424 diluvium
1311 2388 1489 2434 antiquum
1517 2389 1716 2424 exercuisse

209 2429 392 2476 imperium
419 2432 486 2467 visi
514 2439 597 2468 sunt
626 2445 794 2469 asserere.
843 2435 1042 2471 Praeterito
1062 2436 1196 2482 quippe
1223 2436 1354 2471 diluvio
1378 2436 1484 2471 divisi
1506 2448 1569 2482 per
1597 2437 1716 2471 orbem

210 2477 411 2514 universum
428 2479 508 2514 Noe
535 2480 600 2515 filii
623 2484 720 2525 tres,
755 2482 903 2517 desertis
931 2495 1017 2529 quas
1044 2489 1303 2529 occupaverant
1331 2484 1460 2526 terris,
1485 2483 1521 2518 in
1548 2484 1717 2518 orientem

210 2524 340 2559 iterato
362 2525 649 2572 commigrarunt3
673 2528 755 2564 inde
773 2542 877 2573 vero,
902 2534 1008 2577 prout
1026 2531 1174 2577 quadam
1202 2531 1436 2577 resumptione
1455 2535 1608 2566 testatur
1627 2530 1716 2565 scri-

211 2575 338 2617 ptura,
363 2577 444 2619 post
466 2574 561 2608 orbis
579 2575 712 2611 divisas
729 2577 890 2623 regiones
910 2590 951 2613 ac
976 2582 1204 2625 propagatam
1233 2576 1385 2614 sobolem
1398 2605 1408 2624 ‚
1435 2579 1472 2613 in
1498 2584 1627 2612 terram
1648 2578 1716 2613 Se-

211 2627 309 2663 naar,
329 2631 418 2666 quae
436 2620 591 2667 Babylon
608 2627 674 2666 est,
691 2628 727 2658 et
742 2624 926 2670 exponitur
946 2626 1116 2667 confusio,
1141 2626 1235 2672 quod
1251 2626 1299 2661 ibi
1317 2626 1438 2661 turrim
1457 2625 1717 2661 aedificantium

210 2666 375 2702 confusae
402 2673 483 2703 sunt
506 2668 668 2714 linguae,
694 2677 943 2706 convenerunt.
993 2674 1121 2708 Verum
1139 2673 1351 2708 attendenda
1369 2673 1481 2720 ipsius
1515 2673 1717 2721 scripturae

209 2714 328 2751 verba.
377 2714 429 2750 Et
447 2716 577 2750 factum
606 2722 660 2752 est
688 2730 763 2752 cum
787 2719 1092 2764 proficiscerentur
1122 2720 1167 2755 de
1197 2721 1355 2764 oriente,
1378 2721 1592 2755 invenerunt
1622 2731 1717 2754 cam-

210 2771 291 2807 pum
321 2762 358 2796 in
392 2765 489 2798 terra
506 2763 641 2800 Senaar
665 2767 701 2799 et
728 2765 977 2801 habitaverunt
1006 2768 1042 2802 in
1069 2779 1122 2803 eo.
1171 2768 1343 2814 Dixitque
1368 2767 1422 2803 vir
1454 2767 1497 2801 ad
1522 2767 1716 2814 proximum

210 2819 329 2843 suumz
353 2809 520 2853 „venite,
543 2810 710 2847 faciamus
731 2812 859 2848 lateres
880 2817 917 2848 et
939 2826 1127 2860 coquamus
1146 2827 1206 2850 eos
1231 2814 1343 2861 igni.”
1393 2814 1445 2849 Et
1468 2814 1590 2861 paucis
1616 2814 1717 2849 adie-

210 2854 288 2890 ctis.
313 2855 387 2898 „Et
404 2856 573 2904 dispersit
587 2858 666 2893 illos
680 2859 836 2894 dominus
846 2872 889 2895 ex
907 2873 948 2895 eo
967 2861 1043 2896 loco
1063 2873 1172 2907 super
1193 2863 1319 2898 faciem
1337 2865 1465 2897 terrae.
1491 2861 1541 2896 Et
1551 2873 1716 2897 cessave—

207 2906 289 2936 runt
305 2903 492 2939 aedificare
510 2905 688 2941 civitatem
708 2912 745 2941 et
764 2907 898 2942 turrim.
925 2908 975 2942 Et
991 2908 1123 2943 idcirco
1136 2915 1297 2945 vocatum
1317 2913 1371 2944 est
1391 2920 1513 2944 nomen
1533 2908 1607 2943 eius
1621 2910 1717 2943 Con-

206 2948 335 2985 fusio.”
375 2951 543 2987 Confusio
561 2965 708 3000 namque
728 2954 886 3001 Babylon
905 2956 1082 2993 Hebraice
1101 2955 1240 2992 dicitur.
1288 2957 1399 2993 Paulo
1418 2956 1581 3004 superius
1599 2959 1716 2992 aute'm
