1800 3236
214 163 319 220 308
693 178 951 224 GEORGII
979 179 1266 226 SYNCELLI

321 283 516 347 Θάμυρις
538 286 573 333 ὃ.
588 286 873 346 Φιλάμμωνος
893 288 1062 348 ἤκμαζε.

322 360 475 410 Μίνως
495 358 856 418 ε’θαλασσοκράτει
886 362 956 412 καὶ
984 361 1151 419 Κρησὶν
1169 358 1228 411 ὥς
1253 361 1367 418 παρὰ
1393 361 1501 413 Διὸς
1521 361 1724 418 {rouo-‘h'-

214 446 297 482 τει,
331 430 514 485 ’κομίζων
545 430 646 480 τοὺς
668 427 824 485 νόμους
842 431 886 481 ἐξ
907 429 1063 488 ἄντρου
1085 435 1160 474 τοῦ
1182 432 1224 474 ἔν
1246 432 1401 491 τῇἿὸῃ
1421 432 1491 475 διὰ
1514 435 1725 490 ε’ννεαετη-

215 501 331 557 ρίὸος
340 533 354 553 ,
394 498 494 557 ὅπερ
516 497 538 543 ὁ
560 497 747 543 Πλάτων
766 501 809 543 ἓν
828 507 919 551 τοῖς
937 499 1102 556 Νόμοις
1121 500 1283 558 ἐλέγχει.

314 567 526 628 ἸΙρακλῆς
556 570 656 620 τοὺς
688 569 852 620 ἄθλους
886 569 1010 614 ἐτέλει
1040 572 1108 614 καὶ
1130 571 1320 616 Ἀνταῖον
1353 571 1396 616 ἒν
1414 569 1568 631 Λιβύῃ
1588 580 1754 616 κατα-5

213 641 425 690 παλαίσας
457 640 620 698 ἀναιρεῖ
647 639 721 683 τὸν
741 637 959 697 λεγόμενον
978 645 1147 698 γηγενῆ,
1187 642 1258 686 διὰ
1277 642 1323 686 τὸ
1346 641 1602 699 ἐπιστήμονα
1624 641 1726 687 εἶναι

174 709 289 754 Βτὸν
320 707 536 766 λεγόμενον
561 709 678 768 παρὰ
696 717 784 761 τοῖς
813 715 1066 762 παλαισταῖς
1089 709 1247 769 τρόπον
1266 714 1427 769 χαμαὶ,
1468 711 1526 764 ὥς
1545 713 1629 756 ἀπὸ
1649 718 1727 770 τῆς

212 780 375 838 μητρὸς
391 785 465 837 γῆς
483 784 746 837 βοηθεῖσθαι
770 782 919 835 δοκεῖν,
946 780 993 825 ὃν
1007 780 1219 839 εΗρακλῆς
1238 783 1409 842 ἰσχυρὸς
1430 782 1488 827 ὢν
1510 783 1570 840 μὴ
1590 800 1725 841 προσ-

213 852 392 907 δεηθεὶς,
410 848 547 903 ζώσας
573 851 647 894 τὸν
672 850 864 895 Ἀνταῖον
896 859 984 903 τοῖς
1021 850 1187 908 ἅμμασι
1217 856 1285 897 καὶ
1304 855 1560 912 μετεωρίσας
1580 855 1724 910 διεχει-

213 921 374 979 ρίσατο.
855 978 857 981 .
1736 932 1782 967 10

319 990 411 1047 Τὴν
437 989 483 1033 δὲ
511 989 674 1047 ’Ύὸραν
701 990 750 1035 τὸ
773 989 1064 1048 μυθευόμενον
1097 994 1201 1046 ζῶον
1222 991 1244 1037 ὃ
1267 990 1455 1038 Πλάτων
1473 993 1724 1053 σοφίστριαν

212 1060 337 1118 λέγει,
375 1060 433 1104 δι’
455 1059 506 1116 ἣν
532 1058 552 1104 ὅ
574 1061 702 1112 αὐτὸς
716 1059 929 1118 ἹῚρακλῆς
947 1063 994 1106 τὸ
1005 1062 1131 1106 Ἴλιον
1149 1061 1377 1124 ἐπόρθησε.

314 1128 491 1187 Μήδεια
516 1133 675 1187 Κολχὶς
697 1130 955 1191 ἀνεχώρησεν
976 1133 1156 1190 Αἰγέως.

315 1199 512 1256 Πόλεμος
540 1200 797 1261 Κενταύρων
827 1205 896 1246 καὶ
927 1206 1165 1247 Λαπιθῶν.
1202 1202 1440 1260 Κένταυροι
1475 1202 1521 1246 δὲ
1554 1204 1723 1247 Θεσσα-

175 1275 302 1317 cmv
320 1266 428 1328 ἦσαν
447 1271 582 1322 ἱππεῖς
601 1271 778 1330 ἄριστοι,
801 1271 858 1324 ὥς
876 1290 979 1332 φησι
994 1267 1331 1333 Παλαίφατοςέν
1352 1271 1498 1334 πρώτῃ
1517 1273 1718 1318 ἀπίστων.
1734 1284 1780 1320 15

320 1341 373 1385 Οἳ
394 1339 499 1385 ἑπτὰ
520 1343 583 1384 ἐπὶ
615 1341 766 1398 Θήβας
787 1342 1082 1403 ἐστράτευσαν.

317 1412 386 1455 Τὰ
411 1413 503 1468 περὶ
522 1411 595 1456 τὸν
616 1411 928 1471 ΖΙἸινώταυρον,
969 1412 1025 1465 ὥς
1043 1415 1120 1471 μὲν
1141 1413 1163 1458 ὃ
1185 1418 1352 1470 μῦθος,
1391 1413 1455 1458 ὅτι
1477 1413 1529 1472 δὴ
1552 1414 1598 1457 ἐκ
1615 1411 1722 1457 ταύ-

212 1499 288 1539 ρου
312 1486 388 1526 τοῦ
425 1480 529 1535 ζώου
550 1485 618 1526 καὶ
638 1482 872 1542 Πασιφάης
893 1482 1080 1543 μιξόθηρ
1102 1486 1257 1543 ἐγένετο
1280 1487 1348 1528 καὶ
1369 1485 1443 1529 τὸν
1465 1484 1571 1542 παρ’
1586 1484 1722 1540 Ἀθη-

209 1552 337 1596 ναίων
366 1552 530 1608 δασμὸν
562 1552 831 1610 κομιζόμενος
875 1556 1072 1599 ἐθοινᾶτο
1101 1555 1202 1606 τούς
1230 1558 1397 1607 παῖδας.
1444 1555 1564 1599 αὐτοὶ
1596 1556 1642 1598 δὲ
1682 1554 1722 1598 οἳ

210 1620 396 1667 Κνώσιοι
439 1623 625 1681 λέγουσιν
660 1622 762 1669 εἶναι
802 1629 879 1668 τοῦ
919 1627 1048 1670 Μίνω
1089 1626 1348 1685 στρατηγὸν,
1397 1624 1445 1677 ὃς
1484 1623 1717 1683 ὠνομάζετο
1730 1635 1779 1672 20

305 1713 340 1748 2.
365 1711 507 1759 Κρησὶν
533 1709 584 1754 ὥς
599 1711 810 1748 Bredovius.
834 1713 1000 1759 κρίσινος
1018 1715 1060 1753 Α.
1091 1714 1214 1761 κρίσιν
1236 1712 1278 1757 ὃς
1299 1715 1343 1751 Β.
1377 1714 1498 1762 κρίσιν
1525 1715 1573 1749 G.
1600 1715 1720 1760 Κρησὶ

303 1760 465 1806 Scaliger
489 1772 523 1806 p.
546 1763 604 1798 31.
709 1763 742 1797 3.
768 1759 952 1811 ἐξάνὸρου
976 1763 1019 1798 Β.
1121 1764 1170 1810 τῇ
1194 1774 1260 1798 om.
1286 1763 1333 1797 G.
1427 1759 1509 1810 Ἴδῃ
1537 1761 1604 1798 διὰ
1628 1763 1720 1798 Bre-

305 1806 440 1842 dovius.
485 1809 686 1853 Legebatur
710 1810 804 1857 ἰδίᾳ.
931 1809 1196 1858 ἐννεατηρίδος
1217 1811 1292 1845 ΑΒ.
1318 1809 1551 1856 ἐννεατηρίδι
1575 1810 1625 1843 G.

305 1854 328 1888 5
347 1859 384 1888 et
404 1856 436 1890 9.
464 1852 621 1891 ἄνταιον
645 1856 687 1891 Β.
801 1858 836 1893 8.
861 1858 970 1894 δοκεῖ
989 1859 1030 1892 Α.
1149 1860 1204 1894 12.
1216 1854 1333 1894 Ἴλιον
1356 1857 1530 1903 Scaliger.
1553 1854 1597 1892 τό
1617 1856 1719 1892 ἵλεον

304 1899 347 1934 Β.
373 1900 414 1937 τὸ
435 1902 553 1938 εἴλεον
562 1904 605 1937 Α.
631 1902 699 1939 τόν
716 1903 852 1941 Εἴλεον
864 1906 910 1939 G.
1010 1906 1065 1941 18.
1086 1901 1298 1952 Ἀθηναίων
1315 1906 1490 1951 Scaliger.
1520 1901 1717 1951 ἀθήναιον

305 1948 380 1983 ΑΒ.
404 1947 574 1996 Αθήναις
597 1951 646 1985 G.
744 1953 803 1989 20.
828 1953 955 1999 Μίνω]
979 1953 1099 1996 μίνως
1121 1953 1166 1988 Β.
1192 1955 1352 1996 Μίνωος
1370 1954 1418 1988 G.

305 2015 493 2065 Thamyris
512 2020 757 2056 Philammonis
779 2022 872 2057 filius
891 2023 1054 2058 florebat.

303 2062 421 2100 Minos
441 2068 546 2102 maris
570 2069 803 2115 principatum
825 2070 994 2113 obtinuit,
1026 2070 1294 2118 deportatisque
1312 2081 1365 2105 >ex
1393 2072 1494 2105 antro
1515 2081 1606 2105 nono
1629 2081 1718 2116 quo-

212 2119 280 2154 que
297 2121 387 2146 anno
403 2113 560 2159 legibus,
585 2116 659 2158 ius,
685 2118 785 2161 quasi
802 2129 822 2152 a
839 2117 923 2152 Iove
942 2118 986 2152 ad
1005 2118 1068 2152 hoc
1085 2130 1206 2153 munus
1221 2118 1414 2161 institutus,
1437 2117 1597 2161 dicebat,
1621 2117 1716 2164 quod

211 2158 326 2191 tamen
345 2162 611 2205 reprehenditur
633 2175 654 2197 a
673 2163 821 2198 Platone
841 2170 999 2199 tractatu
1020 2165 1064 2200 de
1082 2166 1232 2211 legibus.

305 2205 476 2243 Hercules
504 2209 642 2244 labores
665 2215 702 2244 et
722 2212 912 2247 certamina
933 2212 1053 2247 obibat
1068 2237 1079 2257 ‚
1108 2213 1272 2259 luctaque
1298 2211 1482 2246 decertans
1507 2222 1582 2245 cum
1602 2211 1716 2247 Anteo

209 2250 390 2296 terrigena
419 2255 623 2298 aestimam,
657 2269 698 2292 eo
726 2258 819 2303 quod
841 2259 1070 2294 luctatoribus
1098 2259 1275 2294 laudatum
1293 2258 1461 2293 inclinato
1483 2269 1631 2305 corpore
1651 2270 1717 2304 pu-

211 2299 342 2340 gnandi
362 2302 498 2337 modum
521 2304 634 2348 perite
654 2305 820 2347 calleret,
844 2317 920 2340 eam
940 2307 985 2341 ob
1004 2318 1077 2341 rem
1103 2318 1123 2341 a
1146 2311 1243 2341 terra
1263 2312 1395 2347 matre,
1420 2305 1520 2352 quasi
1542 2316 1640 2351 opem
1660 2306 1716 2339 fe-

211 2350 331 2388 rente,
356 2348 451 2382 vires
473 2350 634 2395 recipere
655 2356 710 2385 est
738 2353 899 2395 habitus3
935 2354 1026 2388 hunc
1044 2354 1213 2388 Hercules
1235 2354 1433 2399 palaestrae
1454 2352 1604 2387 vinculis
1627 2352 1717 2387 liber

211 2401 277 2425 ceu
297 2395 453 2439 corporis
474 2398 601 2431 robore
620 2398 758 2432 validus
781 2399 865 2434 loris
885 2400 1078 2435 revinctum
1099 2401 1134 2434 in
1156 2401 1263 2435 altum
1287 2399 1428 2434 sustulit
1446 2405 1482 2434 et
1502 2399 1667 2434 confecit.

280 2441 469 2522 tIt-Iydram
494 2448 610 2478 autem
634 2445 792 2480 animalis
822 2447 959 2483 nomine
985 2448 1196 2483 celebratam
1221 2445 1326 2483 Plato
1351 2446 1576 2494 sophisticam
1599 2445 1716 2481 inter-

215 2498 278 2534 pre
297 2499 316 2522 a
334 2499 388 2522 ur.

306 2535 475 2571 Hercules
490 2535 591 2572 Ilium
610 2537 841 2584 depopulatus
860 2544 924 2576 est.

248 2603 266 2626 .‘
304 2581 438 2618 Medea.
450 2583 656 2619 colchensis
677 2587 721 2620 ab
742 2588 883 2631 Aegaeo
908 2587 1084 2624 discessit.

306 2628 438 2665 Bellum
466 2629 558 2665 inter
588 2631 780 2667 Centauros
813 2638 849 2667 et
879 2635 1063 2680 Lapithas.
1122 2635 1293 2672 Centauri
1328 2646 1436 2681 porro
1465 2633 1720 2670 Thessalorum*

211 2674 349 2723 equites
365 2678 465 2712 fuere
485 2678 707 2724 peritissimi,
732 2679 846 2725 inquit
866 2679 1100 2728 Palaephatus
1113 2683 1150 2718 in
1170 2683 1279 2730 primo
1296 2693 1410 2718 rerum
1427 2682 1688 2728 paradox-arum.

302 2723 447 2770 Septem
467 2724 574 2760 duces
594 2726 762 2761 adversus
781 2727 926 2762 Thebas
948 2730 1204 2774 expeditionem
1224 2733 1464 2775 susceperunt.

306 2772 509 2817 Sequuntur
527 2783 617 2819 quae
640 2773 685 2807 ad
704 2774 938 2808 Minotaurum
961 2776 1132 2819 attinent,
1165 2776 1211 2811 de
1236 2776 1362 2822 quibus
1384 2775 1524 2810 fabulae
1544 2775 1714 2821 frequen—

213 2815 283 2850 tius
305 2823 511 2863 personant3
544 2824 585 2854 ut
604 2832 647 2854 ex
669 2825 770 2855 tauro
793 2821 967 2857 animante
993 2826 1028 2856 et
1046 2823 1223 2868 Pasiphae
1242 2823 1371 2857 femina
1400 2822 1584 2857 semiferus
1612 2823 1713 2856 homo

195 2885 202 2889 -
215 2863 361 2910 seraque
389 2865 489 2900 simul
509 2871 564 2902 est
579 2872 697 2910 natus¹
725 2868 786 2914 qui
806 2879 931 2914 pueros
957 2869 1000 2904 ab
1019 2869 1287 2905 Atheniensibus
1307 2869 1432 2904 tributi
1460 2880 1564 2904 onere
1587 2879 1714 2914 pensos

212 2910 414 2948 devorabat.
462 2913 535 2959 Ipsi
556 2926 641 2950 vero
659 2914 799 2951 Cnossii
818 2914 939 2951 ducem
958 2915 1023 2951 sub
1043 2917 1163 2952 Minoe
1181 2922 1448 2963 promerentem,
1471 2917 1627 2952 Taurum
1646 2925 1713 2950 no-
