1800 3236
203 155 309 202 692
676 152 931 203 GEORGII
960 155 1251 203 SYNCELLI

199 268 426 322 Ἰουλιανὸς
447 264 678 328 ἅνθρωπος
700 268 937 327 ποδαλγὸς,
973 267 1034 325 μὴ
1064 272 1216 326 στῆναι
1240 268 1356 326 μηδὲ
1382 268 1564 325 βαδίσαί
1591 267 1722 315 δυνά-

203 359 353 399 μενος,
392 340 470 385 σὺν
506 339 664 399 ἑτέροις
694 338 771 384 δύο
802 346 892 390 τοῖς
923 339 1124 397 φέρουσιν
1157 339 1287 384 αὐτὸν
1319 338 1574 398 προσήχθη,
1615 335 1720 385 ὧνὸ

204 413 281 469 μὲν
305 413 444 470 ἕτερος
463 411 596 462 εὐθὺς
611 409 855 469 ἠρνήσατο,
895 407 917 453 ὅ
940 410 986 453 δὲ
1007 409 1148 468 ἕτερος
1165 411 1362 469 Κρονίων
1392 409 1567 467 ὀνόματι
1578 445 1592 466 ,
1630 412 1722 455 ἐπί-

206 487 310 540 κλην
342 484 388 527 δὲ
414 480 440 529 ,ὃ
472 485 617 535 Νοῦς,
657 482 727 524 καὶ
763 480 892 530 αὐτὸς
916 478 938 524 ὃ
958 479 1242 544 πρεσβύτερος
1261 481 1492 533 Ἰουλιανὸς
1512 480 1721 540 ὁμολογή-

207 571 356 605 σαντες
383 552 457 596 τὸν
488 550 656 609 κύριον,
697 550 768 594 διὰ
794 549 935 607 πάσης
965 555 1043 608 τῆς
1073 549 1233 602 πόλεως
1250 553 1450 609 μεγίστης
1471 551 1624 610 οῦσης,
1666 550 1755 603 ιὸςό

207 625 320 678 ἴστε,
359 620 563 679 καμήλοις
591 619 864 678 ἐποχούμενοι
894 623 965 664 καὶ
986 622 1187 680 μετέωροι
1216 621 1566 680 μαστιγούμενοι,
1605 623 1725 674 τέλος

166 695 404 754 Βάσβέστῳ
438 695 540 751 πυρὶ
571 692 797 749 κεχυμένον
819 696 896 736 τοῦ
918 690 1056 749 δήμου
1078 692 1237 743 παντὸς
1265 691 1542 751 κατεκάησαν.
1592 710 1726 752 στρα-

208 764 380 816 τιώταις
409 781 453 808 τε
483 763 630 814 αὐτοῖς
661 763 942 820 ἀπαγομένοις
974 763 1200 822 παραστὰς
1223 765 1293 807 καὶ
1315 770 1404 815 τοῖς
1428 765 1725 823 ἐφυβρίζουσιν

207 836 476 885 ἐναντιωθεὶς
518 832 814 891 ἐκβοησάντων
851 834 1015 878 ἐκείνων
1057 835 1292 893 προαχθεὶς
1323 832 1345 878 ὃ
1379 832 1675 893 ἀνδρειότατος
1703 833 1725 878 ὃ

207 905 428 967 πρόμαχος
455 909 533 949 τοῦ
564 909 671 949 θεοῦ
700 908 851 962 Βησᾶς
883 904 960 948 κάν
981 909 1041 965 τῷ
1069 903 1237 964 μεγάλῳ
1263 904 1434 966 πολέμῳ
1454 909 1516 966 τῷ
1538 907 1632 964 περὶ
1650 910 1727 962 τῆς
1740 914 1785 949 10

208 979 422 1034 εὐσεβείας
455 974 710 1034 ἀριστεύσας
738 974 967 1032 ἀπετμήθη
998 975 1076 1032 τὴν
1097 973 1298 1034 κεφαλήν.
1338 978 1412 1020 καί
1433 993 1498 1027 τις
1517 975 1657 1035 ἕτερος
1678 976 1726 1020 τὸ

206 1051 284 1106 μὲν
304 1049 422 1106 γένος
440 1048 610 1103 Λίβυς,
643 1046 721 1103 τὴν
740 1047 786 1090 δὲ
805 1048 1091 1105 προσηγορίαν
1113 1045 1204 1101 ἅμα
1224 1048 1295 1090 καὶ
1313 1047 1390 1104 τὴν
1409 1046 1601 1104 εὐλογίαν
1621 1047 1727 1103 ἀλη-

206 1120 294 1177 θὴς
315 1117 509 1176 Μάκαρ,
549 1121 797 1176 προτροπῆς
815 1117 932 1177 αὐτῷ
962 1121 1122 1174 πολλῆς
1152 1115 1236 1161 ὑπὸ
1267 1121 1344 1161 τοῦ
1377 1119 1581 1162 δικαστοῦ
1611 1135 1728 1175 γενο-

206 1190 362 1248 μένης,
403 1188 510 1247 πρὸς
533 1187 709 1247 ἄρνησιν
738 1188 815 1244 οὐχ
845 1186 1056 1244 ὑπαχθεὶς
1066 1222 1080 1241 ,
1122 1190 1202 1241 ζῶν
1222 1188 1574 1247 καταπέφλεκται.
1612 1188 1728 1232 Ἐπί-

171 1259 350 1319 Ομαχός
370 1278 414 1304 τε
427 1261 496 1302 καὶ
512 1259 787 1317 Ἀλέξανδρος
802 1258 910 1314 μετὰ
930 1259 1064 1302 πολὺν
1085 1256 1133 1302 ὃν
1155 1257 1321 1314 {imvm
1344 1262 1558 1315 δεσμῶται
1569 1257 1727 1317 χρόνον
1742 1266 1784 1305 1⁵

209 1333 365 1389 μυρίας
413 1327 686 1386 διενεγκόντες
726 1328 989 1386 ἀλγηδόνας,
1040 1332 1255 1386 ξυστῆρας
1273 1363 1287 1384 ,
1333 1328 1544 1387 μάστιγας
1562 1363 1577 1385 ,
1626 1332 1728 1389 πυρὶ

209 1401 405 1462 ἀσβέστῳ
424 1402 493 1443 καὶ
518 1394 634 1444 οῦτοι
659 1397 942 1458 διεχύθησαν,
983 1402 1053 1444 καὶ
1076 1400 1154 1444 σὺν
1187 1400 1334 1451 αὐτοῖς
1362 1407 1552 1458 γυναῖκες
1572 1401 1726 1445 τέσσα-

211 1490 302 1531 ρες,
336 1472 610 1529 Ἀμμωναριά
633 1489 676 1515 τε
701 1468 800 1529 ἁγία
821 1471 1060 1530 παρθένος,
1100 1468 1211 1514 πάνυ
1234 1473 1477 1529 φιλονείκως
1497 1471 1629 1528 αὐτὴν
1649 1475 1726 1515 τοῦ

209 1546 413 1588 δικαστοῦ
447 1543 783 1598 βασανίσαντος,
825 1541 898 1586 ἅτε
929 1542 1374 1601 προσαποφηναμένην
1407 1540 1472 1585 ὅτι
1503 1543 1636 1598 μηδὲν
1668 1536 1727 1586 ὧν

209 1616 363 1665 ἐκεῖνος
381 1610 533 1656 κελεύει
553 1615 811 1672 φθέγξαιτο,
852 1611 1132 1670 ἀληθεύσασα
1154 1612 1232 1670 τὴν
1255 1613 1498 1671 ἐπαγγελίαν
1530 1610 1723 1671 ἀπήχθη.
1737 1623 1786 1660 20

209 1686 255 1729 αἱ
287 1686 334 1729 δὲ
365 1686 507 1728 λοιπαὶ
538 1681 775 1741 σεμνοτάτη
806 1688 1035 1743 πρεσβῦτις
1066 1685 1320 1743 Μερκουρία
1346 1685 1416 1727 καὶ
1437 1683 1482 1727 αἶ
1498 1681 1728 1728 ὗπόλοιπαι

305 1810 339 1845 1.
362 1806 579 1855 ποδαλγός]
605 1806 798 1854 ποδαγρὸς
822 1809 871 1843 G.
991 1809 1027 1844 3.
1054 1806 1204 1854 ἐπίκλην
1225 1803 1292 1853 δὲ]
1319 1804 1362 1844 δὲ
1384 1807 1451 1842 cm.
1473 1807 1523 1844 G.
1641 1805 1677 1844 4·
1704 1804 1726 1845 (i

304 1857 431 1902 Νοῦς]
457 1853 576 1898 ὀναῦς
595 1857 636 1892 P.
664 1855 818 1898 Εὔνους
838 1855 1160 1902 apudEusebium.
1291 1858 1347 1892 10.
1379 1852 1467 1900 κάν]
1493 1854 1557 1892 καὶ
1581 1855 1629 1889 G.

306 1905 365 1940 12.
399 1903 533 1952 λιβύης
555 1904 598 1939 Α.
733 1906 789 1942 15.
825 1900 892 1950 ὃν]
924 1898 978 1940 ὧν
999 1905 1040 1940 Α.
1163 1904 1369 1950 δεσμῶται]
1406 1904 1557 1949 δεσμῶν
1580 1903 1628 1938 G.

304 1954 361 1988 18.
387 1949 607 1999 ἀμμοναρία
631 1952 690 1987 hic
709 1956 746 1988 ct
763 1952 857 1988 infra
873 1953 915 1987 A.

210 2070 295 2104 nus,
321 2059 502 2106 podagrae
521 2060 640 2095 morbo
661 2063 861 2107 correptus,
885 2059 946 2107 qui
971 2070 1086 2107 neque
1115 2061 1213 2095 stare
1237 2069 1353 2105 neque
1371 2057 1539 2094 incedere
1560 2058 1724 2104 poterat3

215 2106 276 2152 qui
304 2106 440 2142 demum
466 2120 541 2143 cum
570 2108 704 2143 duobus
736 2109 813 2143 aliis
844 2119 920 2142 eum
946 2112 1090 2154 gestare
1114 2107 1227 2142 solitis
1253 2107 1299 2142 ad
1328 2106 1477 2141 iudicem
1510 2106 1724 2146 adducitur3

215 2165 361 2199 quornm
380 2154 469 2190 alter
487 2156 671 2191 confestim
690 2156 859 2202 negavit,
884 2155 1061 2190 secundus
1087 2154 1241 2190 Cronion
1260 2154 1420 2196 nomine,
1452 2153 1634 2198 Benignus
1663 2164 1724 2187 co—

215 2200 459 2246 gnominatus,
485 2215 526 2238 ac
553 2203 628 2249 ipse
656 2203 947 2238 seniorlulianus
975 2203 1148 2238 dominum
1172 2202 1346 2243 confessi3
1379 2213 1444 2247 per
1475 2205 1583 2235 totam
1604 2200 1723 2234 urbem

215 2248 382 2293 amplam,
416 2256 456 2284 ut
485 2251 606 2292 scitis,
635 2251 776 2286 camelis
803 2250 978 2296 impositi,
1013 2255 1049 2284 et
1083 2250 1131 2284 in>
1150 2249 1295 2284 sublime
1325 2248 1410 2283 elati
1446 2247 1725 2294 verberibusque

216 2293 386 2337 cruciati,
413 2297 552 2332 tandem
571 2298 707 2342 ingenti
728 2310 814 2345 rogo
834 2298 979 2332 incenso
991 2323 1002 2340 ‚
1028 2297 1241 2332 circumfusa
1258 2295 1382 2342 populi
1402 2294 1626 2330 multitudine
1644 2306 1727 2341 spe-

216 2346 336 2377 ctante
358 2349 613 2379 consumuntur.
662 2345 766 2379 Miles
795 2351 912 2379 autem
940 2356 1000 2379 eos
1024 2345 1070 2379 ad
1095 2347 1239 2378 mortem
1265 2342 1485 2388 rapientibus
1507 2353 1550 2377 ex
1575 2342 1725 2377 adverso

197 2388 411 2432 resistens,
444 2396 702 2437 martyrumque
723 2392 869 2426 iniurias
898 2392 1050 2437 benigne
1077 2390 1200 2425 ulcisci
1231 2395 1399 2433 conatus,
1432 2389 1726 2425 succlamantibus

215 2436 285 2471 illis
309 2437 503 2483 productus
521 2439 557 2472 in
578 2450 737 2480 arenam,
761 2439 1050 2484 generosissimus
1077 2438 1212 2472 athleta
1230 2437 1468 2483 defensorque
1494 2436 1579 2472 fidei
1598 2437 1724 2478 Besae,

215 2483 353 2530 ingenti
378 2495 443 2531 pro
469 2485 600 2531 pietate
631 2486 820 2521 certamine
849 2486 992 2520 fortiter
1018 2485 1192 2527 tolerato,
1222 2484 1340 2532 capite
1369 2489 1566 2520 truncatur.
1624 2484 1722 2518 Alius

217 2542 380 2578 quoque,
403 2544 537 2578 genere
555 2532 695 2579 quidem
711 2533 820 2575 Afer,
845 2532 980 2567 nomine
1004 2544 1090 2567 vero
1120 2543 1162 2567 ac
1191 2532 1292 2567 simul
1323 2532 1420 2567 felici
1449 2532 1563 2566 omine
1587 2531 1723 2565 Beatus

216 2578 363 2620 Macar,
389 2580 546 2626 plurimis
569 2580 696 2627 quibus
722 2580 838 2615 fuerat
870 2592 953 2614 usus
978 2579 1086 2615 iudex
1116 2580 1292 2614 illecebris
1322 2580 1366 2615 ad
1395 2579 1499 2614 fidem
1526 2577 1722 2623 negandam

215 2637 392 2673 nusquam
419 2627 613 2670 abductus,
648 2627 751 2662 vivus
781 2632 954 2662 crematus
979 2633 1045 2663 est.
1101 2627 1318 2674 Epimachus
1342 2626 1446 2662 etiam
1467 2631 1504 2661 et
1521 2624 1723 2660 Alexander

216 2678 300 2720 post
318 2673 456 2721 longum
475 2675 513 2710 in
532 2674 683 2710 vinculis
708 2678 847 2719 tempus
869 2674 1134 2721 innumerosque
1160 2675 1298 2709 dolores
1317 2674 1507 2715 toleratos,
1532 2672 1722 2717 novaculas

218 2725 257 2755 et
277 2722 426 2756 verbera
446 2723 630 2770 perpessi,
654 2721 908 2757 ardentissimis
935 2721 1083 2757 flammis
1108 2722 1242 2756 demum
1264 2725 1300 2756 et
1316 2721 1387 2768 ipsi
1405 2719 1599 2767 perierunt.
1647 2719 1722 2753 Ad-

216 2767 334 2803 iectae
351 2774 432 2804 sunt
454 2769 525 2805 illis
541 2771 587 2806 ad
607 2781 768 2805 coronam
791 2768 953 2804 mulieres
970 2774 1124 2816 quatuor
1149 2774 1186 2804 et
1207 2768 1428 2804 Ammonaria
1452 2771 1574 2802 sancta
1596 2765 1720 2811 virgo;

218 2826 321 2861 quam
341 2828 418 2851 cum
447 2817 606 2852 adhibito
623 2817 741 2852 studio
763 2816 868 2850 iudex
886 2821 1069 2863 torqueret
1088 2829 1153 2851 ceu
1169 2817 1362 2863 professam
1379 2815 1467 2849 nihil
1489 2825 1606 2849 eorum
1630 2824 1720 2859 quae

216 2861 358 2897 iuberet
386 2863 648 2910 &equum-am,
671 2864 950 2911 promissumque
969 2864 1057 2899 facti
1077 2863 1277 2899 constantia
1299 2862 1527 2908 adimpleret,
1562 2860 1608 2895 ad
1635 2871 1721 2906 sup-

217 2908 358 2956 plicium
380 2911 579 2948 abducitur.
626 2912 723 2948 Inter
742 2911 895 2958 reliquas
913 2915 1028 2947 autem
1059 2911 1332 2947 honoratissime.
1349 2909 1464 2946 senior
1481 2907 1660 2945 Mei-curia
1684 2912 1722 2942 et
