<?xml version="1.0" encoding="UTF-8"?>
<!DOCTYPE html PUBLIC "-//W3C//DTD XHTML 1.0 Transitional//EN"
    "http://www.w3.org/TR/xhtml1/DTD/xhtml1-transitional.dtd">
<html xmlns="http://www.w3.org/1999/xhtml" xml:lang="en" lang="en">
 <head>
  <title>
</title>
<meta http-equiv="Content-Type" content="text/html;charset=utf-8" />
  <meta name='ocr-system' content='tesseract 3.04.00' />
  <meta name='ocr-capabilities' content='ocr_page ocr_carea ocr_par ocr_line ocrx_word'/>
</head>
<body>
  <div class='ocr_page' id='page_1' title='image "./corpusscriptorum20niebuoft_0412.png"; bbox 0 0 1800 3236; ppageno 0'>
   <div class='ocr_carea' id='block_1_1' title="bbox 237 180 1276 232">
    <p class='ocr_par' dir='ltr' id='par_1_1' title="bbox 237 180 1276 232">
     <span class='ocr_line' id='line_1_1' title="bbox 237 180 1276 232; baseline 0.002 -2"><span class='ocrx_word' id='word_1_1' title='bbox 237 180 343 230; x_wconf 83' lang='lat'><strong><em>398</em></strong></span> <span class='ocrx_word' id='word_1_2' title='bbox 708 184 961 231; x_wconf 91' lang='lat' dir='ltr'>GEORGII</span> <span class='ocrx_word' id='word_1_3' title='bbox 987 184 1276 232; x_wconf 82' lang='lat' dir='ltr'><strong>SYNCELLI</strong></span> 
     </span>
    </p>
   </div>
   <div class='ocr_carea' id='block_1_2' title="bbox 753 312 1220 375">
    <p class='ocr_par' dir='ltr' id='par_1_2' title="bbox 753 312 1220 375">
     <span class='ocr_line' id='line_1_2' title="bbox 753 312 1220 375; baseline 0.004 -16"><span class='ocrx_word' id='word_1_4' title='bbox 753 312 982 373; x_wconf 79' lang='grc' dir='ltr'><strong><em>Ῥωμαίων</em></strong></span> <span class='ocrx_word' id='word_1_5' title='bbox 1010 316 1220 375; x_wconf 79' lang='grc' dir='ltr'><em>βασιλεῖς.</em></span> 
     </span>
    </p>
   </div>
   <div class='ocr_carea' id='block_1_3' title="bbox 86 397 1800 1586">
    <p class='ocr_par' dir='ltr' id='par_1_3' title="bbox 86 397 1800 1586">
     <span class='ocr_line' id='line_1_3' title="bbox 270 397 1742 462; baseline 0.001 -14"><span class='ocrx_word' id='word_1_6' title='bbox 270 400 486 460; x_wconf 85' lang='grc' dir='ltr'><strong><em>Ῥωμαίων</em></strong></span> <span class='ocrx_word' id='word_1_7' title='bbox 517 397 567 456; x_wconf 84' lang='grc' dir='ltr'><strong><em>ιζ’</em></strong></span> <span class='ocrx_word' id='word_1_8' title='bbox 599 400 842 457; x_wconf 71' lang='grc' dir='ltr'><strong><em>ἐβασίλευσε</em></strong></span> <span class='ocrx_word' id='word_1_9' title='bbox 868 404 1050 460; x_wconf 83' lang='grc' dir='ltr'><strong><em>Νουμᾶς</em></strong></span> <span class='ocrx_word' id='word_1_10' title='bbox 1073 403 1314 460; x_wconf 85' lang='grc' dir='ltr'><em>Πομπίλιος</em></span> <span class='ocrx_word' id='word_1_11' title='bbox 1344 400 1416 462; x_wconf 57' lang='grc' dir='ltr'><strong><em>ἔτη</em></strong></span> <span class='ocrx_word' id='word_1_12' title='bbox 1451 399 1540 462; x_wconf 81' lang='grc' dir='ltr'><strong><em>μα’.</em></strong></span> <span class='ocrx_word' id='word_1_13' title='bbox 1586 408 1665 450; x_wconf 76' lang='grc' dir='ltr'><strong><em>τοῦ</em></strong></span> <span class='ocrx_word' id='word_1_14' title='bbox 1695 404 1742 449; x_wconf 76' lang='grc' dir='ltr'><strong><em>δὲ</em></strong></span> 
     </span>
     <span class='ocr_line' id='line_1_4' title="bbox 379 466 877 532; baseline -0.002 -15"><span class='ocrx_word' id='word_1_15' title='bbox 379 470 539 529; x_wconf 85' lang='grc' dir='ltr'><strong><em>κόσμου</em></strong></span> <span class='ocrx_word' id='word_1_16' title='bbox 557 466 609 528; x_wconf 72' lang='grc' dir='ltr'><strong><em>ἦν</em></strong></span> <span class='ocrx_word' id='word_1_17' title='bbox 628 471 720 522; x_wconf 66' lang='grc' dir='ltr'><strong><em>ἔτος</em></strong></span> <span class='ocrx_word' id='word_1_18' title='bbox 739 469 877 532; x_wconf 46' lang='grc' dir='ltr'><strong><em>Ιὸψπῖ</em></strong></span> 
     </span>
     <span class='ocr_line' id='line_1_5' title="bbox 201 539 1748 603; baseline 0.001 -16"><span class='ocrx_word' id='word_1_19' title='bbox 201 544 234 580; x_wconf 92' lang='grc' dir='ltr'>Β</span> <span class='ocrx_word' id='word_1_20' title='bbox 355 545 538 599; x_wconf 83' lang='grc' dir='ltr'><strong><em>Νουμᾶς</em></strong></span> <span class='ocrx_word' id='word_1_21' title='bbox 566 541 675 598; x_wconf 78' lang='grc' dir='ltr'><strong><em>μετὰ</em></strong></span> <span class='ocrx_word' id='word_1_22' title='bbox 701 539 914 598; x_wconf 78' lang='grc' dir='ltr'><em>Ῥωμύλον</em></span> <span class='ocrx_word' id='word_1_23' title='bbox 934 540 1189 598; x_wconf 74' lang='grc' dir='ltr'><strong><em>βασιλεύσας</em></strong></span> <span class='ocrx_word' id='word_1_24' title='bbox 1204 541 1368 602; x_wconf 78' lang='grc' dir='ltr'><strong><em>Ῥώμης</em></strong></span> <span class='ocrx_word' id='word_1_25' title='bbox 1395 548 1564 603; x_wconf 81' lang='grc' dir='ltr'><strong><em>πρῶτος</em></strong></span> <span class='ocrx_word' id='word_1_26' title='bbox 1589 541 1748 601; x_wconf 78' lang='grc' dir='ltr'><strong><em>νόμους</em></strong></span> 
     </span>
     <span class='ocr_line' id='line_1_6' title="bbox 235 609 1776 676; baseline 0.001 -18"><span class='ocrx_word' id='word_1_27' title='bbox 235 611 455 670; x_wconf 83' lang='grc' dir='ltr'><strong><em>Ῥωμαίοις</em></strong></span> <span class='ocrx_word' id='word_1_28' title='bbox 473 609 698 670; x_wconf 79' lang='grc' dir='ltr'><strong><em>εἲσήγαγεν.</em></strong></span> <span class='ocrx_word' id='word_1_29' title='bbox 738 609 760 656; x_wconf 79' lang='grc' dir='ltr'><strong><em>ὅ</em></strong></span> <span class='ocrx_word' id='word_1_30' title='bbox 784 611 912 664; x_wconf 76' lang='grc' dir='ltr'><strong><em>αὐτὸς</em></strong></span> <span class='ocrx_word' id='word_1_31' title='bbox 928 612 977 657; x_wconf 84' lang='grc' dir='ltr'><strong><em>τὸ</em></strong></span> <span class='ocrx_word' id='word_1_32' title='bbox 996 612 1272 659; x_wconf 83' lang='grc' dir='ltr'><strong><em>Καπετώλιον</em></strong></span> <span class='ocrx_word' id='word_1_33' title='bbox 1291 616 1336 658; x_wconf 77' lang='grc' dir='ltr'><strong><em>ἐκ</em></strong></span> <span class='ocrx_word' id='word_1_34' title='bbox 1359 616 1566 671; x_wconf 75' lang='grc' dir='ltr'><strong><em>θεμελίων</em></strong></span> <span class='ocrx_word' id='word_1_35' title='bbox 1586 613 1776 676; x_wconf 79' lang='grc' dir='ltr'><strong><em>ᾠκοδό-5</em></strong></span> 
     </span>
     <span class='ocr_line' id='line_1_7' title="bbox 239 680 1749 743; baseline 0.001 -14"><span class='ocrx_word' id='word_1_36' title='bbox 239 699 384 741; x_wconf 76' lang='grc' dir='ltr'><strong><em>μησεν.</em></strong></span> <span class='ocrx_word' id='word_1_37' title='bbox 423 680 445 727; x_wconf 81' lang='grc' dir='ltr'>ὅ</span> <span class='ocrx_word' id='word_1_38' title='bbox 475 681 604 733; x_wconf 78' lang='grc' dir='ltr'><strong><em>αὐτὸς</em></strong></span> <span class='ocrx_word' id='word_1_39' title='bbox 633 686 692 743; x_wconf 80' lang='grc' dir='ltr'><strong><em>τῷ</em></strong></span> <span class='ocrx_word' id='word_1_40' title='bbox 724 682 899 743; x_wconf 70' lang='grc' dir='ltr'><strong><em>ἐνιαυτῷ</em></strong></span> <span class='ocrx_word' id='word_1_41' title='bbox 928 681 1003 727; x_wconf 77' lang='grc' dir='ltr'><strong><em>δύο</em></strong></span> <span class='ocrx_word' id='word_1_42' title='bbox 1037 688 1175 741; x_wconf 77' lang='grc' dir='ltr'><strong><em>μῆνας</em></strong></span> <span class='ocrx_word' id='word_1_43' title='bbox 1200 686 1462 742; x_wconf 71' lang='grc' dir='ltr'><strong><em>προσέθηκε,</em></strong></span> <span class='ocrx_word' id='word_1_44' title='bbox 1500 684 1574 730; x_wconf 89' lang='grc' dir='ltr'><strong><em>τόν</em></strong></span> <span class='ocrx_word' id='word_1_45' title='bbox 1599 703 1644 730; x_wconf 90' lang='grc' dir='ltr'><strong><em>τε</em></strong></span> <span class='ocrx_word' id='word_1_46' title='bbox 1663 686 1749 729; x_wconf 82' lang='lat' dir='ltr'><strong><em>&#39;Ia-</em></strong></span> 
     </span>
     <span class='ocr_line' id='line_1_8' title="bbox 239 751 1748 814; baseline 0.001 -15"><span class='ocrx_word' id='word_1_47' title='bbox 239 752 438 813; x_wconf 86' lang='grc' dir='ltr'><strong><em>νουάριον</em></strong></span> <span class='ocrx_word' id='word_1_48' title='bbox 469 754 539 796; x_wconf 81' lang='grc' dir='ltr'><strong><em>καὶ</em></strong></span> <span class='ocrx_word' id='word_1_49' title='bbox 571 752 646 796; x_wconf 77' lang='grc' dir='ltr'><strong><em>τὸν</em></strong></span> <span class='ocrx_word' id='word_1_50' title='bbox 678 751 992 812; x_wconf 79' lang='grc' dir='ltr'><strong><em>Φεβρουάριον,</em></strong></span> <span class='ocrx_word' id='word_1_51' title='bbox 1033 756 1328 811; x_wconf 80' lang='grc' dir='ltr'><strong><em>δεκαμηνιαιόυ</em></strong></span> <span class='ocrx_word' id='word_1_52' title='bbox 1358 760 1436 799; x_wconf 83' lang='grc' dir='ltr'><strong><em>τοῦ</em></strong></span> <span class='ocrx_word' id='word_1_53' title='bbox 1455 757 1646 800; x_wconf 77' lang='grc' dir='ltr'><strong><em>ἐνιαυτοῦ</em></strong></span> <span class='ocrx_word' id='word_1_54' title='bbox 1666 755 1748 814; x_wconf 82' lang='grc' dir='ltr'><strong><em>πρὸ</em></strong></span> 
     </span>
     <span class='ocr_line' id='line_1_9' title="bbox 239 821 1750 886; baseline 0.002 -18"><span class='ocrx_word' id='word_1_55' title='bbox 239 822 394 869; x_wconf 79' lang='grc' dir='ltr'><strong><em>τούτου</em></strong></span> <span class='ocrx_word' id='word_1_56' title='bbox 416 824 762 882; x_wconf 70' lang='grc' dir='ltr'><strong><em>χρηματίζοντος.</em></strong></span> <span class='ocrx_word' id='word_1_57' title='bbox 804 821 825 867; x_wconf 80' lang='grc' dir='ltr'><em>ὅ</em></span> <span class='ocrx_word' id='word_1_58' title='bbox 861 823 988 876; x_wconf 77' lang='grc' dir='ltr'><strong><em>αὐτὸς</em></strong></span> <span class='ocrx_word' id='word_1_59' title='bbox 1006 826 1074 867; x_wconf 85' lang='grc' dir='ltr'><strong><em>καὶ</em></strong></span> <span class='ocrx_word' id='word_1_60' title='bbox 1093 823 1330 885; x_wconf 79' lang='grc' dir='ltr'><strong><em>γογγιάριον</em></strong></span> <span class='ocrx_word' id='word_1_61' title='bbox 1350 824 1523 882; x_wconf 65' lang='grc' dir='ltr'><strong><em>ἔδωκεν,</em></strong></span> <span class='ocrx_word' id='word_1_62' title='bbox 1562 824 1750 886; x_wconf 70' lang='grc' dir='ltr'><strong><em>ἀσσάρια</em></strong></span> 
     </span>
     <span class='ocr_line' id='line_1_10' title="bbox 241 891 1022 952; baseline 0 -13"><span class='ocrx_word' id='word_1_63' title='bbox 241 893 387 948; x_wconf 79' lang='grc' dir='ltr'><strong><em>ξύλινα</em></strong></span> <span class='ocrx_word' id='word_1_64' title='bbox 407 895 476 938; x_wconf 86' lang='grc' dir='ltr'><strong><em>καὶ</em></strong></span> <span class='ocrx_word' id='word_1_65' title='bbox 497 891 670 937; x_wconf 80' lang='grc' dir='ltr'><strong><em>σκύτινα</em></strong></span> <span class='ocrx_word' id='word_1_66' title='bbox 691 895 759 937; x_wconf 86' lang='grc' dir='ltr'><strong><em>καὶ</em></strong></span> <span class='ocrx_word' id='word_1_67' title='bbox 781 892 1022 952; x_wconf 78' lang='grc' dir='ltr'><strong><em>ὀστράκινα.</em></strong></span> 
     </span>
     <span class='ocr_line' id='line_1_11' title="bbox 86 958 1800 1024; baseline -0.002 -13"><span class='ocrx_word' id='word_1_68' title='bbox 86 958 131 995; x_wconf 74' lang='lat' dir='ltr'><strong><em>V·</em></strong></span> <span class='ocrx_word' id='word_1_69' title='bbox 156 959 226 997; x_wconf 79' lang='lat'><strong><em>169</em></strong></span> <span class='ocrx_word' id='word_1_70' title='bbox 276 964 494 1023; x_wconf 86' lang='grc' dir='ltr'><strong><em>Ῥωμαίων</em></strong></span> <span class='ocrx_word' id='word_1_71' title='bbox 519 961 571 1020; x_wconf 84' lang='grc' dir='ltr'><strong><em>ιη’</em></strong></span> <span class='ocrx_word' id='word_1_72' title='bbox 597 964 838 1018; x_wconf 72' lang='grc' dir='ltr'><strong><em>ἐβασίλευσε</em></strong></span> <span class='ocrx_word' id='word_1_73' title='bbox 861 969 1053 1017; x_wconf 76' lang='grc' dir='ltr'><strong><em>Τοῦλλος</em></strong></span> <span class='ocrx_word' id='word_1_74' title='bbox 1073 963 1278 1018; x_wconf 82' lang='grc' dir='ltr'><strong><em>Ὁστίλιος</em></strong></span> <span class='ocrx_word' id='word_1_75' title='bbox 1298 964 1368 1024; x_wconf 71' lang='grc' dir='ltr'><strong><em>ἴτη</em></strong></span> <span class='ocrx_word' id='word_1_76' title='bbox 1390 963 1471 1023; x_wconf 86' lang='grc' dir='ltr'><strong><em>λβ’.</em></strong></span> <span class='ocrx_word' id='word_1_77' title='bbox 1506 970 1584 1010; x_wconf 75' lang='grc' dir='ltr'><strong><em>τοῦ</em></strong></span> <span class='ocrx_word' id='word_1_78' title='bbox 1603 966 1649 1010; x_wconf 76' lang='grc' dir='ltr'><strong><em>δὲ</em></strong></span> <span class='ocrx_word' id='word_1_79' title='bbox 1675 962 1800 1010; x_wconf 69' lang='lat' dir='ltr'><strong>&gt;cd-10</strong></span> 
     </span>
     <span class='ocr_line' id='line_1_12' title="bbox 383 1029 831 1094; baseline 0 -15"><span class='ocrx_word' id='word_1_80' title='bbox 383 1052 493 1091; x_wconf 90' lang='grc' dir='ltr'><strong><em>σμου</em></strong></span> <span class='ocrx_word' id='word_1_81' title='bbox 517 1029 569 1090; x_wconf 70' lang='grc' dir='ltr'><strong><em>ἦν</em></strong></span> <span class='ocrx_word' id='word_1_82' title='bbox 586 1033 678 1084; x_wconf 71' lang='grc' dir='ltr'><strong><em>ἴτος</em></strong></span> <span class='ocrx_word' id='word_1_83' title='bbox 701 1032 831 1094; x_wconf 43' lang='grc' dir='ltr'><strong><em>Ιὸωαῆ</em></strong></span> 
     </span>
     <span class='ocr_line' id='line_1_13' title="bbox 189 1100 1749 1164; baseline 0 -14"><span class='ocrx_word' id='word_1_84' title='bbox 189 1124 222 1160; x_wconf 84' lang='lat' dir='ltr'>c</span> <span class='ocrx_word' id='word_1_85' title='bbox 355 1100 494 1156; x_wconf 70' lang='grc' dir='ltr'><strong><em>Οὗτος</em></strong></span> <span class='ocrx_word' id='word_1_86' title='bbox 527 1106 596 1147; x_wconf 82' lang='grc' dir='ltr'><strong><em>καὶ</em></strong></span> <span class='ocrx_word' id='word_1_87' title='bbox 622 1106 794 1160; x_wconf 83' lang='grc' dir='ltr'><strong><em>Σίλβιος</em></strong></span> <span class='ocrx_word' id='word_1_88' title='bbox 823 1102 940 1163; x_wconf 86' lang='grc' dir='ltr'><strong><em>παρά</em></strong></span> <span class='ocrx_word' id='word_1_89' title='bbox 970 1121 1051 1149; x_wconf 90' lang='grc' dir='ltr'><strong><em>τισι</em></strong></span> <span class='ocrx_word' id='word_1_90' title='bbox 1078 1105 1249 1162; x_wconf 70' lang='grc' dir='ltr'><strong><em>λέγεται.</em></strong></span> <span class='ocrx_word' id='word_1_91' title='bbox 1287 1102 1439 1150; x_wconf 78' lang='grc' dir='ltr'><strong><em>τοῦτόν</em></strong></span> <span class='ocrx_word' id='word_1_92' title='bbox 1458 1123 1564 1164; x_wconf 80' lang='grc' dir='ltr'><strong><em>φασι</em></strong></span> <span class='ocrx_word' id='word_1_93' title='bbox 1580 1111 1749 1164; x_wconf 80' lang='grc' dir='ltr'><strong><em>πρῶτον</em></strong></span> 
     </span>
     <span class='ocr_line' id='line_1_14' title="bbox 241 1173 1750 1236; baseline -0.001 -14"><span class='ocrx_word' id='word_1_94' title='bbox 241 1176 548 1236; x_wconf 65' lang='grc' dir='ltr'><strong><em>περιβαλέσθαι</em></strong></span> <span class='ocrx_word' id='word_1_95' title='bbox 565 1173 790 1233; x_wconf 80' lang='grc' dir='ltr'><strong><em>πορφύραν</em></strong></span> <span class='ocrx_word' id='word_1_96' title='bbox 811 1176 853 1219; x_wconf 74' lang='grc' dir='ltr'><strong><em>ἐν</em></strong></span> <span class='ocrx_word' id='word_1_97' title='bbox 872 1179 1090 1231; x_wconf 81' lang='grc' dir='ltr'><strong><em>βασιλεῦσι</em></strong></span> <span class='ocrx_word' id='word_1_98' title='bbox 1107 1174 1322 1232; x_wconf 81' lang='grc' dir='ltr'><strong><em>Ῥωμαίων</em></strong></span> <span class='ocrx_word' id='word_1_99' title='bbox 1344 1178 1412 1220; x_wconf 82' lang='grc' dir='ltr'><strong><em>καὶ</em></strong></span> <span class='ocrx_word' id='word_1_100' title='bbox 1433 1175 1595 1235; x_wconf 74' lang='grc' dir='ltr'><strong><em>ῥάβδον</em></strong></span> <span class='ocrx_word' id='word_1_101' title='bbox 1616 1195 1750 1220; x_wconf 87' lang='grc' dir='ltr'><strong><em>κατα-</em></strong></span> 
     </span>
     <span class='ocr_line' id='line_1_15' title="bbox 245 1240 1750 1309; baseline -0.001 -16"><span class='ocrx_word' id='word_1_102' title='bbox 245 1255 371 1306; x_wconf 78' lang='grc' dir='ltr'><strong><em>σχεῖν.</em></strong></span> <span class='ocrx_word' id='word_1_103' title='bbox 409 1240 534 1296; x_wconf 65' lang='grc' dir='ltr'><strong><em>οὗτος</em></strong></span> <span class='ocrx_word' id='word_1_104' title='bbox 564 1249 640 1302; x_wconf 78' lang='grc' dir='ltr'><strong><em>τῆς</em></strong></span> <span class='ocrx_word' id='word_1_105' title='bbox 673 1247 806 1309; x_wconf 74' lang='grc' dir='ltr'><strong><em>οἰκίας</em></strong></span> <span class='ocrx_word' id='word_1_106' title='bbox 836 1246 950 1307; x_wconf 74' lang='grc' dir='ltr'><strong><em>αὐτῷ</em></strong></span> <span class='ocrx_word' id='word_1_107' title='bbox 984 1248 1345 1304; x_wconf 75' lang='grc' dir='ltr'><strong><em>καταφλεχθείσης</em></strong></span> <span class='ocrx_word' id='word_1_108' title='bbox 1368 1252 1538 1308; x_wconf 80' lang='grc' dir='ltr'><strong><em>σκηπτῷ</em></strong></span> <span class='ocrx_word' id='word_1_109' title='bbox 1565 1263 1750 1304; x_wconf 77' lang='grc' dir='ltr'><strong><em>συγκαυ-</em></strong></span> 
     </span>
     <span class='ocr_line' id='line_1_16' title="bbox 244 1315 1800 1376; baseline -0.001 -14"><span class='ocrx_word' id='word_1_110' title='bbox 244 1320 338 1370; x_wconf 74' lang='grc' dir='ltr'><strong><em>θεὶς</em></strong></span> <span class='ocrx_word' id='word_1_111' title='bbox 365 1319 551 1376; x_wconf 74' lang='grc' dir='ltr'><strong><em>τελευτᾷ.</em></strong></span> <span class='ocrx_word' id='word_1_112' title='bbox 591 1315 710 1359; x_wconf 77' lang='grc' dir='ltr'><strong><em>ἄλλοι</em></strong></span> <span class='ocrx_word' id='word_1_113' title='bbox 730 1315 779 1360; x_wconf 76' lang='grc' dir='ltr'><strong><em>δέ</em></strong></span> <span class='ocrx_word' id='word_1_114' title='bbox 807 1333 913 1367; x_wconf 82' lang='grc' dir='ltr'><strong><em>τινες</em></strong></span> <span class='ocrx_word' id='word_1_115' title='bbox 942 1321 1027 1360; x_wconf 83' lang='grc' dir='ltr'><strong><em>τῶν</em></strong></span> <span class='ocrx_word' id='word_1_116' title='bbox 1048 1316 1268 1374; x_wconf 77' lang='grc' dir='ltr'><strong><em>ἱστορικῶν</em></strong></span> <span class='ocrx_word' id='word_1_117' title='bbox 1293 1318 1493 1375; x_wconf 79' lang='grc' dir='ltr'><strong><em>τέταρτον</em></strong></span> <span class='ocrx_word' id='word_1_118' title='bbox 1515 1317 1644 1361; x_wconf 77' lang='grc' dir='ltr'><strong><em>αὐτὸν</em></strong></span> <span class='ocrx_word' id='word_1_119' title='bbox 1667 1317 1749 1361; x_wconf 78' lang='grc' dir='ltr'><strong><em>ἀπὸ</em></strong></span> <span class='ocrx_word' id='word_1_120' title='bbox 1763 1324 1800 1361; x_wconf 80' lang='grc'><strong><em>15</em></strong></span> 
     </span>
     <span class='ocr_line' id='line_1_17' title="bbox 242 1383 1752 1446; baseline -0.001 -13"><span class='ocrx_word' id='word_1_121' title='bbox 242 1385 458 1444; x_wconf 77' lang='grc' dir='ltr'><strong><em>Ῥωμύλου</em></strong></span> <span class='ocrx_word' id='word_1_122' title='bbox 487 1383 712 1430; x_wconf 82' lang='grc' dir='ltr'><strong><em>τάττουσιν</em></strong></span> <span class='ocrx_word' id='word_1_123' title='bbox 741 1385 768 1443; x_wconf 67' lang='grc' dir='ltr'><strong><em>’ἢ</em></strong></span> <span class='ocrx_word' id='word_1_124' title='bbox 804 1384 834 1430; x_wconf 83' lang='grc' dir='ltr'><strong><em>ε’</em></strong></span> <span class='ocrx_word' id='word_1_125' title='bbox 855 1386 1042 1443; x_wconf 79' lang='grc' dir='ltr'><strong><em>Ἀγκῶνα</em></strong></span> <span class='ocrx_word' id='word_1_126' title='bbox 1060 1388 1300 1446; x_wconf 85' lang='grc' dir='ltr'><strong><em>Μαρκίωνα</em></strong></span> <span class='ocrx_word' id='word_1_127' title='bbox 1318 1387 1425 1443; x_wconf 78' lang='grc' dir='ltr'><strong><em>μετὰ</em></strong></span> <span class='ocrx_word' id='word_1_128' title='bbox 1445 1391 1628 1443; x_wconf 83' lang='grc' dir='ltr'><strong><em>Νουμᾶν</em></strong></span> <span class='ocrx_word' id='word_1_129' title='bbox 1644 1405 1752 1446; x_wconf 88' lang='grc' dir='ltr'><strong><em>προ-</em></strong></span> 
     </span>
     <span class='ocr_line' id='line_1_18' title="bbox 246 1451 1747 1516; baseline -0.001 -13"><span class='ocrx_word' id='word_1_130' title='bbox 246 1457 470 1508; x_wconf 82' lang='grc' dir='ltr'><strong><em>τάττοντες</em></strong></span> <span class='ocrx_word' id='word_1_131' title='bbox 499 1451 634 1500; x_wconf 47' lang='grc' dir='ltr'><strong><em>αὐτοῦ’</em></strong></span> <span class='ocrx_word' id='word_1_132' title='bbox 660 1458 730 1500; x_wconf 82' lang='grc' dir='ltr'><strong><em>καὶ</em></strong></span> <span class='ocrx_word' id='word_1_133' title='bbox 757 1457 949 1514; x_wconf 89' lang='grc' dir='ltr'><strong><em>Πρίσκον</em></strong></span> <span class='ocrx_word' id='word_1_134' title='bbox 978 1455 1215 1516; x_wconf 83' lang='grc' dir='ltr'><strong><em>Ταρκύνιον</em></strong></span> <span class='ocrx_word' id='word_1_135' title='bbox 1246 1461 1315 1502; x_wconf 81' lang='grc' dir='ltr'><strong><em>καὶ</em></strong></span> <span class='ocrx_word' id='word_1_136' title='bbox 1344 1460 1518 1514; x_wconf 85' lang='grc' dir='ltr'><strong><em>Σίλβιον</em></strong></span> <span class='ocrx_word' id='word_1_137' title='bbox 1540 1462 1747 1514; x_wconf 76' lang='grc' dir='ltr'><strong><em>Τοῦλλον,</em></strong></span> 
     </span>
     <span class='ocr_line' id='line_1_19' title="bbox 248 1524 1196 1586; baseline -0.001 -12"><span class='ocrx_word' id='word_1_138' title='bbox 248 1531 318 1574; x_wconf 81' lang='grc' dir='ltr'><strong><em>καὶ</em></strong></span> <span class='ocrx_word' id='word_1_139' title='bbox 338 1527 446 1586; x_wconf 81' lang='grc' dir='ltr'><strong><em>μετὰ</em></strong></span> <span class='ocrx_word' id='word_1_140' title='bbox 464 1524 642 1579; x_wconf 76' lang='grc' dir='ltr'><strong><em>τούτους</em></strong></span> <span class='ocrx_word' id='word_1_141' title='bbox 661 1526 734 1571; x_wconf 85' lang='grc' dir='ltr'><strong><em>τὸν</em></strong></span> <span class='ocrx_word' id='word_1_142' title='bbox 765 1531 958 1572; x_wconf 80' lang='grc' dir='ltr'><strong><em>Τοῦλλον</em></strong></span> <span class='ocrx_word' id='word_1_143' title='bbox 976 1526 1196 1573; x_wconf 87' lang='grc' dir='ltr'><strong><em>Ὁστίλιον.</em></strong></span> 
     </span>
    </p>
   </div>
   <div class='ocr_carea' id='block_1_4' title="bbox 340 1660 1755 2080">
    <p class='ocr_par' dir='ltr' id='par_1_4' title="bbox 340 1660 1751 1711">
     <span class='ocr_line' id='line_1_20' title="bbox 340 1660 1751 1711; baseline -0.001 -9"><span class='ocrx_word' id='word_1_144' title='bbox 340 1665 377 1702; x_wconf 76' lang='grc'><strong><em>2.</em></strong></span> <span class='ocrx_word' id='word_1_145' title='bbox 402 1661 616 1707; x_wconf 77' lang='grc' dir='ltr'><strong><em>Πομπίλιος</em></strong></span> <span class='ocrx_word' id='word_1_146' title='bbox 641 1662 803 1709; x_wconf 84' lang='lat' dir='ltr'><strong>Scaliger</strong></span> <span class='ocrx_word' id='word_1_147' title='bbox 830 1674 866 1709; x_wconf 87' lang='lat' dir='ltr'><strong><em>p.</em></strong></span> <span class='ocrx_word' id='word_1_148' title='bbox 882 1660 942 1700; x_wconf 88' lang='lat'><strong><em>47.</em></strong></span> <span class='ocrx_word' id='word_1_149' title='bbox 985 1662 1103 1710; x_wconf 85' lang='lat' dir='ltr'><strong>Vulgo</strong></span> <span class='ocrx_word' id='word_1_150' title='bbox 1132 1661 1321 1709; x_wconf 82' lang='grc' dir='ltr'><strong><em>Πόμπιος.</em></strong></span> <span class='ocrx_word' id='word_1_151' title='bbox 1438 1662 1474 1699; x_wconf 85' lang='grc'><strong><em>4.</em></strong></span> <span class='ocrx_word' id='word_1_152' title='bbox 1510 1660 1684 1711; x_wconf 72' lang='grc' dir='ltr'><strong><em>ῥῶμυλον</em></strong></span> <span class='ocrx_word' id='word_1_153' title='bbox 1706 1663 1751 1701; x_wconf 91' lang='grc' dir='ltr'><strong><em>Β.</em></strong></span> 
     </span>
    </p>

    <p class='ocr_par' dir='ltr' id='par_1_5' title="bbox 343 1709 1646 1770">
     <span class='ocr_line' id='line_1_21' title="bbox 343 1709 1646 1770; baseline -0.003 -21"><span class='ocrx_word' id='word_1_154' title='bbox 343 1710 547 1757; x_wconf 78' lang='grc' dir='ltr'><strong><em>Ρωμύλλον</em></strong></span> <span class='ocrx_word' id='word_1_155' title='bbox 572 1711 619 1744; x_wconf 89' lang='lat' dir='ltr'><strong><em>G.</em></strong></span> <span class='ocrx_word' id='word_1_156' title='bbox 745 1709 889 1756; x_wconf 82' lang='grc' dir='ltr'><strong><em>νόμους</em></strong></span> <span class='ocrx_word' id='word_1_157' title='bbox 917 1710 1100 1770; x_wconf 76' lang='grc' dir='ltr'><strong><em>ῥωμαιόις</em></strong></span> <span class='ocrx_word' id='word_1_158' title='bbox 1126 1712 1169 1746; x_wconf 90' lang='grc' dir='ltr'><strong><em>Β.</em></strong></span> <span class='ocrx_word' id='word_1_159' title='bbox 1202 1712 1336 1756; x_wconf 81' lang='grc' dir='ltr'><strong><em>Ρῶμος</em></strong></span> <span class='ocrx_word' id='word_1_160' title='bbox 1363 1711 1566 1756; x_wconf 83' lang='grc' dir='ltr'><strong><em>Ρωμαίους</em></strong></span> <span class='ocrx_word' id='word_1_161' title='bbox 1597 1712 1646 1746; x_wconf 80' lang='lat' dir='ltr'><strong><em>G.</em></strong></span> 
     </span>
    </p>

    <p class='ocr_par' dir='ltr' id='par_1_6' title="bbox 344 1754 1753 1854">
     <span class='ocr_line' id='line_1_22' title="bbox 344 1754 1751 1804; baseline -0.003 -7"><span class='ocrx_word' id='word_1_162' title='bbox 344 1762 380 1798; x_wconf 89' lang='grc'><strong><em>6.</em></strong></span> <span class='ocrx_word' id='word_1_163' title='bbox 405 1754 653 1802; x_wconf 79' lang='grc' dir='ltr'><strong><em>ἰαννουᾶριον</em></strong></span> <span class='ocrx_word' id='word_1_164' title='bbox 664 1757 707 1792; x_wconf 90' lang='grc' dir='ltr'><strong><em>Β.</em></strong></span> <span class='ocrx_word' id='word_1_165' title='bbox 802 1760 836 1795; x_wconf 88' lang='grc'><strong><em>7.</em></strong></span> <span class='ocrx_word' id='word_1_166' title='bbox 861 1759 926 1795; x_wconf 84' lang='grc' dir='ltr'><strong><em>καὶ</em></strong></span> <span class='ocrx_word' id='word_1_167' title='bbox 942 1773 1009 1795; x_wconf 88' lang='grc' dir='ltr'><strong><em>τον</em></strong></span> <span class='ocrx_word' id='word_1_168' title='bbox 1025 1760 1068 1794; x_wconf 90' lang='grc' dir='ltr'><strong><em>Β.</em></strong></span> <span class='ocrx_word' id='word_1_169' title='bbox 1090 1758 1158 1795; x_wconf 85' lang='grc' dir='ltr'><strong><em>τόν</em></strong></span> <span class='ocrx_word' id='word_1_170' title='bbox 1179 1770 1243 1793; x_wconf 82' lang='lat' dir='ltr'><strong>om.</strong></span> <span class='ocrx_word' id='word_1_171' title='bbox 1266 1759 1315 1793; x_wconf 87' lang='lat' dir='ltr'><strong><em>G.</em></strong></span> <span class='ocrx_word' id='word_1_172' title='bbox 1411 1759 1665 1804; x_wconf 80' lang='grc' dir='ltr'><strong><em>δεκαμηναίου</em></strong></span> <span class='ocrx_word' id='word_1_173' title='bbox 1677 1758 1751 1793; x_wconf 84' lang='grc' dir='ltr'><strong><em>ΑΒ.</em></strong></span> 
     </span>
     <span class='ocr_line' id='line_1_23' title="bbox 424 1804 1753 1854; baseline -0.001 -12"><span class='ocrx_word' id='word_1_174' title='bbox 424 1809 460 1843; x_wconf 92' lang='grc'><strong><em>8.</em></strong></span> <span class='ocrx_word' id='word_1_175' title='bbox 494 1804 612 1847; x_wconf 78' lang='grc' dir='ltr'><strong><em>αὐτὸς</em></strong></span> <span class='ocrx_word' id='word_1_176' title='bbox 641 1805 727 1850; x_wconf 84' lang='grc' dir='ltr'><strong><em>καὶ]</em></strong></span> <span class='ocrx_word' id='word_1_177' title='bbox 758 1805 822 1842; x_wconf 84' lang='grc' dir='ltr'><strong><em>καὶ</em></strong></span> <span class='ocrx_word' id='word_1_178' title='bbox 847 1818 913 1842; x_wconf 91' lang='lat' dir='ltr'><strong>om.</strong></span> <span class='ocrx_word' id='word_1_179' title='bbox 938 1807 987 1842; x_wconf 86' lang='lat' dir='ltr'><strong><em>G.</em></strong></span> <span class='ocrx_word' id='word_1_180' title='bbox 1107 1804 1247 1852; x_wconf 77' lang='grc' dir='ltr'><strong><em>ἆσοῖρια</em></strong></span> <span class='ocrx_word' id='word_1_181' title='bbox 1267 1806 1310 1840; x_wconf 93' lang='grc' dir='ltr'><strong><em>Β.</em></strong></span> <span class='ocrx_word' id='word_1_182' title='bbox 1431 1808 1487 1843; x_wconf 88' lang='grc'><strong><em>10.</em></strong></span> <span class='ocrx_word' id='word_1_183' title='bbox 1516 1805 1753 1854; x_wconf 78' lang='grc' dir='ltr'><strong><em>ἐβασίλευσεν</em></strong></span> 
     </span>
    </p>

    <p class='ocr_par' dir='ltr' id='par_1_7' title="bbox 346 1849 1657 1900">
     <span class='ocr_line' id='line_1_24' title="bbox 346 1849 1657 1900; baseline -0.001 -10"><span class='ocrx_word' id='word_1_184' title='bbox 346 1851 396 1900; x_wconf 88' lang='grc' dir='ltr'><strong><em>ιη’</em></strong></span> <span class='ocrx_word' id='word_1_185' title='bbox 423 1854 466 1889; x_wconf 93' lang='grc' dir='ltr'><strong><em>Α.</em></strong></span> <span class='ocrx_word' id='word_1_186' title='bbox 583 1854 719 1896; x_wconf 81' lang='grc' dir='ltr'><strong><em>τοῦλος</em></strong></span> <span class='ocrx_word' id='word_1_187' title='bbox 736 1853 782 1888; x_wconf 88' lang='grc' dir='ltr'><strong><em>Β.</em></strong></span> <span class='ocrx_word' id='word_1_188' title='bbox 902 1849 1083 1895; x_wconf 83' lang='grc' dir='ltr'><strong><em>ὁστίλλιος</em></strong></span> <span class='ocrx_word' id='word_1_189' title='bbox 1102 1856 1143 1890; x_wconf 90' lang='grc' dir='ltr'><strong><em>Α.</em></strong></span> <span class='ocrx_word' id='word_1_190' title='bbox 1258 1852 1321 1899; x_wconf 74' lang='grc' dir='ltr'><strong><em>ἔτη</em></strong></span> <span class='ocrx_word' id='word_1_191' title='bbox 1337 1851 1391 1899; x_wconf 81' lang='grc' dir='ltr'><strong><em>λβ’</em></strong></span> <span class='ocrx_word' id='word_1_192' title='bbox 1409 1853 1532 1889; x_wconf 82' lang='lat' dir='ltr'><strong>addidi</strong></span> <span class='ocrx_word' id='word_1_193' title='bbox 1550 1865 1595 1888; x_wconf 85' lang='lat' dir='ltr'><strong>ex</strong></span> <span class='ocrx_word' id='word_1_194' title='bbox 1613 1854 1657 1889; x_wconf 92' lang='lat' dir='ltr'><strong><em>B.</em></strong></span> 
     </span>
    </p>

    <p class='ocr_par' dir='ltr' id='par_1_8' title="bbox 346 1895 1755 1949">
     <span class='ocr_line' id='line_1_25' title="bbox 346 1895 1755 1949; baseline -0.001 -12"><span class='ocrx_word' id='word_1_195' title='bbox 346 1903 406 1947; x_wconf 58' lang='lat'><strong><em>112</em></strong></span> <span class='ocrx_word' id='word_1_196' title='bbox 432 1897 556 1949; x_wconf 50' lang='grc' dir='ltr'><strong><em>,δωκοί</em></strong></span> <span class='ocrx_word' id='word_1_197' title='bbox 581 1912 625 1936; x_wconf 88' lang='lat' dir='ltr'><strong>m.</strong></span> <span class='ocrx_word' id='word_1_198' title='bbox 748 1902 805 1937; x_wconf 77' lang='lat'><strong><em>12.</em></strong></span> <span class='ocrx_word' id='word_1_199' title='bbox 828 1903 920 1936; x_wconf 84' lang='lat' dir='ltr'><strong>Ante</strong></span> <span class='ocrx_word' id='word_1_200' title='bbox 942 1896 1067 1942; x_wconf 79' lang='grc' dir='ltr'><strong><em>Οὗτος</em></strong></span> <span class='ocrx_word' id='word_1_201' title='bbox 1093 1902 1196 1948; x_wconf 84' lang='lat' dir='ltr'><strong>vulgo</strong></span> <span class='ocrx_word' id='word_1_202' title='bbox 1226 1901 1434 1946; x_wconf 78' lang='lat' dir='ltr'><strong>legebantur</strong></span> <span class='ocrx_word' id='word_1_203' title='bbox 1466 1895 1579 1942; x_wconf 80' lang='grc' dir='ltr'><strong><em>οὗτος</em></strong></span> <span class='ocrx_word' id='word_1_204' title='bbox 1605 1900 1755 1947; x_wconf 75' lang='grc' dir='ltr'><strong><em>πρῶτος</em></strong></span> 
     </span>
    </p>

    <p class='ocr_par' dir='ltr' id='par_1_9' title="bbox 344 1945 1753 1998">
     <span class='ocr_line' id='line_1_26' title="bbox 344 1945 1753 1998; baseline -0.001 -13"><span class='ocrx_word' id='word_1_205' title='bbox 344 1947 553 1994; x_wconf 80' lang='grc' dir='ltr'><strong><em>πορφύραν</em></strong></span> <span class='ocrx_word' id='word_1_206' title='bbox 569 1945 829 1994; x_wconf 74' lang='grc' dir='ltr'><strong><em>περιβάλλεται</em></strong></span> <span class='ocrx_word' id='word_1_207' title='bbox 848 1947 1103 1998; x_wconf 73' lang='grc' dir='ltr'><strong><em>(περιεβάλετο</em></strong></span> <span class='ocrx_word' id='word_1_208' title='bbox 1121 1950 1182 1994; x_wconf 90' lang='grc' dir='ltr'><strong><em>Β.)</em></strong></span> <span class='ocrx_word' id='word_1_209' title='bbox 1202 1949 1263 1984; x_wconf 79' lang='grc' dir='ltr'><strong><em>καὶ</em></strong></span> <span class='ocrx_word' id='word_1_210' title='bbox 1283 1947 1427 1995; x_wconf 78' lang='grc' dir='ltr'><strong><em>ῥάβδον</em></strong></span> <span class='ocrx_word' id='word_1_211' title='bbox 1442 1948 1634 1995; x_wconf 80' lang='grc' dir='ltr'><strong><em>κατέσχεν,</em></strong></span> <span class='ocrx_word' id='word_1_212' title='bbox 1662 1959 1753 1995; x_wconf 82' lang='lat' dir='ltr'><strong>quae</strong></span> 
     </span>
    </p>

    <p class='ocr_par' dir='ltr' id='par_1_10' title="bbox 345 1993 1658 2080">
     <span class='ocr_line' id='line_1_27' title="bbox 345 1993 1658 2080; baseline 0.002 -49"><span class='ocrx_word' id='word_1_213' title='bbox 345 1996 383 2053; x_wconf 65' lang='lat' dir='ltr'><strong><em>i‚n</em></strong></span> <span class='ocrx_word' id='word_1_214' title='bbox 404 1995 693 2080; x_wconf 44' lang='lat' dir='ltr'><strong>mpigineAhabet</strong></span> <span class='ocrx_word' id='word_1_215' title='bbox 718 1996 763 2032; x_wconf 92' lang='lat' dir='ltr'><strong><em>B.</em></strong></span> <span class='ocrx_word' id='word_1_216' title='bbox 883 1998 941 2034; x_wconf 88' lang='grc'><strong><em>18.</em></strong></span> <span class='ocrx_word' id='word_1_217' title='bbox 966 1994 1034 2034; x_wconf 86' lang='grc' dir='ltr'><strong><em>τὸν</em></strong></span> <span class='ocrx_word' id='word_1_218' title='bbox 1053 1998 1213 2034; x_wconf 82' lang='grc' dir='ltr'><strong><em>τοῦλλον</em></strong></span> <span class='ocrx_word' id='word_1_219' title='bbox 1232 1997 1276 2033; x_wconf 84' lang='grc' dir='ltr'><strong><em>Β.</em></strong></span> <span class='ocrx_word' id='word_1_220' title='bbox 1301 1995 1371 2034; x_wconf 84' lang='grc' dir='ltr'><strong><em>τόν</em></strong></span> <span class='ocrx_word' id='word_1_221' title='bbox 1401 1993 1585 2034; x_wconf 80' lang='grc' dir='ltr'><strong><em>Τούλλιον</em></strong></span> <span class='ocrx_word' id='word_1_222' title='bbox 1609 1995 1658 2033; x_wconf 86' lang='lat' dir='ltr'><strong><em>G.</em></strong></span> 
     </span>
    </p>

    <p class='ocr_par' dir='ltr' id='par_1_11' title="bbox 347 2055 968 2080">
     <span class='ocr_line' id='line_1_28' title="bbox 347 2055 968 2080; baseline -0.005 0"><span class='ocrx_word' id='word_1_223' title='bbox 347 2055 412 2080; x_wconf 87' lang='grc' dir='ltr'><strong><em>οστ</em></strong></span> <span class='ocrx_word' id='word_1_224' title='bbox 471 2056 532 2080; x_wconf 90' lang='grc' dir='ltr'><strong><em>ιον</em></strong></span> <span class='ocrx_word' id='word_1_225' title='bbox 587 2068 598 2079; x_wconf 88' lang='grc'><strong><em>.</em></strong></span> <span class='ocrx_word' id='word_1_226' title='bbox 964 2067 968 2072; x_wconf 80' lang='lat'><em>-</em></span> 
     </span>
    </p>
   </div>
   <div class='ocr_carea' id='block_1_5' title="bbox 784 2162 1212 2216">
    <p class='ocr_par' dir='ltr' id='par_1_12' title="bbox 784 2162 1212 2216">
     <span class='ocr_line' id='line_1_29' title="bbox 784 2162 1212 2216; baseline 0.005 -14"><span class='ocrx_word' id='word_1_227' title='bbox 784 2162 1059 2202; x_wconf 84' lang='lat' dir='ltr'><strong>Romanorum</strong></span> <span class='ocrx_word' id='word_1_228' title='bbox 1087 2177 1212 2216; x_wconf 75' lang='lat' dir='ltr'><strong>reges-</strong></span> 
     </span>
    </p>
   </div>
   <div class='ocr_carea' id='block_1_6' title="bbox 254 2228 1756 2750">
    <p class='ocr_par' dir='ltr' id='par_1_13' title="bbox 301 2228 1614 2277">
     <span class='ocr_line' id='line_1_30' title="bbox 301 2228 1614 2277; baseline -0.002 -10"><span class='ocrx_word' id='word_1_229' title='bbox 301 2229 533 2267; x_wconf 84' lang='lat' dir='ltr'><strong>Romanorum</strong></span> <span class='ocrx_word' id='word_1_230' title='bbox 557 2242 621 2267; x_wconf 86' lang='lat' dir='ltr'><strong><em>rex</em></strong></span> <span class='ocrx_word' id='word_1_231' title='bbox 642 2232 687 2269; x_wconf 90' lang='grc'><strong><em>17</em></strong></span> <span class='ocrx_word' id='word_1_232' title='bbox 710 2231 829 2267; x_wconf 83' lang='lat' dir='ltr'><strong>Numa</strong></span> <span class='ocrx_word' id='word_1_233' title='bbox 847 2230 1040 2277; x_wconf 84' lang='lat' dir='ltr'>Pompilius</span> <span class='ocrx_word' id='word_1_234' title='bbox 1058 2231 1158 2266; x_wconf 78' lang='lat' dir='ltr'><strong>annis</strong></span> <span class='ocrx_word' id='word_1_235' title='bbox 1174 2229 1242 2274; x_wconf 83' lang='lat'><strong><em>41,</em></strong></span> <span class='ocrx_word' id='word_1_236' title='bbox 1269 2229 1386 2266; x_wconf 86' lang='lat' dir='ltr'><strong>mundi</strong></span> <span class='ocrx_word' id='word_1_237' title='bbox 1407 2241 1491 2266; x_wconf 86' lang='lat' dir='ltr'><strong>vero</strong></span> <span class='ocrx_word' id='word_1_238' title='bbox 1507 2228 1614 2267; x_wconf 76' lang='lat'><strong>4720.</strong></span> 
     </span>
    </p>

    <p class='ocr_par' dir='ltr' id='par_1_14' title="bbox 256 2275 1753 2467">
     <span class='ocr_line' id='line_1_31' title="bbox 350 2275 1753 2325; baseline 0 -14"><span class='ocrx_word' id='word_1_239' title='bbox 350 2277 468 2312; x_wconf 86' lang='lat' dir='ltr'><strong>Numa</strong></span> <span class='ocrx_word' id='word_1_240' title='bbox 491 2279 635 2314; x_wconf 87' lang='lat' dir='ltr'><strong>Romulo</strong></span> <span class='ocrx_word' id='word_1_241' title='bbox 662 2278 754 2314; x_wconf 86' lang='lat' dir='ltr'><strong>vivis</strong></span> <span class='ocrx_word' id='word_1_242' title='bbox 775 2283 896 2325; x_wconf 88' lang='lat' dir='ltr'><strong>erepto</strong></span> <span class='ocrx_word' id='word_1_243' title='bbox 920 2278 1094 2323; x_wconf 82' lang='lat' dir='ltr'><strong>regnavit.</strong></span> <span class='ocrx_word' id='word_1_244' title='bbox 1150 2279 1214 2313; x_wconf 89' lang='lat' dir='ltr'><strong>Ille</strong></span> <span class='ocrx_word' id='word_1_245' title='bbox 1239 2277 1450 2324; x_wconf 79' lang='lat' dir='ltr'>Capitolium</span> <span class='ocrx_word' id='word_1_246' title='bbox 1474 2290 1496 2313; x_wconf 89' lang='lat' dir='ltr'><strong>a</strong></span> <span class='ocrx_word' id='word_1_247' title='bbox 1519 2275 1753 2312; x_wconf 73' lang='lat' dir='ltr'><strong>fundamentis</strong></span> 
     </span>
     <span class='ocr_line' id='line_1_32' title="bbox 257 2324 1753 2372; baseline -0.001 -12"><span class='ocrx_word' id='word_1_248' title='bbox 257 2324 381 2360; x_wconf 85' lang='lat' dir='ltr'><strong>erexit.</strong></span> <span class='ocrx_word' id='word_1_249' title='bbox 429 2324 525 2360; x_wconf 88' lang='lat' dir='ltr'><strong>Idem</strong></span> <span class='ocrx_word' id='word_1_250' title='bbox 556 2326 755 2361; x_wconf 86' lang='lat' dir='ltr'><strong>decimestri</strong></span> <span class='ocrx_word' id='word_1_251' title='bbox 782 2325 878 2372; x_wconf 86' lang='lat' dir='ltr'><strong>prius</strong></span> <span class='ocrx_word' id='word_1_252' title='bbox 906 2337 994 2360; x_wconf 87' lang='lat' dir='ltr'><strong>anno</strong></span> <span class='ocrx_word' id='word_1_253' title='bbox 1020 2326 1186 2360; x_wconf 77' lang='lat' dir='ltr'><strong>existenti</strong></span> <span class='ocrx_word' id='word_1_254' title='bbox 1213 2325 1301 2360; x_wconf 91' lang='lat' dir='ltr'><strong>duos</strong></span> <span class='ocrx_word' id='word_1_255' title='bbox 1326 2335 1462 2360; x_wconf 85' lang='lat' dir='ltr'><strong>menses</strong></span> <span class='ocrx_word' id='word_1_256' title='bbox 1489 2325 1686 2360; x_wconf 77' lang='lat' dir='ltr'><strong>Ianuarium</strong></span> <span class='ocrx_word' id='word_1_257' title='bbox 1715 2327 1753 2358; x_wconf 86' lang='lat' dir='ltr'><strong>et</strong></span> 
     </span>
     <span class='ocr_line' id='line_1_33' title="bbox 257 2370 1753 2420; baseline -0.001 -12"><span class='ocrx_word' id='word_1_258' title='bbox 257 2371 484 2408; x_wconf 80' lang='lat' dir='ltr'><strong>Februarium</strong></span> <span class='ocrx_word' id='word_1_259' title='bbox 511 2372 651 2407; x_wconf 85' lang='lat' dir='ltr'><strong>adiecit.</strong></span> <span class='ocrx_word' id='word_1_260' title='bbox 699 2374 781 2420; x_wconf 89' lang='lat' dir='ltr'><strong>Ipse</strong></span> <span class='ocrx_word' id='word_1_261' title='bbox 808 2372 1020 2418; x_wconf 84' lang='lat' dir='ltr'><strong>congiarium</strong></span> <span class='ocrx_word' id='word_1_262' title='bbox 1041 2373 1168 2420; x_wconf 83' lang='lat' dir='ltr'><strong>populo</strong></span> <span class='ocrx_word' id='word_1_263' title='bbox 1191 2372 1309 2417; x_wconf 83' lang='lat' dir='ltr'><strong>dedit,</strong></span> <span class='ocrx_word' id='word_1_264' title='bbox 1333 2384 1486 2408; x_wconf 85' lang='lat' dir='ltr'><strong>nummos</strong></span> <span class='ocrx_word' id='word_1_265' title='bbox 1517 2372 1683 2408; x_wconf 88' lang='lat' dir='ltr'><strong>videlicet</strong></span> <span class='ocrx_word' id='word_1_266' title='bbox 1708 2370 1753 2406; x_wconf 87' lang='lat' dir='ltr'><strong><em>li-</em></strong></span> 
     </span>
     <span class='ocr_line' id='line_1_34' title="bbox 256 2419 1419 2467; baseline 0.001 -13"><span class='ocrx_word' id='word_1_267' title='bbox 256 2431 389 2467; x_wconf 84' lang='lat' dir='ltr'><strong>gneos,</strong></span> <span class='ocrx_word' id='word_1_268' title='bbox 414 2419 592 2454; x_wconf 88' lang='lat' dir='ltr'><strong>coriaceos</strong></span> <span class='ocrx_word' id='word_1_269' title='bbox 617 2425 653 2455; x_wconf 84' lang='lat' dir='ltr'><strong>et</strong></span> <span class='ocrx_word' id='word_1_270' title='bbox 670 2423 856 2455; x_wconf 85' lang='lat' dir='ltr'><strong>testaceos.</strong></span> <span class='ocrx_word' id='word_1_271' title='bbox 1417 2443 1419 2445; x_wconf 31' lang='grc' dir='ltr'><strong><em>ν</em></strong></span> 
     </span>
    </p>

    <p class='ocr_par' dir='ltr' id='par_1_15' title="bbox 303 2463 1633 2510">
     <span class='ocr_line' id='line_1_35' title="bbox 303 2463 1633 2510; baseline -0.002 -8"><span class='ocrx_word' id='word_1_272' title='bbox 303 2466 533 2502; x_wconf 85' lang='lat' dir='ltr'><strong>Romanorum</strong></span> <span class='ocrx_word' id='word_1_273' title='bbox 559 2478 621 2502; x_wconf 88' lang='lat' dir='ltr'><strong><em>rex</em></strong></span> <span class='ocrx_word' id='word_1_274' title='bbox 647 2469 691 2504; x_wconf 89' lang='lat'><strong><em>18</em></strong></span> <span class='ocrx_word' id='word_1_275' title='bbox 716 2467 840 2502; x_wconf 88' lang='lat' dir='ltr'><strong>Tullus</strong></span> <span class='ocrx_word' id='word_1_276' title='bbox 865 2467 1038 2503; x_wconf 86' lang='lat' dir='ltr'><strong>Hostilius</strong></span> <span class='ocrx_word' id='word_1_277' title='bbox 1063 2466 1161 2502; x_wconf 87' lang='lat' dir='ltr'><strong>annis</strong></span> <span class='ocrx_word' id='word_1_278' title='bbox 1184 2468 1252 2510; x_wconf 78' lang='lat'><strong><em>32,</em></strong></span> <span class='ocrx_word' id='word_1_279' title='bbox 1277 2466 1393 2502; x_wconf 86' lang='lat' dir='ltr'><strong>mundi</strong></span> <span class='ocrx_word' id='word_1_280' title='bbox 1417 2477 1503 2502; x_wconf 85' lang='lat' dir='ltr'><strong>vero</strong></span> <span class='ocrx_word' id='word_1_281' title='bbox 1527 2463 1633 2503; x_wconf 73' lang='lat'><strong>4821.</strong></span> 
     </span>
    </p>

    <p class='ocr_par' dir='ltr' id='par_1_16' title="bbox 254 2513 1756 2750">
     <span class='ocr_line' id='line_1_36' title="bbox 350 2513 1754 2562; baseline -0.002 -14"><span class='ocrx_word' id='word_1_282' title='bbox 350 2513 421 2548; x_wconf 87' lang='lat' dir='ltr'><strong><em>Hic</em></strong></span> <span class='ocrx_word' id='word_1_283' title='bbox 437 2525 558 2560; x_wconf 87' lang='lat' dir='ltr'><strong>regum</strong></span> <span class='ocrx_word' id='word_1_284' title='bbox 576 2514 704 2560; x_wconf 87' lang='lat' dir='ltr'><strong>primus</strong></span> <span class='ocrx_word' id='word_1_285' title='bbox 723 2526 910 2562; x_wconf 88' lang='lat' dir='ltr'><strong>purpuram</strong></span> <span class='ocrx_word' id='word_1_286' title='bbox 934 2514 1048 2549; x_wconf 84' lang='lat' dir='ltr'><strong>induit</strong></span> <span class='ocrx_word' id='word_1_287' title='bbox 1071 2519 1107 2550; x_wconf 86' lang='lat' dir='ltr'><strong>et</strong></span> <span class='ocrx_word' id='word_1_288' title='bbox 1126 2518 1302 2561; x_wconf 85' lang='lat' dir='ltr'><strong>sceptrum</strong></span> <span class='ocrx_word' id='word_1_289' title='bbox 1331 2513 1468 2560; x_wconf 85' lang='lat' dir='ltr'><strong>regium</strong></span> <span class='ocrx_word' id='word_1_290' title='bbox 1491 2513 1630 2559; x_wconf 85' lang='lat' dir='ltr'><strong>insigne</strong></span> <span class='ocrx_word' id='word_1_291' title='bbox 1652 2521 1754 2546; x_wconf 86' lang='lat' dir='ltr'><strong>manu</strong></span> 
     </span>
     <span class='ocr_line' id='line_1_37' title="bbox 254 2559 1754 2609; baseline -0.003 -12"><span class='ocrx_word' id='word_1_292' title='bbox 254 2560 381 2598; x_wconf 77' lang='lat' dir='ltr'><strong>tenuit.</strong></span> <span class='ocrx_word' id='word_1_293' title='bbox 429 2561 500 2596; x_wconf 85' lang='lat' dir='ltr'><strong><em>Hic</em></strong></span> <span class='ocrx_word' id='word_1_294' title='bbox 517 2561 630 2608; x_wconf 85' lang='lat' dir='ltr'><strong>Sylvii</strong></span> <span class='ocrx_word' id='word_1_295' title='bbox 655 2574 796 2609; x_wconf 88' lang='lat' dir='ltr'><strong>quoque</strong></span> <span class='ocrx_word' id='word_1_296' title='bbox 819 2573 941 2597; x_wconf 88' lang='lat' dir='ltr'><strong>nomen</strong></span> <span class='ocrx_word' id='word_1_297' title='bbox 959 2561 1053 2608; x_wconf 84' lang='lat' dir='ltr'><strong>apud</strong></span> <span class='ocrx_word' id='word_1_298' title='bbox 1075 2561 1207 2608; x_wconf 84' lang='lat' dir='ltr'><strong>aliquos</strong></span> <span class='ocrx_word' id='word_1_299' title='bbox 1226 2562 1382 2596; x_wconf 84' lang='lat' dir='ltr'><strong>sortitur.</strong></span> <span class='ocrx_word' id='word_1_300' title='bbox 1431 2561 1591 2595; x_wconf 85' lang='lat' dir='ltr'><strong>Eundem</strong></span> <span class='ocrx_word' id='word_1_301' title='bbox 1616 2571 1636 2593; x_wconf 91' lang='lat' dir='ltr'><strong>e</strong></span> <span class='ocrx_word' id='word_1_302' title='bbox 1657 2559 1754 2603; x_wconf 84' lang='lat' dir='ltr'><strong>regi-</strong></span> 
     </span>
     <span class='ocr_line' id='line_1_38' title="bbox 256 2605 1755 2655; baseline -0.004 -10"><span class='ocrx_word' id='word_1_303' title='bbox 256 2609 322 2645; x_wconf 86' lang='lat' dir='ltr'><strong><em>bus</em></strong></span> <span class='ocrx_word' id='word_1_304' title='bbox 346 2607 491 2655; x_wconf 86' lang='lat' dir='ltr'><strong>primum</strong></span> <span class='ocrx_word' id='word_1_305' title='bbox 511 2619 667 2655; x_wconf 86' lang='lat' dir='ltr'><strong>purpura</strong></span> <span class='ocrx_word' id='word_1_306' title='bbox 686 2622 723 2644; x_wconf 88' lang='lat' dir='ltr'><strong><em>se</em></strong></span> <span class='ocrx_word' id='word_1_307' title='bbox 740 2620 883 2645; x_wconf 85' lang='lat' dir='ltr'><strong>ornasse</strong></span> <span class='ocrx_word' id='word_1_308' title='bbox 902 2613 939 2644; x_wconf 84' lang='lat' dir='ltr'><strong>et</strong></span> <span class='ocrx_word' id='word_1_309' title='bbox 960 2614 1133 2655; x_wconf 84' lang='lat' dir='ltr'><strong>sceptrum</strong></span> <span class='ocrx_word' id='word_1_310' title='bbox 1155 2609 1312 2644; x_wconf 81' lang='lat' dir='ltr'><strong>manibus</strong></span> <span class='ocrx_word' id='word_1_311' title='bbox 1341 2608 1497 2644; x_wconf 83' lang='lat' dir='ltr'><strong>tenuisse</strong></span> <span class='ocrx_word' id='word_1_312' title='bbox 1516 2608 1645 2642; x_wconf 77' lang='lat' dir='ltr'><strong>ferunt.</strong></span> <span class='ocrx_word' id='word_1_313' title='bbox 1694 2605 1755 2639; x_wconf 93' lang='lat' dir='ltr'><strong><em>In-</em></strong></span> 
     </span>
     <span class='ocr_line' id='line_1_39' title="bbox 259 2653 1755 2702; baseline -0.003 -11"><span class='ocrx_word' id='word_1_314' title='bbox 259 2667 366 2691; x_wconf 82' lang='lat' dir='ltr'><strong>censa</strong></span> <span class='ocrx_word' id='word_1_315' title='bbox 384 2654 483 2691; x_wconf 91' lang='lat' dir='ltr'><strong>domo</strong></span> <span class='ocrx_word' id='word_1_316' title='bbox 499 2655 643 2691; x_wconf 78' lang='lat' dir='ltr'><strong>fulmine</strong></span> <span class='ocrx_word' id='word_1_317' title='bbox 667 2668 853 2702; x_wconf 88' lang='lat' dir='ltr'><strong>percussus</strong></span> <span class='ocrx_word' id='word_1_318' title='bbox 883 2656 1029 2692; x_wconf 87' lang='lat' dir='ltr'><strong>interiit.</strong></span> <span class='ocrx_word' id='word_1_319' title='bbox 1086 2657 1341 2691; x_wconf 84' lang='lat' dir='ltr'><strong>Historicorum</strong></span> <span class='ocrx_word' id='word_1_320' title='bbox 1369 2653 1521 2690; x_wconf 91' lang='lat' dir='ltr'><strong>nonnulli</strong></span> <span class='ocrx_word' id='word_1_321' title='bbox 1550 2658 1708 2700; x_wconf 83' lang='lat' dir='ltr'><strong>quartum</strong></span> <span class='ocrx_word' id='word_1_322' title='bbox 1733 2664 1755 2687; x_wconf 80' lang='lat' dir='ltr'><strong>a</strong></span> 
     </span>
     <span class='ocr_line' id='line_1_40' title="bbox 259 2700 1756 2750; baseline -0.003 -13"><span class='ocrx_word' id='word_1_323' title='bbox 259 2702 406 2738; x_wconf 86' lang='lat' dir='ltr'><strong>Romulo</strong></span> <span class='ocrx_word' id='word_1_324' title='bbox 433 2708 589 2749; x_wconf 82' lang='lat' dir='ltr'><strong>ponunt,</strong></span> <span class='ocrx_word' id='word_1_325' title='bbox 621 2704 681 2739; x_wconf 87' lang='lat' dir='ltr'><strong>alii</strong></span> <span class='ocrx_word' id='word_1_326' title='bbox 710 2704 864 2750; x_wconf 83' lang='lat' dir='ltr'><strong>quintum</strong></span> <span class='ocrx_word' id='word_1_327' title='bbox 888 2715 963 2739; x_wconf 89' lang='lat' dir='ltr'><strong><em>eum</em></strong></span> <span class='ocrx_word' id='word_1_328' title='bbox 990 2707 1189 2747; x_wconf 82' lang='lat' dir='ltr'><strong>numerant,</strong></span> <span class='ocrx_word' id='word_1_329' title='bbox 1216 2705 1310 2739; x_wconf 82' lang='lat' dir='ltr'><strong>Anco</strong></span> <span class='ocrx_word' id='word_1_330' title='bbox 1339 2701 1490 2744; x_wconf 81' lang='lat' dir='ltr'><strong>Martio,</strong></span> <span class='ocrx_word' id='word_1_331' title='bbox 1514 2701 1637 2736; x_wconf 90' lang='lat' dir='ltr'><strong>Prisco</strong></span> <span class='ocrx_word' id='word_1_332' title='bbox 1659 2700 1756 2734; x_wconf 84' lang='lat' dir='ltr'><strong>Tar-</strong></span> 
     </span>
    </p>
   </div>
   <div class='ocr_carea' id='block_1_7' title="bbox 260 2747 1755 2835">
    <p class='ocr_par' dir='ltr' id='par_1_17' title="bbox 260 2747 1755 2835">
     <span class='ocr_line' id='line_1_41' title="bbox 260 2747 1755 2800; baseline -0.003 -16"><span class='ocrx_word' id='word_1_333' title='bbox 260 2749 400 2795; x_wconf 87' lang='lat' dir='ltr'><strong>quinio,</strong></span> <span class='ocrx_word' id='word_1_334' title='bbox 426 2755 463 2785; x_wconf 84' lang='lat' dir='ltr'><strong>et</strong></span> <span class='ocrx_word' id='word_1_335' title='bbox 481 2749 602 2796; x_wconf 83' lang='lat' dir='ltr'><strong>Sylvio</strong></span> <span class='ocrx_word' id='word_1_336' title='bbox 619 2751 726 2788; x_wconf 89' lang='lat' dir='ltr'><strong>Tullo</strong></span> <span class='ocrx_word' id='word_1_337' title='bbox 748 2754 829 2800; x_wconf 87' lang='lat' dir='ltr'><strong>post</strong></span> <span class='ocrx_word' id='word_1_338' title='bbox 844 2751 994 2790; x_wconf 84' lang='lat' dir='ltr'><strong>Numam</strong></span> <span class='ocrx_word' id='word_1_339' title='bbox 1019 2751 1053 2787; x_wconf 89' lang='lat' dir='ltr'><strong>ei</strong></span> <span class='ocrx_word' id='word_1_340' title='bbox 1068 2750 1282 2800; x_wconf 81' lang='lat' dir='ltr'><strong>praepositis</strong></span> <span class='ocrx_word' id='word_1_341' title='bbox 1294 2775 1306 2795; x_wconf 88' lang='lat'><strong>,</strong></span> <span class='ocrx_word' id='word_1_342' title='bbox 1329 2762 1372 2787; x_wconf 82' lang='lat' dir='ltr'><strong><em>ac</em></strong></span> <span class='ocrx_word' id='word_1_343' title='bbox 1393 2748 1533 2785; x_wconf 84' lang='lat' dir='ltr'><strong>tandem</strong></span> <span class='ocrx_word' id='word_1_344' title='bbox 1547 2751 1644 2783; x_wconf 87' lang='lat' dir='ltr'><strong>retro</strong></span> <span class='ocrx_word' id='word_1_345' title='bbox 1662 2747 1755 2781; x_wconf 90' lang='lat' dir='ltr'><strong>hunc</strong></span> 
     </span>
     <span class='ocr_line' id='line_1_42' title="bbox 260 2796 619 2835; baseline 0.008 -3"><span class='ocrx_word' id='word_1_346' title='bbox 260 2796 402 2833; x_wconf 88' lang='lat' dir='ltr'><strong>Tullum</strong></span> <span class='ocrx_word' id='word_1_347' title='bbox 418 2797 619 2835; x_wconf 79' lang='lat' dir='ltr'><strong>Hostilium.</strong></span> 
     </span>
    </p>
   </div>
  </div>
 </body>
</html>
