1800 3236
228 154 332 207 742
812 160 1146 210 ¹NICEPHORI

75 281 120 320 Ρ.
141 283 213 321 898
330 271 423 319 Ἐπὶ
450 268 604 320 τούτου
626 270 945 336 προεφήτευσαν
958 274 1111 334 Ὠσηὲ,
1141 273 1304 334 Ἀμώς,
1337 274 1542 335 Ἡσαΐας,
1572 277 1732 335 Ἰωνᾶς,

222 341 359 403 Ἰωήλ.

325 413 522 471 ’Ῑωαθάμ
541 411 613 472 ἴτη
633 410 698 469 ιζ’.

321 485 456 543 ἶΆχαζ
475 484 547 542 ἔτη
570 481 636 536 ις’.

327 555 508 610 Ἐζεκίας
533 553 605 613 ἴτη
624 550 712 600 κθ’.
1736 566 1763 604 5

329 629 578 683 Μανασσῆς
597 624 670 683 ἔτη
688 622 759 670 νε’.

326 696 420 741 Ἐπὶ
440 692 595 741 τούτου
618 695 668 740 τὸ
686 691 919 751 Βυζάντιον
939 693 1130 754 ἐκτίσθη.

322 765 425 824 ’Έτη
450 764 506 823 ιβ’
522 763 673 823 Ἀμώς.

326 836 491 889 Ἰωσίας
513 835 584 895 ἔτη
608 833 690 881 λα’.

325 909 417 954 Καὶ
437 907 638 966 ἀναρχίας
649 906 720 965 ἴτη
737 902 777 951 λ’
795 904 904 951 κατὰ
923 905 1024 959 τοὺς
1036 902 1087 963 ο’,
1108 906 1216 953 κατὰ
1231 907 1278 953 δὲ
1290 907 1338 954 τὸ
1346 906 1567 969 Ἑβραὶόιόν
1586 906 1660 967 {svn
1677 905 1730 956 ν’.
1745 919 1792 957 10

186 989 219 1028 Β
325 978 422 1024 Ἐπὶ
441 975 605 1023 τούτων
631 975 920 1038 προεφήτευον
944 975 1165 1038 Ἱερεμίας,
1200 981 1416 1041 Σοφονίας
1442 981 1513 1026 καὶ
1539 978 1730 1041 Βαρούχ.

322 1048 504 1105 Ἰωαχὰζ
519 1053 660 1106 μῆνας
678 1046 730 1106 γ’.

319 1118 530 1175 Ἔλιακεὶμ
548 1117 620 1176 ἴτη
641 1116 713 1174 ιβ’.

321 1189 517 1246 Ἰεχονίας
538 1193 678 1246 μῆνας
695 1185 748 1246 γ’.

327 1260 524 1311 Σεδεκίας
550 1258 621 1317 ξ’τη
641 1256 712 1304 ια’.
840 1283 844 1287 -
1742 1272 1789 1310 15

329 1334 497 1375 Τοῦτον
524 1326 796 1389 ἓκτυφλῶσας
823 1324 1221 1388 Ναβουχοδονὸσωρ
1242 1327 1264 1374 ὅ
1283 1328 1484 1387 βασιλεῦς
1512 1328 1731 1388 αἰχμάλω-

222 1418 297 1446 τον
321 1396 412 1461 ᾗρε.
461 1402 531 1445 καὶ
565 1398 586 1444 ὅ
620 1399 721 1452 ναὸς
741 1403 1013 1459 πυρπολεῖται
1034 1400 1142 1457 μετὰ
1166 1405 1305 1459 μῆνας
1327 1399 1359 1445 ε’
1379 1400 1450 1446 διὰ
1470 1403 1731 1462 Ναβουζαρ-

223 1473 304 1516 δᾶν
314 1506 328 1527 ,
366 1471 588 1530 διαρκέσας
606 1470 686 1530 ἀφ’
711 1465 759 1515 οὗ
784 1470 959 1527 ἐκτίσθη
982 1470 1054 1528 ἔτη
1074 1468 1196 1528 υλβ’..

319 1540 453 1599 Ὁμοῦ
471 1541 525 1586 τὰ
543 1539 682 1586 πάντα
700 1541 782 1586 ἀπὸ
803 1541 936 1599 ἀρχῆς
953 1543 1171 1598 βασιλείας
1191 1544 1470 1597 Σολομῶντος
1484 1540 1562 1594 ἕως
1572 1543 1730 1599 αἷχμα-

184 1614 382 1665 Ολωσίας
407 1612 479 1670 ἔτη
505 1609 620 1670 υμη’.
657 1611 764 1668 μετὰ
790 1612 837 1656 δὲ
866 1611 944 1667 τὴν
974 1612 1265 1669 αἰχμαλωσίαν
1293 1616 1380 1656 τῶν
1404 1610 1621 1657 Ἰουδαίων
1652 1613 1786 1672 τὴνὲο

312 1702 347 1738 1.
378 1698 640 1749 προεφήτευον
669 1701 718 1736 G.
861 1696 1022 1743 Ἡσαΐας
1051 1712 1096 1736 ex
1121 1700 1156 1736 R
1182 1702 1220 1736 et
1249 1699 1437 1735 Anastasio
1466 1701 1632 1738 accessit.

309 1750 347 1785 7.
370 1746 525 1795 ἐκτίσθη
543 1750 587 1785 R.
613 1747 770 1797 ἐκτίσθη
786 1745 851 1795 ἔτη
875 1746 970 1794 (ἔτει
988 1748 1152 1795 Scaliger
1170 1760 1206 1794 p.
1225 1748 1316 1793 302)
1342 1746 1390 1795 ιβ’
1406 1748 1456 1785 G.
1561 1751 1596 1787 8.
1622 1746 1728 1796 ἆμοὸς

309 1795 353 1831 R.
379 1794 400 1834 ὃ
427 1797 537 1844 Amas
554 1798 603 1832 G.
722 1799 758 1834 9.
778 1793 937 1842 Ἰωσίας]
964 1794 1102 1843 ἡσαΐας
1122 1796 1168 1831 R.
1288 1798 1346 1833 10.
1372 1795 1471 1832 κατὰ
1494 1794 1552 1842 δὲ]
1577 1797 1641 1834 καὶ
1659 1811 1728 1834 κα-

306 1842 356 1902 τοζ
382 1846 431 1880 G.
497 1847 591 1928 G12.
615 1844 726 1892 ἴαχαζ
741 1845 785 1881 R.
890 1846 948 1883 16.
972 1838 1325 1892 Ναβουχοδονόσορ
1347 1843 1396 1880 G.
1490 1845 1551 1882 20.
1574 1843 1617 1882 δὲ
1634 1844 1722 1893 τήν]

309 1905 383 1939 την
407 1904 474 1928 om.
536 1918 546 1928 .

238 2008 252 2043 1
293 1961 398 2018 .Eius
421 1966 583 2011 tempore
610 1963 728 2008 Osee,
760 1963 885 2007 Amos,
918 1961 1069 2007 Esaias,
1101 1961 1229 2009 Ionas,
1262 1961 1364 2007 leel,
1396 1961 1609 2010 prophetiae
1631 1962 1723 2001 dono

217 2019 237 2043 c
253 2020 318 2045 an.

308 2057 466 2093 Ioatham
491 2057 592 2093 annis
615 2058 673 2096 17.
752 2064 764 2070 ·

308 2105 425 2139 Achas
450 2105 550 2139 annis
577 2106 635 2142 16.

306 2150 458 2186 Ezecias
483 2151 582 2187 annis
605 2153 666 2189 29.

305 2197 492 2233 Manasses
515 2199 615 2234 annis
638 2200 697 2237 55.

305 2243 420 2279 Huius
442 2257 532 2280 anno
554 2248 600 2283 12
618 2245 829 2295 Byzantium
846 2243 950 2283 condi
968 2246 1141 2294 coeptum.

307 2292 413 2326 Amos
437 2292 537 2327 annis
564 2295 622 2330 12.

304 2337 417 2374 Iosias
441 2339 539 2374 annis
563 2341 624 2377 31.

307 2385 357 2420 Et
373 2386 609 2432 interregnum
635 2387 735 2423 annis
762 2386 910 2434 triginta
937 2389 1119 2433 sequutum
1146 2388 1226 2431 est,
1253 2384 1445 2424 secundum
1469 2387 1720 2437 septuaginta3

215 2432 405 2469 secundum
425 2432 624 2469 Hebraeum
646 2435 824 2481 exemplar
847 2434 945 2469 annis
966 2433 1233 2480 quinquaginta.

307 2480 423 2516 Huius
441 2480 658 2524 Hieremias,
682 2480 881 2528 sophonias
895 2485 933 2518 et
948 2481 1090 2518 Baruch
1106 2481 1378 2529 prophetabant.

306 2527 458 2562 Ioachaz
480 2527 658 2563 mensibus
680 2530 717 2566 3.

305 2574 454 2609 Eliacim
477 2574 576 2611 annis
601 2576 657 2612 12.

303 2621 485 2657 lechonias
509 2621 687 2658 mensibus
709 2622 745 2660 3.

303 2669 472 2704 sedecias
495 2669 596 2704 annis
618 2670 676 2708 11.
1437 2689 1440 2692 >

302 2715 406 2751 Hunc
432 2716 571 2752 effossis
600 2716 711 2752 oeulis
735 2715 1063 2753 Nabuchodonosor
1080 2727 1144 2754 rex
1161 2717 1337 2765 captivum
1357 2715 1464 2761 tulit3
1487 2718 1525 2753 et
1550 2717 1715 2765 templum

210 2764 288 2807 post
306 2773 440 2798 menses
460 2763 616 2811 quinque
634 2776 656 2800 a
684 2764 925 2801 Nabuzardan
941 2764 1026 2811 igne
1049 2765 1278 2809 devastatur,
1303 2776 1380 2801 cum
1402 2777 1423 2801 a
1441 2764 1560 2813 primo
1573 2765 1714 2801 conditu

206 2809 306 2843 annis
321 2807 391 2847 432
410 2811 582 2848 stetisset.

300 2857 332 2892 A
357 2858 460 2902 regni
485 2857 679 2894 Salomonis
708 2857 853 2894 exordio
885 2857 930 2893 ad
959 2859 1200 2905 captivitatem
1227 2870 1340 2907 usque
1371 2858 1452 2894 anni
1478 2856 1549 2896 448
1579 2858 1615 2894 in
1635 2857 1714 2893 uni-

207 2913 346 2940 versum
375 2904 507 2941 cladem
530 2908 766 2942 numerantur.
813 2905 902 2941 Post
918 2906 1159 2953 captivitatem
1180 2918 1288 2954 porro
1305 2907 1512 2943 Iudaeorum
1537 2907 1574 2942 in
1594 2906 1715 2952 Baby-
