1800 3236
247 169 354 224 552
716 174 970 223 GEORGII
994 173 1286 222 SYNCELLI

245 288 495 349 Δημητρίῳ,
532 289 734 348 φιλωθεὶς
748 285 947 347 Ἰωνάθῃ,
977 285 1098 344 ἡνίκα
1120 291 1287 332 πολλῶν
1306 282 1512 344 Ἰωνάθης
1531 283 1745 346 κρατήσας

245 360 324 418 τὴν
341 357 681 419 πρόςῬωμαίους
694 360 836 418 φιλίαν
854 362 930 402 τοῦ
944 357 1128 416 ἀδελφοῦ
1151 356 1419 416 ἀνεκτήσατο.
1459 357 1481 402 ὃ
1502 359 1547 406 δὲ
1561 356 1745 415 Τρύφων

241 428 449 486 Ἰωνάθην
468 429 662 480 δεδοικώς
672 429 907 472 ἀποκτεῖναι
919 427 993 472 τὸν
1010 429 1142 472 παῖδα
1152 427 1360 485 Ἀντίοχον
1372 430 1441 472 καὶ
1463 426 1612 472 ἑαυτὸν
1633 427 1744 471 ἄνει-

246 507 337 546 πεῖν
360 500 536 556 βασιλέα
562 499 668 554 μετὰ
695 496 912 554 δυνάμεως
933 498 1039 557 πρὸς
1057 497 1186 543 αὐτὸν
1214 498 1397 544 ἐλθόντα
1414 499 1550 542 πείθει
1583 496 1745 548 πάντας

207 570 460 616 coinel-&om
488 568 596 626 πλὴν
615 569 759 625 χιλίων
778 570 848 612 καὶ
878 573 1228 627 συμπορευθῆναι
1258 570 1335 622 ἕως
1351 571 1645 625 Πτολεμαΐδος
1666 568 1773 618 τάςὸ

246 642 332 685 ἐκεῖ
346 637 704 698 παραληψόμενον
723 637 929 695 δυνάμεις.
963 634 1181 697 Ἰωνάθης
1200 640 1246 683 δὲ
1274 644 1546 697 συναπῆλθεν
1568 638 1657 695 ἅμα
1676 656 1746 694 χι-

246 712 351 763 λιόις
363 708 506 766 μόνοις
519 709 755 766 ἀπατηθεὶς
773 710 816 754 ἐν
825 712 1103 766 Πτολεμαΐδι.
1138 708 1272 767 δήσας
1285 712 1331 755 δὲ
1352 715 1502 755 τοῦτον
1523 708 1544 754 ὅ
1559 707 1745 768 Τρύφων

245 777 529 839 ἐπιστρατεύει
565 779 808 836 Ἰουδαίοις,
847 774 904 824 ὧν
942 778 1080 838 ἡγεῖτο
1123 782 1268 837 Σίμων
1305 781 1485 839 ἀδελφὸς
1518 778 1741 832 Ἰωνάθου,

244 847 435 896 τάλαντά
468 867 512 894 τε
537 847 573 909 ρ’
594 848 771 907 ἐπεζήτει
794 847 958 895 καὶδύο
979 855 1064 895 τῶν
1083 853 1245 895 παίδων
1260 849 1467 896 Ἰωνάθου
1490 851 1620 894 αὐτοῦ
1644 847 1742 893 ἄντ’

246 920 391 966 αὐτοῦ.
429 917 452 967 ὃ
472 921 518 964 δὲ
535 921 678 977 Σίμων
697 920 817 972 εἰδὼς
841 919 904 965 ὅτι
924 919 1063 966 πάντα
1080 919 1281 978 ψεύδεται
1302 921 1411 980 πλὴν
1431 921 1583 966 δέδωκε
1604 917 1743 965 πάντα
1757 928 1800 964 10

245 992 316 1037 καὶ
335 988 432 1036 οὐδ’
457 989 592 1042 οὕτως
611 995 687 1035 τοῦ
709 989 842 1050 φόνου
866 991 941 1036 τὸν
963 991 1144 1052 ἀδελφὸν
1165 993 1361 1044 ἐξείλατο.

280 1072 440 1131 Συρίας
470 1073 539 1115 καὶ
562 1071 705 1123 Ἀσίας
731 1069 788 1129 ιβ’
823 1073 1063 1127 ἐβασίλευσε
1085 1072 1334 1133 Δημήτριος
1352 1074 1602 1133 Δημητρίου
1621 1077 1681 1135 τῷ
1704 1069 1744 1117 α’

207 1157 243 1196 1)
388 1141 460 1200 ἔτη
481 1139 518 1200 γ’
541 1140 562 1187 ὃ
582 1144 652 1186 καὶ
671 1144 908 1202 Σιδηρίτης.
945 1149 1022 1188 τοῦ
1045 1146 1091 1188 δὲ
1113 1143 1273 1201 κόσμου
1294 1141 1346 1203 ἦν
1369 1145 1461 1196 ἔτος
1482 1142 1623 1205 ,ετμδ’.

278 1211 437 1273 Συρίας
462 1213 531 1256 καὶ
555 1212 698 1263 Ἀσίας
726 1211 778 1270 ιγ’
810 1215 1075 1270 ἐβασίλευσεν
1100 1215 1311 1272 ,Ἀντίοχος
1343 1213 1365 1261 ὃ
1389 1213 1572 1273 Σιδήτης
1590 1214 1661 1272 ἴτη
1681 1210 1743 1259 θ’.

383 1286 461 1327 τοῦ
483 1282 529 1325 δὲ
546 1281 706 1338 κόσμου
724 1278 776 1340 ἦν
794 1282 886 1335 ε’τος
904 1283 1044 1345 ,ετμζζ
1756 1288 1800 1326 15

353 1358 493 1414 Οὗτος
512 1362 693 1422 ἀδελφὸς
713 1359 764 1421 ἧν
785 1367 909 1409 τοῦδε
928 1370 1005 1409 τοῦ
1025 1367 1290 1425 Δημητρίου.
1321 1420 1327 1426 ι

353 1428 491 1484 Οὗτος
521 1432 738 1493 Τρύφωνα
764 1435 839 1479 τὸν
868 1434 1068 1480 ἀνελόντα
1089 1435 1299 1492 Ἰωνάθην
1339 1436 1408 1478 καὶ
1436 1434 1648 1492 Ἀντίοχον
1670 1435 1744 1479 τὸν

244 1503 336 1551 υἱὸν
350 1501 626 1564 Ἀλεξάνδρου
657 1506 727 1549 καὶ
758 1502 910 1550 ἑαυτὸν
932 1506 1110 1562 βασιλέα
1129 1507 1289 1565 Συρίας
1309 1503 1527 1550 ἆνειπόντα
1549 1506 1591 1549 ἐκ
1614 1507 1745 1562 Σίδης

336 1639 373 1676 3.
399 1635 539 1675 ἑαυτὸν
560 1637 604 1673 Β.
638 1633 758 1674 αὐτὸν
778 1637 827 1674 G.
961 1637 997 1676 4.
1031 1639 1119 1675 Post
1147 1636 1303 1685 βασιλέα
1332 1638 1464 1685 aliquid
1492 1638 1638 1674 excidit.

337 1688 372 1724 6.
396 1683 713 1732 παραληψόμενος
731 1686 778 1720 G.
883 1685 920 1722 7.
943 1684 1001 1729 ἐν]
1024 1686 1064 1723 ἐν
1081 1688 1129 1735 τῇ
1145 1688 1193 1723 G.
1287 1688 1322 1723 9.
1348 1684 1395 1733 ρ’]
1421 1684 1681 1734 ἑβδομήκοντα
1695 1689 1744 1725 G.

409 1730 596 1769 Ἰωνάθου
620 1730 756 1778 αὐτοῦ]
784 1727 908 1769 αὑτοῦ
932 1745 997 1772 om.
1026 1735 1074 1769 G.
1195 1738 1253 1774 10.
1279 1732 1432 1780 δέδωκε]
1464 1732 1601 1770 ἔδωκεν
1626 1735 1674 1769 G.

337 1781 397 1818 11.
429 1780 592 1825 ἐξείλατο
611 1780 652 1815 Β.
686 1779 840 1828 ἐξήλατο
866 1781 914 1816 G.
1042 1783 1099 1819 12.
1133 1783 1186 1829 τῷ
1207 1780 1242 1817 α’
1267 1782 1310 1816 Β.
1345 1780 1387 1818 τὸ
1417 1782 1569 1824 πρῶτον
1593 1782 1640 1816 G.

410 1829 468 1864 13.
492 1826 571 1874 ἔτη]
599 1827 672 1864 ἔτει
689 1828 731 1862 Β.
837 1829 1055 1875 σιριππίδης
1073 1830 1115 1865 Β.
1140 1830 1355 1878 σιρισπίὸης
1375 1830 1417 1866 Α.
1442 1830 1674 1876 Σιθισπίδης
1693 1830 1743 1866 G.

337 1874 543 1910 correctum
568 1876 774 1922 Σιδηρίτης
800 1884 844 1909 ex
878 1887 913 1922 p.
944 1878 1014 1913 292
1036 1877 1072 1915 d.
1120 1887 1123 1889 “
1231 1874 1289 1915 14.
1325 1876 1437 1924 Vulgo
1467 1877 1637 1923 Σιδίτης.

339 1923 397 1960 17.
427 1919 634 1970 Τρύφωνα]
657 1921 724 1961 τὸν
749 1919 940 1970 Τρύφωνα
959 1924 1008 1960 G.

244 2038 335 2075 bello
348 2037 557 2075 Demetrium
575 2039 799 2085 exagitabat3
821 2038 983 2086 quocirca
1001 2039 1116 2075 virum
1139 2039 1207 2075 sibi
1231 2038 1402 2075 demereri
1418 2039 1596 2083 studebat,
1616 2052 1656 2076 eo
1669 2052 1744 2076 ma·-

244 2086 338 2121 xime
354 2092 535 2130 momento,
553 2098 620 2134 quo
639 2087 802 2122 Ionathas
815 2087 969 2133 plurimis
990 2092 1115 2122 auctus
1132 2087 1288 2123 victoriis
1307 2087 1508 2122 societatem
1527 2099 1605 2122 cum
1616 2088 1743 2123 Roma-

247 2132 302 2168 nis
318 2133 446 2169 inierat
462 2138 499 2169 et
515 2134 636 2170 fratris
656 2134 889 2181 appellatione
904 2136 948 2170 ab
966 2135 1019 2170 eis
1038 2134 1156 2170 fuerat
1177 2139 1357 2180 exceptus.
1390 2134 1561 2179 Tryphon
1582 2147 1664 2169 vero
1684 2135 1742 2170 Io-

247 2180 387 2215 natham
406 2181 541 2216 veritus
561 2193 704 2228 puerum
722 2181 925 2216 Antiochum
942 2181 1153 2224 interficere,
1179 2193 1219 2216 ac
1244 2181 1310 2217 sibi
1326 2180 1545 2227 tyrannidem
1564 2181 1743 2218 vindicare

248 2225 447 2269 meditatus,
464 2228 552 2262 dolis
568 2228 746 2263 Ionatham
765 2229 945 2272 convenit3
976 2233 1012 2263 et
1034 2228 1160 2270 socios,
1178 2228 1279 2273 mille¹
1290 2227 1459 2273 exceptis,
1486 2238 1506 2261 a
1523 2239 1561 2261 se
1577 2228 1743 2275 ablegare

245 2272 418 2315 hortatus,
437 2274 684 2311 Ptolemaidem
701 2286 825 2310 versus
836 2275 868 2310 ei
887 2287 926 2310 se
945 2275 1101 2310 comitem
1120 2274 1272 2317 exhibet,
1290 2278 1331 2309 ut
1346 2273 1469 2320 positis
1485 2273 1613 2310 ibidem
1629 2277 1742 2322 copiis

247 2330 326 2354 sese
345 2321 564 2366 adiungeret.
606 2322 770 2357 Ionathas
790 2321 904 2356 dolum
922 2333 1044 2368 passus
1066 2333 1140 2356 cum
1160 2320 1310 2357 virorum
1329 2321 1421 2356 mille
1440 2321 1606 2356 comitatu
1624 2322 1744 2357 Ptole-

246 2365 392 2402 maidem
411 2368 655 2414 proficiscitur.
679 2369 734 2403 Eo
751 2379 829 2403 mox
845 2368 990 2403 vinculis
1006 2368 1174 2403 obstricto
1186 2367 1223 2403 in
1241 2368 1401 2410 Iudaeos,
1420 2379 1564 2414 quorum
1578 2368 1743 2406 Ionathae

246 2413 359 2449 frater
375 2414 493 2449 Simon
509 2415 629 2451 ducem
648 2427 686 2450 se
702 2416 907 2461 praebebat,
924 2415 1051 2450 bellum
1072 2418 1199 2458 movet,
1221 2415 1388 2471 pacisque
1408 2426 1513 2450 causa
1535 2415 1668 2451 talenta
1686 2429 1744 2451 se-

247 2465 331 2508 ptua
359 2461 434 2496 inta
452 2461 530 2496 dari
556 2466 592 2497 et
610 2462 778 2497 Ionathae
794 2462 883 2497 filios
914 2462 1002 2497 duos
1027 2462 1094 2497 sibi
1113 2462 1278 2497 committi
1298 2462 1466 2509 postulat.
1515 2461 1635 2498 Simon
1655 2462 1742 2498 licet

248 2473 462 2544 simulantem
485 2509 736 2555 praesentiret,
759 2508 862 2544 nullis
880 2513 993 2546 tamen
1016 2509 1175 2556 expensis
1194 2509 1402 2556 parcendum
1418 2511 1517 2544 ratus
1536 2513 1660 2546 cuncta
1678 2521 1742 2545 ex-

248 2554 382 2599 hibuit3
407 2559 445 2591 at
461 2567 575 2602 neque
596 2555 648 2591 sic
669 2560 795 2602 parata
817 2556 924 2592 caede
945 2557 1088 2592 fratrem
1110 2556 1269 2602 redemit.

295 2613 422 2661 Syriae
446 2617 484 2650 et
499 2613 611 2653 Asiae.
626 2625 690 2649 rex
717 2614 761 2650 12
786 2613 999 2657 Demetrius,
1023 2614 1192 2650 Demetrii
1215 2613 1319 2657 filius,
1335 2611 1509 2649 Siderites
1525 2611 1654 2657 dictus,
1678 2613 1742 2661 qui

366 2660 512 2716 primum
526 2661 690 2708 regnavit
709 2661 807 2696 annis
823 2662 870 2716 ξ,
894 2661 1010 2697 mundi
1028 2673 1113 2697 vero
1131 2660 1238 2698 5344.
1577 2700 1583 2705 Ι
1642 2705 1652 2715 θ

294 2706 596 2793 Syrilasse5t323iae
609 2719 674 2745 rex
694 2708 740 2746 13
759 2709 952 2745 Antiochus
976 2708 1108 2746 Sidites
1128 2708 1230 2746 annis
1249 2710 1295 2753 93
1319 2710 1398 2745 erat
1416 2718 1521 2756 porro
1538 2705 1657 2743 mundl
1676 2717 1740 2743 an-

339 2812 425 2849 Fuit
440 2814 498 2850 hic
513 2813 685 2851 Demetrii
704 2826 818 2862 nuper
836 2814 1015 2851 memorati
1033 2815 1160 2852 frater.

339 2859 435 2896 Idem
460 2862 688 2909 Tryphonem
705 2861 873 2899 Ionathae
905 2866 942 2898 et
973 2862 1137 2898 Antiochi
1165 2862 1231 2898 filii
1250 2859 1439 2898 Alexandri
1463 2858 1672 2908 parricidam
1703 2862 1741 2893 et

246 2904 404 2955 iniquum
420 2908 524 2957 regni
538 2914 782 2957 usurpatorem
796 2908 893 2946 Dara
910 2909 1054 2957 primum
1072 2914 1111 2946 et
1125 2909 1209 2947 inde
1232 2909 1435 2947 Orthosiam
1451 2920 1492 2945 se
1511 2907 1740 2956 recipientem
