1800 3236
589 197 1122 245 GHRONOGRAPHIA.
1471 158 1487 171 ·
1518 193 1615 242 121

108 306 284 357 κλείδῶν
306 296 497 364 κάθοδος
507 345 521 367 ,
554 309 710 356 Ἰώνων
732 310 918 364 ἀποικία,
941 311 1010 353 καὶ
1029 306 1299 364 ὄλυμπιᾶδες.
1337 307 1451 362 3250}ae
1471 308 1524 367 δή
1545 329 1619 367 μοι

107 381 388 440 τῆςἈττικῆς
421 384 640 439 βασιλείας
665 382 742 426 τὸν
771 381 1071 439 προειρημένον
1098 380 1306 424 ἐκτιθέναι
1317 378 1497 438 χρόνον,
1534 400 1621 426 πα-

111 453 333 512 ρατιθέναι
364 453 560 509 μέλλοντι
599 459 695 504 ταῖς
725 451 969 511 Ἑβραϊκαῖς
1015 451 1221 510 ἱστορίαις
1258 450 1337 502 τὰς
1359 449 1656 508 Ἑλληνικάς.Β

110 522 263 576 ἐξέστω
292 524 372 583 γὰρ
404 529 465 584 τῷ·
494 524 740 583 βουλομένῳ
759 523 865 582 παρ’
893 523 996 578 ἐμοῦ
1020 522 1099 580 τὴν
1121 521 1254 581 ἀρχὴν
1272 522 1529 584 κομιζομένῳ
1548 527 1624 567 λο-

80 595 302 653 5γιζεσθαι
324 594 400 639 τὸν
418 595 620 652 ἀριθμὸν,
658 592 813 650 ὁμοίως
836 595 940 649 ε’μοί.

219 665 388 709 Οὐκοῦν
416 670 503 710 τῶν
532 684 574 727 ἀ
606 667 675 709 καὶ
703 663 739 708 κ’
771 666 875 708 ἐτῶν
904 667 989 708 τῶν
1006 661 1129 721 μέχρι
1160 660 1345 722 πρώτης
1362 660 1626 720 ὀλυμπιάδος

109 734 194 780 ἀπὸ
223 736 449 788 Μωϋσέως
482 753 527 780 τε
557 738 626 780 καὶ
652 733 830 794 Ὠγύγου
862 734 1129 789 ἐκκειμένων,
1168 732 1323 795 πρώτῳ
1352 735 1430 790 μὲν
1464 734 1545 779 ἕτει
1573 735 1624 780 τό

109 804 254 863 πάσχα
287 808 359 850 καὶ
387 812 474 851 τῶν
489 805 697 866 Ἑβραίων
724 803 916 862 ἔξοδοςῆ
948 804 1028 848 ἀπ’
1054 802 1291 861 Αἰγύπτου.
1330 806 1373 848 ἐν
1397 806 1444 849 δὲ
1460 810 1514 864 τῇ
1527 806 1625 850 Ἀτ-

108 881 204 936 τικῇ
221 875 244 921 ὅ
265 878 334 921 ἐπὶ
349 875 526 936 Ὠγύγου
548 879 704 936 γίνεται
723 875 1019 931 κατακλυσμὸς
1038 877 1107 919 καὶ
1130 875 1238 919 κατὰ
1261 873 1398 933 λόγον.
1426 874 1522 920 ’τῶν
1540 877 1621 936 γὰρ
1646 889 1693 928 V,
1717 892 1767 928 52

50 955 100 991 10
113 947 220 1006 παρ’
252 949 499 1005 Αἰγυπτίων
538 948 641 1007 ὀργῇ
672 951 781 992 θεοῦ
810 945 1016 1003 χαλάζαις
1044 963 1090 990 τε
1126 948 1194 989 καὶ
1224 951 1402 1002 χειμῶσι
1423 949 1627 1001 μαστιζο-

108 1018 246 1074 μένων
271 1019 381 1070 εῗκὸς
409 1014 462 1076 ἦν
489 1019 599 1077 μέρη
631 1018 726 1063 τινὰ
755 1016 1017 1074 συμπάσχειν
1046 1021 1125 1074 τῆς
1144 1021 1246 1074 γῆς,
1285 1015 1353 1061 ὅτε
1368 1017 1627 1075 Ἀθηναίους

108 1093 196 1134 τῶν
218 1088 360 1133 αὐτῶν
384 1091 637 1147 Αἷγυπτιόις
668 1086 894 1133 ἀπολαύειν
912 1088 1020 1139 εἰκὸς
1040 1082 1092 1144 ἦν
1112 1087 1314 1138 ἀποίκους
1334 1089 1498 1132 ἐκείνων
1511 1086 1662 1135 ὕπο-0

107 1159 382 1216 νοουμένους,
423 1159 480 1212 ὥς
501 1178 632 1220 φασιν
667 1160 788 1203 ἄλλοι
823 1177 867 1203 τε
901 1162 971 1203 καὶ
990 1160 1034 1203 ἐν
1056 1163 1116 1219 τῷ
1139 1156 1393 1220 Τρικαράνῳ
1423 1158 1622 1216 Θεόπομ-

107 1247 201 1282 πος.
263 1228 287 1275 ὃ
327 1231 488 1287 μεταξὺ
523 1229 682 1291 χρόνος
722 1231 1072 1289 παραλέλειπται,
1112 1229 1157 1274 ἓν
1183 1223 1218 1290 ᾧ
1246 1231 1381 1287 μηδὲν
1410 1231 1623 1289 ἐξαίρετον

51 1300 299 1359 15Ἕλλησιν
315 1302 557 1362 ἱστορεῖται.
593 1301 701 1359 μετὰ
724 1302 770 1346 δὲ
783 1302 970 1361 τέσσαρα
988 1302 1057 1345 καὶ
1070 1298 1315 1358 ἐνενήκοντα
1334 1300 1406 1358 ἔτη
1427 1297 1481 1359 ἦν
1498 1305 1623 1362 Προ-

105 1372 300 1430 μηθεὺς,
338 1370 371 1417 u‘
374 1390 397 1425 ς
407 1373 536 1425 τινές.

215 1447 368 1487 Ταῦτα
399 1442 421 1488 ὃ
451 1443 704 1504 Ἀφρικανὸς
733 1444 777 1488 ἓν
808 1446 871 1503 τῷ
902 1442 1032 1502 τρίτῳ
1054 1439 1164 1502 λόγῳ
1184 1445 1439 1502 ᾳιλαληθιῦς
1458 1443 1527 1485 καὶ
1548 1442 1623 1497 ἒμ-

106 1511 336 1574 μαρτῦρως
359 1514 541 1574 ἱστορῶν
563 1511 903 1571 ἀξιοπιστότερος
925 1512 1032 1556 εἶναι’
1047 1531 1120 1569 μοι
1133 1515 1251 1556 δοκεῖ
1264 1512 1371 1556 κατὰ
1386 1510 1524 1575 πάντα
1535 1512 1624 1555 Εὐ-
1659 1566 1665 1568 -

108 1586 269 1640 σεβίου,
295 1585 339 1629 ἓν
357 1583 497 1646 τούτῳ
518 1590 580 1645 τῷ
593 1585 700 1630 κατὰ
712 1584 907 1629 Μωϋσέα
927 1585 996 1627 καὶ
1017 1583 1095 1640 τὴν
1114 1582 1195 1627 ἀπ’
1210 1581 1436 1640 Αἰγύπτου
1451 1584 1625 1641 πορείαν

49 1653 234 1714 Ξολόγον
250 1654 370 1712 ἔχων,
385 1653 442 1708 ὥς
455 1657 715 1716 προείρηται,
754 1656 823 1699 καὶ
846 1653 948 1705 τοὺς
965 1654 1011 1697 ἐκ
1032 1658 1263 1713 περιτομῆς
1281 1651 1532 1712 ὁμοφώνους
1554 1654 1626 1697 καὶ

201 1768 239 1805 3.
269 1767 350 1815 τὰς]
377 1768 508 1816 Incipit
533 1769 578 1804 B.
679 1767 714 1805 4.
746 1765 1002 1814 κομιζομένων
1031 1766 1080 1801 G.
1184 1768 1220 1802 6.
1251 1765 1359 1813 μέχρι
1386 1767 1454 1813 τῆς
1478 1766 1526 1801 G.

202 1817 241 1853 9.
264 1815 337 1863 γὰρ
362 1828 428 1851 om.
456 1818 503 1852 G.
538 1818 568 1851 Α
587 1816 777 1863 distinguit
799 1828 868 1850 non
891 1819 972 1862 post
993 1812 1125 1859 λόγον,
1150 1815 1216 1850 sed
1247 1820 1329 1861 post
1352 1811 1625 1861 κατακλυσμὸς.

277 1867 335 1902 11.
370 1861 457 1910 ὅτε]
497 1861 591 1900 ὥστε
620 1876 665 1899 m.
773 1862 829 1899 14.
861 1860 1002 1909 μεταξὺ
1025 1860 1067 1898 δὲ
1091 1874 1137 1897 m.
1241 1863 1298 1899 17.
1323 1863 1375 1910 τῷ
1396 1874 1463 1898 om.
1485 1862 1529 1897 B.

205 1911 266 1948 19.
289 1911 403 1995 κέτά]
427 1911 527 1949 κατὰ
550 1910 623 1949 τόν
648 1912 697 1948 G.
800 1908 871 1958 τὴν
894 1907 971 1947 ἀπ’
993 1909 1104 1957 Αἰγ.]
1128 1911 1198 1957 τῆς
1212 1911 1291 1957 Λίγ.
1317 1910 1366 1946 G.
1468 1911 1529 1947 w.
1560 1906 1625 1947 26-

203 1971 281 2006 γων
339 1985 350 1995 .
397 1984 404 1987 -
669 1989 675 1993 .

108 2051 193 2090 niae
207 2053 396 2090 traductae
414 2059 452 2091 et
466 2054 708 2102 Olympiades.
759 2054 838 2089 Hoc
857 2064 926 2088 uno
946 2057 1043 2088 certe
1057 2064 1187 2100 operae
1208 2051 1360 2100 pretium
1379 2064 1434 2088 me
1451 2052 1624 2088 facturum

110 2105 210 2148 puto,
234 2101 267 2136 si
286 2102 471 2139 Hebraicis
490 2103 648 2138 historiis
667 2103 831 2138 Graecas
855 2100 1016 2136 conferre
1032 2101 1184 2143 volenti,
1206 2100 1317 2136 Attici
1334 2100 1439 2146 regni
1467 2111 1627 2147 praeme-

109 2152 282 2184 moratum
304 2151 465 2186 obtulero
491 2156 650 2197 tempus3
673 2149 832 2196 illudque
859 2159 925 2195 per
955 2148 1059 2183 alium
1085 2148 1170 2183 mihi
1195 2148 1243 2183 sit
1262 2147 1418 2190 licitum,
1442 2146 1535 2193 quod
1561 2157 1626 2193 per

109 2206 167 2231 me
185 2196 300 2232 cuivis
324 2198 380 2233 fas
403 2198 486 2241 fiet,
511 2204 552 2233 nt
575 2198 849 2232 enarrandorum
875 2208 896 2230 a
922 2207 976 2230 me
999 2195 1208 2243 principium
1223 2195 1319 2231 illum
1344 2206 1522 2231 numerum
1541 2205 1626 2229 cen-

111 2254 230 2287 seam,
252 2243 315 2290 qui
335 2256 433 2280 meae
451 2245 661 2281 conformior
681 2244 878 2279 sententiae
899 2242 1075 2278 videatur.

206 2293 382 2327 Annorum
398 2293 518 2339 itaque
536 2292 630 2327 mille
643 2296 681 2327 et
694 2292 835 2336 viginti,
852 2290 912 2336 qui
931 2301 953 2324 a
971 2291 1076 2325 Mose
1092 2293 1129 2324 et
1138 2289 1269 2336 Ogygo
1286 2288 1331 2324 ad
1348 2288 1493 2336 primam
1510 2299 1625 2335 usque

52 2369 60 2374 ,
111 2337 596 2385 ΟΙῚΠΙΡίαᾶοωίῐιῐετίαοειιῑ,
621 2339 732 2386 primo
753 2338 912 2385 equidem
932 2338 1073 2373 Pascha
1090 2338 1236 2383 primum
1254 2337 1322 2371 {uit
1341 2337 1537 2371 institutum
1549 2361 1560 2377 ,
1586 2338 1624 2370 et

110 2385 158 2420 ab
173 2386 350 2422 Hebraeis
367 2398 411 2421 ex
419 2389 584 2433 Aegypto
608 2385 780 2432 profectio
800 2390 987 2432 suscepta3
1010 2385 1047 2419 in
1065 2385 1184 2420 Attica
1202 2396 1288 2419 vero
1307 2384 1519 2419 celebratum
1537 2381 1624 2417 illud

109 2432 179 2468 snb
198 2433 329 2479 Ogygo
348 2434 505 2479 contigit
518 2434 701 2468 diluvium.
749 2434 904 2478 Aequum
935 2432 1026 2467 enim
1053 2437 1131 2467 erat
1154 2432 1242 2467 alias
1267 2431 1361 2466 orbis
1386 2436 1507 2477 partes
1529 2441 1623 2464 com·

109 2480 273 2516 munibus
290 2480 548 2516 calamitatibus
565 2480 701 2527 impeti,
726 2491 802 2515 cum
820 2480 885 2515 deo
902 2479 1041 2514 vindice
1055 2479 1224 2526 Aegyptii
1238 2478 1467 2525 grandinibus
1487 2482 1523 2512 et
1538 2489 1624 2522 pro-

112 2526 212 2563 cellis
239 2527 504 2575 affligerentur3
529 2528 725 2573 similesque
743 2527 932 2573 Aegyptiis
963 2538 1144 2562 aerumnas
1163 2526 1394 2561 Athenienses
1417 2525 1557 2572 perpeti
1587 2527 1625 2558 et

111 2574 266 2620 experiri
283 2587 427 2610 necesse
445 2575 535 2618 fuit,
559 2576 620 2622 qui
638 2574 800 2609 deductis
818 2576 862 2610 ab
881 2575 933 2610 eis
950 2574 1095 2609 coloniis
1115 2573 1185 2609 orti
1203 2574 1437 2609 censebantur
1449 2598 1460 2613 ,
1484 2576 1522 2605 ut
1548 2582 1624 2605 cum
1652 2581 1659 2587 ·

111 2621 193 2657 aliis
208 2621 247 2656 in
265 2621 462 2658 Tricarano
481 2626 605 2657 auctor
627 2626 684 2656 est
698 2622 958 2668 Theopompus.
1006 2621 1136 2656 Totum
1159 2626 1274 2656 autem
1291 2620 1440 2656 medium
1460 2618 1625 2664 spatium,

111 2679 184 2751 Euo
203 2667 291 2704 nihil
311 2669 606 2705 commendatione
623 2669 765 2715 dignum
785 2669 935 2704 Graecis
963 2668 1076 2703 visum
1106 2668 1197 2711 fuit,
1222 2680 1244 2702 a
1270 2668 1371 2703 nobis
1400 2664 1626 2713 praeteritur.

149 2715 261 2797 xqcigs
276 2728 382 2764 porro
403 2717 597 2763 nonaginta
625 2722 663 2752 et
681 2721 833 2763 quatuor
851 2716 952 2752 annis
974 2716 1225 2759 Prometheus,
1250 2719 1289 2751 ut
1310 2714 1449 2762 quidam
1469 2715 1626 2754 censent,

112 2761 219 2798 exuti

208 2809 312 2846 Haec
336 2810 517 2846 veraciter
540 2813 689 2856 tutoque
720 2810 846 2846 testari
879 2809 963 2846 mihi
990 2809 1132 2845 videtur
1158 2809 1346 2845 Africanus
1373 2809 1530 2841 tractatu
1562 2815 1626 2840 sno

112 2855 236 2900 tertio,
258 2868 340 2904 quo,
364 2863 406 2895 ut
421 2858 458 2893 in
474 2858 630 2893 omnibus
647 2858 692 2892 ab
709 2869 751 2893 eo
766 2858 903 2900 relatis,
930 2857 1095 2893 maiorem
1111 2857 1207 2904 apud
1223 2869 1291 2898 me,
1316 2866 1419 2900 quam
1435 2852 1625 2895 Eusebius,

65 2907 70 2911 ”
113 2909 358 2950 promerentur
374 2905 500 2948 fidem,
524 2905 587 2940 ubi
607 2904 755 2940 maxime
773 2905 819 2940 de
838 2906 937 2941 Mose
954 2910 992 2940 et
1011 2916 1055 2940 ex
1071 2907 1235 2950 Aegypto
1254 2900 1476 2950 profectione
1494 2911 1628 2934 sermo-

113 2961 196 2988 nem
216 2951 391 2997 instituit,
412 2953 653 3000 suffragantes
674 2951 852 2999 adsciscat
882 2963 927 2989 ex
950 2951 1212 2989 circumcisione
1237 2950 1454 2997 scriptores,
1477 2959 1543 2983 nec
1563 2946 1627 2983 ad-
