<?xml version="1.0" encoding="UTF-8"?>
<!DOCTYPE html PUBLIC "-//W3C//DTD XHTML 1.0 Transitional//EN"
    "http://www.w3.org/TR/xhtml1/DTD/xhtml1-transitional.dtd">
<html xmlns="http://www.w3.org/1999/xhtml" xml:lang="en" lang="en">
 <head>
  <title>
</title>
<meta http-equiv="Content-Type" content="text/html;charset=utf-8" />
  <meta name='ocr-system' content='tesseract 3.04.00' />
  <meta name='ocr-capabilities' content='ocr_page ocr_carea ocr_par ocr_line ocrx_word'/>
</head>
<body>
  <div class='ocr_page' id='page_1' title='image "./corpusscriptorum20niebuoft_0330.png"; bbox 0 0 1800 3236; ppageno 0'>
   <div class='ocr_carea' id='block_1_1' title="bbox 258 173 1292 246">
    <p class='ocr_par' dir='ltr' id='par_1_1' title="bbox 258 173 1292 246">
     <span class='ocr_line' id='line_1_1' title="bbox 258 173 1292 246; baseline 0.004 -22"><span class='ocrx_word' id='word_1_1' title='bbox 258 173 364 224; x_wconf 82' lang='lat'><strong>316</strong></span> <span class='ocrx_word' id='word_1_2' title='bbox 725 181 976 246; x_wconf 81' lang='lat' dir='ltr'>GEORGII</span> <span class='ocrx_word' id='word_1_3' title='bbox 1004 180 1292 228; x_wconf 88' lang='lat' dir='ltr'><strong>SYNCELLI</strong></span> 
     </span>
    </p>
   </div>
   <div class='ocr_carea' id='block_1_2' title="bbox 95 287 1800 1480">
    <p class='ocr_par' dir='ltr' id='par_1_2' title="bbox 235 287 1759 562">
     <span class='ocr_line' id='line_1_2' title="bbox 258 287 1758 353; baseline 0.001 -15"><span class='ocrx_word' id='word_1_4' title='bbox 258 291 317 345; x_wconf 79' lang='grc' dir='ltr'><strong>εἷς</strong></span> <span class='ocrx_word' id='word_1_5' title='bbox 345 287 604 350; x_wconf 71' lang='grc' dir='ltr'><strong><em>ἐτελεύτησεν</em></strong></span> <span class='ocrx_word' id='word_1_6' title='bbox 640 288 743 336; x_wconf 73' lang='grc' dir='ltr'><strong><em>ἒτῶν</em></strong></span> <span class='ocrx_word' id='word_1_7' title='bbox 771 289 822 337; x_wconf 86' lang='grc' dir='ltr'><strong>κ’.</strong></span> <span class='ocrx_word' id='word_1_8' title='bbox 860 293 908 338; x_wconf 81' lang='grc' dir='ltr'><strong><em>τὸ</em></strong></span> <span class='ocrx_word' id='word_1_9' title='bbox 937 292 1018 352; x_wconf 81' lang='grc' dir='ltr'><strong><em>γὰρ</em></strong></span> <span class='ocrx_word' id='word_1_10' title='bbox 1051 290 1261 349; x_wconf 80' lang='grc' dir='ltr'><strong><em>ἆπόλεμόν</em></strong></span> <span class='ocrx_word' id='word_1_11' title='bbox 1288 311 1332 338; x_wconf 91' lang='grc' dir='ltr'><strong>τε</strong></span> <span class='ocrx_word' id='word_1_12' title='bbox 1354 294 1422 338; x_wconf 78' lang='grc' dir='ltr'><strong>καὶ</strong></span> <span class='ocrx_word' id='word_1_13' title='bbox 1439 292 1758 353; x_wconf 77' lang='grc' dir='ltr'><strong><em>ἂφιλοκίνδυνον</em></strong></span> 
     </span>
     <span class='ocr_line' id='line_1_3' title="bbox 235 358 1759 423; baseline 0 -15"><span class='ocrx_word' id='word_1_14' title='bbox 235 365 326 408; x_wconf 64' lang='lat' dir='ltr'><strong>⁴-nozi</strong></span> <span class='ocrx_word' id='word_1_15' title='bbox 346 365 595 421; x_wconf 79' lang='grc' dir='ltr'><em>γυναικῶδες</em></span> <span class='ocrx_word' id='word_1_16' title='bbox 614 362 756 414; x_wconf 77' lang='grc' dir='ltr'><strong><em>αὐτοῖς</em></strong></span> <span class='ocrx_word' id='word_1_17' title='bbox 784 358 836 419; x_wconf 72' lang='grc' dir='ltr'><strong><em>ἦν</em></strong></span> <span class='ocrx_word' id='word_1_18' title='bbox 857 364 1057 422; x_wconf 79' lang='grc' dir='ltr'><strong><em>ἀσφαλές.</em></strong></span> <span class='ocrx_word' id='word_1_19' title='bbox 1096 362 1215 409; x_wconf 72' lang='grc' dir='ltr'><strong><em>ἕνδον</em></strong></span> <span class='ocrx_word' id='word_1_20' title='bbox 1233 363 1313 423; x_wconf 78' lang='grc' dir='ltr'><strong><em>γὰρ</em></strong></span> <span class='ocrx_word' id='word_1_21' title='bbox 1338 363 1480 421; x_wconf 58' lang='grc' dir='ltr'><strong><em>Ξζιιενον</em></strong></span> <span class='ocrx_word' id='word_1_22' title='bbox 1503 364 1604 409; x_wconf 79' lang='grc' dir='ltr'><strong>οὐδέ</strong></span> <span class='ocrx_word' id='word_1_23' title='bbox 1617 383 1657 409; x_wconf 91' lang='grc' dir='ltr'><strong><em>τι</em></strong></span> <span class='ocrx_word' id='word_1_24' title='bbox 1679 365 1759 408; x_wconf 74' lang='grc' dir='ltr'><strong>αὖ·</strong></span> 
     </span>
     <span class='ocr_line' id='line_1_4' title="bbox 256 427 1759 492; baseline -0.001 -13"><span class='ocrx_word' id='word_1_25' title='bbox 256 441 346 485; x_wconf 78' lang='grc' dir='ltr'><strong><em>τοῖς</em></strong></span> <span class='ocrx_word' id='word_1_26' title='bbox 365 427 424 477; x_wconf 80' lang='grc' dir='ltr'><strong><em>ὧν</em></strong></span> <span class='ocrx_word' id='word_1_27' title='bbox 446 432 565 492; x_wconf 70' lang='grc' dir='ltr'><strong><em>ἔργον</em></strong></span> <span class='ocrx_word' id='word_1_28' title='bbox 583 430 812 491; x_wconf 74' lang='grc' dir='ltr'><strong><em>ἐπρήσσετο</em></strong></span> <span class='ocrx_word' id='word_1_29' title='bbox 823 466 837 488; x_wconf 85' lang='grc'>,</span> <span class='ocrx_word' id='word_1_30' title='bbox 877 433 973 478; x_wconf 76' lang='grc' dir='ltr'><strong>οὐδὲ</strong></span> <span class='ocrx_word' id='word_1_31' title='bbox 994 431 1106 492; x_wconf 76' lang='grc' dir='ltr'><strong><em>ἑώρα</em></strong></span> <span class='ocrx_word' id='word_1_32' title='bbox 1131 451 1195 485; x_wconf 89' lang='grc' dir='ltr'><strong><em>τις</em></strong></span> <span class='ocrx_word' id='word_1_33' title='bbox 1216 434 1369 486; x_wconf 75' lang='grc' dir='ltr'><strong><em>αὐτοὺς</em></strong></span> <span class='ocrx_word' id='word_1_34' title='bbox 1390 434 1498 492; x_wconf 82' lang='grc' dir='ltr'><strong><em>πλὴν</em></strong></span> <span class='ocrx_word' id='word_1_35' title='bbox 1519 436 1567 478; x_wconf 76' lang='grc' dir='ltr'><strong><em>αἵ</em></strong></span> <span class='ocrx_word' id='word_1_36' title='bbox 1583 451 1629 479; x_wconf 88' lang='grc' dir='ltr'><strong>τε</strong></span> <span class='ocrx_word' id='word_1_37' title='bbox 1649 439 1759 478; x_wconf 82' lang='grc' dir='ltr'><strong><em>παλ-</em></strong></span> 
     </span>
     <span class='ocr_line' id='line_1_5' title="bbox 257 502 1758 562; baseline 0.001 -14"><span class='ocrx_word' id='word_1_38' title='bbox 257 505 422 555; x_wconf 76' lang='grc' dir='ltr'><em>λακίδες</em></span> <span class='ocrx_word' id='word_1_39' title='bbox 447 504 517 547; x_wconf 86' lang='grc' dir='ltr'><strong>καὶ</strong></span> <span class='ocrx_word' id='word_1_40' title='bbox 536 507 620 546; x_wconf 86' lang='grc' dir='ltr'><strong>τῶν</strong></span> <span class='ocrx_word' id='word_1_41' title='bbox 644 502 811 561; x_wconf 80' lang='grc' dir='ltr'><strong><em>ἀνδρῶν</em></strong></span> <span class='ocrx_word' id='word_1_42' title='bbox 829 504 869 549; x_wconf 82' lang='grc' dir='ltr'><strong>οἳ</strong></span> <span class='ocrx_word' id='word_1_43' title='bbox 887 502 1166 561; x_wconf 80' lang='grc' dir='ltr'><strong><em>γυναικώδεις.</em></strong></span> <span class='ocrx_word' id='word_1_44' title='bbox 1204 504 1303 557; x_wconf 74' lang='grc' dir='ltr'><strong><em>τοὺς</em></strong></span> <span class='ocrx_word' id='word_1_45' title='bbox 1321 505 1367 550; x_wconf 78' lang='grc' dir='ltr'><strong>δὲ</strong></span> <span class='ocrx_word' id='word_1_46' title='bbox 1394 509 1580 562; x_wconf 79' lang='grc' dir='ltr'><strong><em>βασιλεῖς</em></strong></span> <span class='ocrx_word' id='word_1_47' title='bbox 1607 503 1758 549; x_wconf 73' lang='grc' dir='ltr'><strong><em>τούσδε</em></strong></span> 
     </span>
    </p>

    <p class='ocr_par' dir='ltr' id='par_1_3' title="bbox 98 570 1787 915">
     <span class='ocr_line' id='line_1_6' title="bbox 257 570 1787 633; baseline 0 -14"><span class='ocrx_word' id='word_1_48' title='bbox 257 574 301 619; x_wconf 76' lang='grc' dir='ltr'><strong><em>εἶ’</em></strong></span> <span class='ocrx_word' id='word_1_49' title='bbox 321 591 384 626; x_wconf 87' lang='grc' dir='ltr'><strong><em>τις</em></strong></span> <span class='ocrx_word' id='word_1_50' title='bbox 413 575 574 630; x_wconf 81' lang='grc' dir='ltr'><strong><em>εἷδῆσαι</em></strong></span> <span class='ocrx_word' id='word_1_51' title='bbox 598 570 822 628; x_wconf 75' lang='grc' dir='ltr'><strong><em>βούλεται,</em></strong></span> <span class='ocrx_word' id='word_1_52' title='bbox 864 575 1055 631; x_wconf 77' lang='grc' dir='ltr'><strong><em>Κτησίης</em></strong></span> <span class='ocrx_word' id='word_1_53' title='bbox 1085 575 1194 618; x_wconf 74' lang='grc' dir='ltr'><strong><em>ἐστὶν</em></strong></span> <span class='ocrx_word' id='word_1_54' title='bbox 1222 572 1389 633; x_wconf 80' lang='grc' dir='ltr'><strong><em>ὃλὲγων</em></strong></span> <span class='ocrx_word' id='word_1_55' title='bbox 1408 573 1596 632; x_wconf 80' lang='grc' dir='ltr'><strong><em>ὀνόματα</em></strong></span> <span class='ocrx_word' id='word_1_56' title='bbox 1616 574 1787 619; x_wconf 82' lang='grc' dir='ltr'><strong><em>αῧτῶν5</em></strong></span> 
     </span>
     <span class='ocr_line' id='line_1_7' title="bbox 256 641 1759 705; baseline -0.001 -16"><span class='ocrx_word' id='word_1_57' title='bbox 256 643 308 700; x_wconf 86' lang='grc' dir='ltr'><strong>κ’,</strong></span> <span class='ocrx_word' id='word_1_58' title='bbox 347 642 476 700; x_wconf 74' lang='grc' dir='ltr'><strong><em>οἶμαι,</em></strong></span> <span class='ocrx_word' id='word_1_59' title='bbox 514 644 582 686; x_wconf 86' lang='grc' dir='ltr'><strong>καὶ</strong></span> <span class='ocrx_word' id='word_1_60' title='bbox 605 641 655 700; x_wconf 90' lang='grc' dir='ltr'><strong>γ’.</strong></span> <span class='ocrx_word' id='word_1_61' title='bbox 694 644 785 698; x_wconf 74' lang='grc' dir='ltr'><strong><em>ἐμοὶ</em></strong></span> <span class='ocrx_word' id='word_1_62' title='bbox 818 643 862 687; x_wconf 78' lang='grc' dir='ltr'><strong>δὲ</strong></span> <span class='ocrx_word' id='word_1_63' title='bbox 891 643 917 701; x_wconf 76' lang='grc' dir='ltr'>ἡ</span> <span class='ocrx_word' id='word_1_64' title='bbox 939 644 1081 703; x_wconf 82' lang='grc' dir='ltr'><strong><em>γραφὴ</em></strong></span> <span class='ocrx_word' id='word_1_65' title='bbox 1102 646 1146 688; x_wconf 88' lang='grc' dir='ltr'><strong><em>τί</em></strong></span> <span class='ocrx_word' id='word_1_66' title='bbox 1163 645 1338 703; x_wconf 87' lang='grc' dir='ltr'><strong><em>τερπνὸν</em></strong></span> <span class='ocrx_word' id='word_1_67' title='bbox 1359 644 1383 703; x_wconf 84' lang='grc' dir='ltr'>ἢ</span> <span class='ocrx_word' id='word_1_68' title='bbox 1414 647 1459 689; x_wconf 88' lang='grc' dir='ltr'><strong><em>τί</em></strong></span> <span class='ocrx_word' id='word_1_69' title='bbox 1467 644 1611 705; x_wconf 82' lang='grc' dir='ltr'><strong><em>χάριεν</em></strong></span> <span class='ocrx_word' id='word_1_70' title='bbox 1629 645 1759 702; x_wconf 73' lang='grc' dir='ltr'><strong><em>ἤμελ-</em></strong></span> 
     </span>
     <span class='ocr_line' id='line_1_8' title="bbox 98 711 1760 775; baseline 0 -16"><span class='ocrx_word' id='word_1_71' title='bbox 98 715 143 754; x_wconf 88' lang='lat' dir='ltr'><strong>V·</strong></span> <span class='ocrx_word' id='word_1_72' title='bbox 169 714 238 754; x_wconf 86' lang='lat'><strong>134</strong></span> <span class='ocrx_word' id='word_1_73' title='bbox 260 720 327 760; x_wconf 84' lang='grc' dir='ltr'><strong>λεν</strong></span> <span class='ocrx_word' id='word_1_74' title='bbox 350 715 476 769; x_wconf 72' lang='grc' dir='ltr'><strong><em>ἕξειν,</em></strong></span> <span class='ocrx_word' id='word_1_75' title='bbox 517 711 809 771; x_wconf 76' lang='grc' dir='ltr'><strong>ὀνομακλήδην</strong></span> <span class='ocrx_word' id='word_1_76' title='bbox 844 713 941 758; x_wconf 73' lang='grc' dir='ltr'><strong><em>ἄνευ</em></strong></span> <span class='ocrx_word' id='word_1_77' title='bbox 972 713 1162 773; x_wconf 79' lang='grc' dir='ltr'><strong><em>πράξεων</em></strong></span> <span class='ocrx_word' id='word_1_78' title='bbox 1184 713 1433 774; x_wconf 79' lang='grc' dir='ltr'><em>βαρβάρους</em></span> <span class='ocrx_word' id='word_1_79' title='bbox 1460 717 1660 775; x_wconf 73' lang='grc' dir='ltr'><strong><em>φωνέοντι</em></strong></span> <span class='ocrx_word' id='word_1_80' title='bbox 1683 733 1760 759; x_wconf 84' lang='grc' dir='ltr'><strong><em>τυ-</em></strong></span> 
     </span>
     <span class='ocr_line' id='line_1_9' title="bbox 1004 783 1759 845; baseline -0.001 -15"><span class='ocrx_word' id='word_1_81' title='bbox 1004 786 1029 806; x_wconf 84' lang='grc'>”</span> <span class='ocrx_word' id='word_1_82' title='bbox 1065 785 1171 844; x_wconf 85' lang='grc' dir='ltr'><strong><em>πρὸς</em></strong></span> <span class='ocrx_word' id='word_1_83' title='bbox 1201 784 1264 838; x_wconf 77' lang='grc' dir='ltr'><strong>οἷς</strong></span> <span class='ocrx_word' id='word_1_84' title='bbox 1297 783 1435 844; x_wconf 77' lang='grc' dir='ltr'><strong><em>ἐπάγει</em></strong></span> <span class='ocrx_word' id='word_1_85' title='bbox 1463 786 1519 831; x_wconf 77' lang='grc' dir='ltr'><strong><em>τὰ</em></strong></span> <span class='ocrx_word' id='word_1_86' title='bbox 1551 788 1645 845; x_wconf 86' lang='grc' dir='ltr'><strong><em>περὶ</em></strong></span> <span class='ocrx_word' id='word_1_87' title='bbox 1674 791 1759 830; x_wconf 82' lang='grc' dir='ltr'><strong>τῶν</strong></span> 
     </span>
     <span class='ocr_line' id='line_1_10' title="bbox 217 854 1759 915; baseline -0.001 -15"><span class='ocrx_word' id='word_1_88' title='bbox 217 857 364 900; x_wconf 75' lang='grc' dir='ltr'><strong><em>Βέτῶν</em></strong></span> <span class='ocrx_word' id='word_1_89' title='bbox 396 855 536 898; x_wconf 74' lang='grc' dir='ltr'><strong><em>αὐτῶν</em></strong></span> <span class='ocrx_word' id='word_1_90' title='bbox 565 855 722 908; x_wconf 76' lang='grc' dir='ltr'><strong><em>,,ἓτε’ων</em></strong></span> <span class='ocrx_word' id='word_1_91' title='bbox 754 856 799 898; x_wconf 78' lang='grc' dir='ltr'><strong>δὲ</strong></span> <span class='ocrx_word' id='word_1_92' title='bbox 830 854 962 900; x_wconf 72' lang='grc' dir='ltr'><strong><em>ὄντων</em></strong></span> <span class='ocrx_word' id='word_1_93' title='bbox 994 856 1075 901; x_wconf 80' lang='grc' dir='ltr'><strong>ἀπὸ</strong></span> <span class='ocrx_word' id='word_1_94' title='bbox 1097 858 1231 900; x_wconf 88' lang='grc' dir='ltr'><strong><em>Νίνου</em></strong></span> <span class='ocrx_word' id='word_1_95' title='bbox 1251 854 1567 915; x_wconf 78' lang='grc' dir='ltr'><strong><em>τεσσαράκοντά</em></strong></span> <span class='ocrx_word' id='word_1_96' title='bbox 1586 874 1669 901; x_wconf 84' lang='grc' dir='ltr'><strong>που</strong></span> <span class='ocrx_word' id='word_1_97' title='bbox 1691 858 1759 900; x_wconf 79' lang='grc' dir='ltr'><strong>καὶ</strong></span> 
     </span>
    </p>

    <p class='ocr_par' dir='ltr' id='par_1_4' title="bbox 253 924 1800 1268">
     <span class='ocr_line' id='line_1_11' title="bbox 253 924 1800 986; baseline 0.001 -16"><span class='ocrx_word' id='word_1_98' title='bbox 253 924 293 983; x_wconf 89' lang='grc' dir='ltr'><strong>χ’</strong></span> <span class='ocrx_word' id='word_1_99' title='bbox 315 927 496 982; x_wconf 81' lang='grc' dir='ltr'><strong><em>Βέλιμος</em></strong></span> <span class='ocrx_word' id='word_1_100' title='bbox 522 925 786 980; x_wconf 72' lang='grc' dir='ltr'><strong><em>ἐβασίλευσεν</em></strong></span> <span class='ocrx_word' id='word_1_101' title='bbox 798 925 1041 984; x_wconf 81' lang='grc' dir='ltr'><strong><em>Ἀσσυρίων.</em></strong></span> <span class='ocrx_word' id='word_1_102' title='bbox 1078 929 1146 971; x_wconf 81' lang='grc' dir='ltr'><strong>καὶ</strong></span> <span class='ocrx_word' id='word_1_103' title='bbox 1159 927 1389 986; x_wconf 78' lang='grc' dir='ltr'><strong><em>ἀφικνεῖται</em></strong></span> <span class='ocrx_word' id='word_1_104' title='bbox 1408 927 1599 984; x_wconf 77' lang='grc' dir='ltr'><strong><em>Περσεὺς</em></strong></span> <span class='ocrx_word' id='word_1_105' title='bbox 1619 924 1641 971; x_wconf 81' lang='grc' dir='ltr'>ὅ</span> <span class='ocrx_word' id='word_1_106' title='bbox 1660 928 1758 970; x_wconf 79' lang='grc' dir='ltr'><strong><em>Λα·</em></strong></span> <span class='ocrx_word' id='word_1_107' title='bbox 1773 934 1800 971; x_wconf 71' lang='lat'><strong>1«</strong></span> 
     </span>
     <span class='ocr_line' id='line_1_12' title="bbox 256 993 1759 1057; baseline 0 -16"><span class='ocrx_word' id='word_1_108' title='bbox 256 994 360 1054; x_wconf 85' lang='grc' dir='ltr'><strong><em>νάης</em></strong></span> <span class='ocrx_word' id='word_1_109' title='bbox 388 998 447 1047; x_wconf 79' lang='grc' dir='ltr'><strong>εἷς</strong></span> <span class='ocrx_word' id='word_1_110' title='bbox 469 995 545 1053; x_wconf 84' lang='grc' dir='ltr'><strong><em>τὴν</em></strong></span> <span class='ocrx_word' id='word_1_111' title='bbox 557 993 702 1054; x_wconf 83' lang='grc' dir='ltr'><strong><em>χώρην</em></strong></span> <span class='ocrx_word' id='word_1_112' title='bbox 722 997 869 1050; x_wconf 80' lang='grc' dir='ltr'><strong><em>αὐτοῦ,</em></strong></span> <span class='ocrx_word' id='word_1_113' title='bbox 890 1002 994 1049; x_wconf 79' lang='grc' dir='ltr'><strong><em>ναῦς</em></strong></span> <span class='ocrx_word' id='word_1_114' title='bbox 1012 996 1123 1055; x_wconf 75' lang='grc' dir='ltr'><strong><em>ἄγων</em></strong></span> <span class='ocrx_word' id='word_1_115' title='bbox 1146 995 1197 1056; x_wconf 90' lang='grc' dir='ltr'><strong>ρ’.</strong></span> <span class='ocrx_word' id='word_1_116' title='bbox 1221 997 1362 1057; x_wconf 65' lang='grc' dir='ltr'><strong><em>ἔφευγε</em></strong></span> <span class='ocrx_word' id='word_1_117' title='bbox 1385 998 1431 1042; x_wconf 80' lang='grc' dir='ltr'><strong>δὲ</strong></span> <span class='ocrx_word' id='word_1_118' title='bbox 1447 997 1636 1057; x_wconf 74' lang='grc' dir='ltr'><strong><em>Περσεὺς</em></strong></span> <span class='ocrx_word' id='word_1_119' title='bbox 1650 995 1759 1042; x_wconf 85' lang='grc' dir='ltr'><strong><em>Διό-</em></strong></span> 
     </span>
     <span class='ocr_line' id='line_1_13' title="bbox 254 1065 1759 1127; baseline -0.001 -15"><span class='ocrx_word' id='word_1_120' title='bbox 254 1083 386 1113; x_wconf 84' lang='grc' dir='ltr'><strong><em>νυσον</em></strong></span> <span class='ocrx_word' id='word_1_121' title='bbox 421 1065 495 1111; x_wconf 77' lang='grc' dir='ltr'><strong>τὸν</strong></span> <span class='ocrx_word' id='word_1_122' title='bbox 526 1067 711 1124; x_wconf 78' lang='grc' dir='ltr'><strong><em>Σεμέλης</em></strong></span> <span class='ocrx_word' id='word_1_123' title='bbox 729 1067 865 1111; x_wconf 81' lang='grc' dir='ltr'><strong><em>υἶὲα.”</em></strong></span> <span class='ocrx_word' id='word_1_124' title='bbox 901 1069 969 1111; x_wconf 88' lang='grc' dir='ltr'><strong>καὶ</strong></span> <span class='ocrx_word' id='word_1_125' title='bbox 999 1068 1215 1124; x_wconf 74' lang='grc' dir='ltr'><strong><em>μετέπειτα</em></strong></span> <span class='ocrx_word' id='word_1_126' title='bbox 1238 1066 1427 1127; x_wconf 79' lang='grc' dir='ltr'><strong><em>,,ὖστε’ρῃ</em></strong></span> <span class='ocrx_word' id='word_1_127' title='bbox 1447 1068 1492 1112; x_wconf 81' lang='grc' dir='ltr'><strong>δὲ</strong></span> <span class='ocrx_word' id='word_1_128' title='bbox 1513 1072 1627 1126; x_wconf 82' lang='grc' dir='ltr'><strong><em>γενεῇ</em></strong></span> <span class='ocrx_word' id='word_1_129' title='bbox 1651 1067 1759 1112; x_wconf 79' lang='grc' dir='ltr'><strong><em>κατὰ</em></strong></span> 
     </span>
     <span class='ocr_line' id='line_1_14' title="bbox 255 1134 1760 1195; baseline -0.001 -13"><span class='ocrx_word' id='word_1_130' title='bbox 255 1134 438 1182; x_wconf 80' lang='grc' dir='ltr'><strong><em>Πανύαν</em></strong></span> <span class='ocrx_word' id='word_1_131' title='bbox 467 1135 650 1194; x_wconf 76' lang='grc' dir='ltr'><strong><em>ἄρχοντα</em></strong></span> <span class='ocrx_word' id='word_1_132' title='bbox 681 1136 703 1182; x_wconf 81' lang='grc' dir='ltr'><em>ὃ</em></span> <span class='ocrx_word' id='word_1_133' title='bbox 723 1142 806 1182; x_wconf 85' lang='grc' dir='ltr'><strong>τῶν</strong></span> <span class='ocrx_word' id='word_1_134' title='bbox 822 1138 1109 1195; x_wconf 79' lang='grc' dir='ltr'><strong><em>Ἀργοναυτῶν</em></strong></span> <span class='ocrx_word' id='word_1_135' title='bbox 1129 1137 1279 1190; x_wconf 84' lang='grc' dir='ltr'><strong><em>στόλος</em></strong></span> <span class='ocrx_word' id='word_1_136' title='bbox 1297 1138 1490 1182; x_wconf 68' lang='grc' dir='ltr'><strong><em>ἔπλευσεν</em></strong></span> <span class='ocrx_word' id='word_1_137' title='bbox 1507 1139 1577 1182; x_wconf 79' lang='grc' dir='ltr'><strong>ἐπί</strong></span> <span class='ocrx_word' id='word_1_138' title='bbox 1595 1156 1638 1182; x_wconf 86' lang='grc' dir='ltr'><strong>τε</strong></span> <span class='ocrx_word' id='word_1_139' title='bbox 1664 1142 1760 1181; x_wconf 81' lang='grc' dir='ltr'><strong>Φᾶ-</strong></span> 
     </span>
     <span class='ocr_line' id='line_1_15' title="bbox 256 1207 1757 1268; baseline -0.001 -16"><span class='ocrx_word' id='word_1_140' title='bbox 256 1224 324 1252; x_wconf 88' lang='grc' dir='ltr'><strong><em>σιν</em></strong></span> <span class='ocrx_word' id='word_1_141' title='bbox 357 1209 426 1252; x_wconf 85' lang='grc' dir='ltr'><strong>καὶ</strong></span> <span class='ocrx_word' id='word_1_142' title='bbox 457 1209 655 1265; x_wconf 81' lang='grc' dir='ltr'><strong><em>Μηδείην</em></strong></span> <span class='ocrx_word' id='word_1_143' title='bbox 686 1208 762 1265; x_wconf 80' lang='grc' dir='ltr'><strong>τὴν</strong></span> <span class='ocrx_word' id='word_1_144' title='bbox 796 1209 1013 1265; x_wconf 81' lang='grc' dir='ltr'><strong><em>Κολχίδα,</em></strong></span> <span class='ocrx_word' id='word_1_145' title='bbox 1051 1211 1120 1253; x_wconf 84' lang='grc' dir='ltr'><strong>καὶ</strong></span> <span class='ocrx_word' id='word_1_146' title='bbox 1148 1207 1359 1268; x_wconf 73' lang='grc' dir='ltr'><strong><em>ἸΙρακλέα</em></strong></span> <span class='ocrx_word' id='word_1_147' title='bbox 1384 1208 1654 1266; x_wconf 73' lang='grc' dir='ltr'><strong><em>πλανηθέντα</em></strong></span> <span class='ocrx_word' id='word_1_148' title='bbox 1676 1208 1757 1252; x_wconf 79' lang='grc' dir='ltr'><strong>ἀπὸ</strong></span> 
     </span>
    </p>

    <p class='ocr_par' dir='ltr' id='par_1_5' title="bbox 95 1277 1800 1480">
     <span class='ocr_line' id='line_1_16' title="bbox 256 1277 1800 1338; baseline -0.001 -15"><span class='ocrx_word' id='word_1_149' title='bbox 256 1283 334 1336; x_wconf 80' lang='grc' dir='ltr'><strong><em>τῆς</em></strong></span> <span class='ocrx_word' id='word_1_150' title='bbox 363 1277 466 1329; x_wconf 78' lang='grc' dir='ltr'><strong><em>νεὼς</em></strong></span> <span class='ocrx_word' id='word_1_151' title='bbox 497 1277 566 1322; x_wconf 78' lang='grc' dir='ltr'><strong>διὰ</strong></span> <span class='ocrx_word' id='word_1_152' title='bbox 594 1278 668 1323; x_wconf 82' lang='grc' dir='ltr'><strong>τὸν</strong></span> <span class='ocrx_word' id='word_1_153' title='bbox 692 1278 828 1337; x_wconf 66' lang='grc' dir='ltr'><strong><em>ἔρωτα</em></strong></span> <span class='ocrx_word' id='word_1_154' title='bbox 857 1279 930 1323; x_wconf 87' lang='grc' dir='ltr'><strong>τὸν</strong></span> <span class='ocrx_word' id='word_1_155' title='bbox 950 1279 1061 1324; x_wconf 63' lang='grc' dir='ltr'><strong><em>’Ὑλα</em></strong></span> <span class='ocrx_word' id='word_1_156' title='bbox 1089 1280 1253 1338; x_wconf 80' lang='grc' dir='ltr'><strong><em>λέγουσι</em></strong></span> <span class='ocrx_word' id='word_1_157' title='bbox 1282 1281 1375 1338; x_wconf 84' lang='grc' dir='ltr'><strong><em>περὶ</em></strong></span> <span class='ocrx_word' id='word_1_158' title='bbox 1397 1279 1496 1331; x_wconf 73' lang='grc' dir='ltr'><strong><em>τοὺς</em></strong></span> <span class='ocrx_word' id='word_1_159' title='bbox 1518 1277 1759 1323; x_wconf 86' lang='grc' dir='ltr'><strong><em>Καππαδό-</em></strong></span> <span class='ocrx_word' id='word_1_160' title='bbox 1771 1286 1800 1321; x_wconf 67' lang='grc' dir='ltr'><strong>1έ</strong></span> 
     </span>
     <span class='ocr_line' id='line_1_17' title="bbox 95 1345 1758 1411; baseline 0.001 -20"><span class='ocrx_word' id='word_1_161' title='bbox 95 1356 139 1392; x_wconf 85' lang='grc' dir='ltr'><strong>Ρ.</strong></span> <span class='ocrx_word' id='word_1_162' title='bbox 163 1353 232 1392; x_wconf 86' lang='grc'><strong>168</strong></span> <span class='ocrx_word' id='word_1_163' title='bbox 255 1366 330 1400; x_wconf 88' lang='grc' dir='ltr'><strong>κας</strong></span> <span class='ocrx_word' id='word_1_164' title='bbox 350 1349 608 1405; x_wconf 71' lang='grc' dir='ltr'><strong><em>ἆληθῆναι.”</em></strong></span> <span class='ocrx_word' id='word_1_165' title='bbox 645 1351 713 1393; x_wconf 82' lang='grc' dir='ltr'><strong>καὶ</strong></span> <span class='ocrx_word' id='word_1_166' title='bbox 737 1345 864 1401; x_wconf 69' lang='grc' dir='ltr'><strong><em>αὖθις</em></strong></span> <span class='ocrx_word' id='word_1_167' title='bbox 882 1348 972 1411; x_wconf 60' lang='lat'><em>”1⁰‘&#39;</em></span> <span class='ocrx_word' id='word_1_168' title='bbox 994 1351 1040 1394; x_wconf 82' lang='grc' dir='ltr'><strong>δὲ</strong></span> <span class='ocrx_word' id='word_1_169' title='bbox 1059 1351 1163 1395; x_wconf 79' lang='grc' dir='ltr'><strong><em>ε’τῶν</em></strong></span> <span class='ocrx_word' id='word_1_170' title='bbox 1184 1350 1265 1394; x_wconf 80' lang='grc' dir='ltr'><strong>ἀπὸ</strong></span> <span class='ocrx_word' id='word_1_171' title='bbox 1287 1348 1560 1409; x_wconf 81' lang='grc' dir='ltr'><strong><em>Σεμιράμεως</em></strong></span> <span class='ocrx_word' id='word_1_172' title='bbox 1574 1351 1632 1400; x_wconf 82' lang='grc' dir='ltr'><strong>εἷς</strong></span> <span class='ocrx_word' id='word_1_173' title='bbox 1651 1352 1758 1405; x_wconf 80' lang='grc' dir='ltr'><strong><em>Μη-</em></strong></span> 
     </span>
     <span class='ocr_line' id='line_1_18' title="bbox 255 1418 1759 1480; baseline -0.002 -15"><span class='ocrx_word' id='word_1_174' title='bbox 255 1426 402 1480; x_wconf 84' lang='grc' dir='ltr'><strong><em>τραῖον</em></strong></span> <span class='ocrx_word' id='word_1_175' title='bbox 430 1419 607 1475; x_wconf 78' lang='grc' dir='ltr'><strong><em>βασιλέα</em></strong></span> <span class='ocrx_word' id='word_1_176' title='bbox 639 1418 691 1464; x_wconf 80' lang='grc' dir='ltr'><strong><em>ἂν</em></strong></span> <span class='ocrx_word' id='word_1_177' title='bbox 727 1420 912 1478; x_wconf 75' lang='grc' dir='ltr'><strong><em>ἇριθμοΐ</em></strong></span> <span class='ocrx_word' id='word_1_178' title='bbox 933 1421 981 1465; x_wconf 82' lang='grc' dir='ltr'><strong><em>τὸ</em></strong></span> <span class='ocrx_word' id='word_1_179' title='bbox 1009 1419 1358 1479; x_wconf 84' lang='grc' dir='ltr'><strong><em>περιτελλόμενον.</em></strong></span> <span class='ocrx_word' id='word_1_180' title='bbox 1397 1418 1571 1477; x_wconf 81' lang='grc' dir='ltr'><strong><em>Μήδεια</em></strong></span> <span class='ocrx_word' id='word_1_181' title='bbox 1600 1421 1759 1476; x_wconf 81' lang='grc' dir='ltr'><strong><em>Κολχὶς</em></strong></span> 
     </span>
    </p>
   </div>
   <div class='ocr_carea' id='block_1_3' title="bbox 348 1491 1760 2104">
    <p class='ocr_par' dir='ltr' id='par_1_6' title="bbox 348 1491 1760 2104">
     <span class='ocr_line' id='line_1_19' title="bbox 355 1491 1758 1544; baseline 0.001 -11"><span class='ocrx_word' id='word_1_182' title='bbox 355 1497 388 1534; x_wconf 91' lang='grc'><strong>1.</strong></span> <span class='ocrx_word' id='word_1_183' title='bbox 413 1491 647 1543; x_wconf 78' lang='grc' dir='ltr'><strong><em>ἐτελεύτησεν</em></strong></span> <span class='ocrx_word' id='word_1_184' title='bbox 676 1496 771 1532; x_wconf 84' lang='lat' dir='ltr'><strong>delet</strong></span> <span class='ocrx_word' id='word_1_185' title='bbox 788 1496 905 1533; x_wconf 89' lang='lat' dir='ltr'><strong>Maius</strong></span> <span class='ocrx_word' id='word_1_186' title='bbox 933 1497 977 1532; x_wconf 86' lang='lat' dir='ltr'><strong>ad</strong></span> <span class='ocrx_word' id='word_1_187' title='bbox 1002 1497 1195 1533; x_wconf 84' lang='lat' dir='ltr'><strong>Eusebium</strong></span> <span class='ocrx_word' id='word_1_188' title='bbox 1213 1509 1247 1544; x_wconf 88' lang='lat' dir='ltr'><strong>p.</strong></span> <span class='ocrx_word' id='word_1_189' title='bbox 1265 1495 1324 1533; x_wconf 77' lang='lat'><strong>42.</strong></span> <span class='ocrx_word' id='word_1_190' title='bbox 1427 1498 1462 1533; x_wconf 77' lang='lat'><strong>2.</strong></span> <span class='ocrx_word' id='word_1_191' title='bbox 1487 1495 1550 1533; x_wconf 80' lang='grc' dir='ltr'><strong><em>καὶ</em></strong></span> <span class='ocrx_word' id='word_1_192' title='bbox 1566 1509 1692 1542; x_wconf 88' lang='grc' dir='ltr'><strong><em>γυν-</em></strong></span> <span class='ocrx_word' id='word_1_193' title='bbox 1713 1497 1758 1534; x_wconf 88' lang='grc' dir='ltr'><strong>Β.</strong></span> 
     </span>
     <span class='ocr_line' id='line_1_20' title="bbox 350 1537 1759 1591; baseline -0.001 -11"><span class='ocrx_word' id='word_1_194' title='bbox 350 1544 483 1580; x_wconf 79' lang='lat' dir='ltr'>Aberat</span> <span class='ocrx_word' id='word_1_195' title='bbox 499 1545 575 1580; x_wconf 83' lang='grc' dir='ltr'><strong><em>καί.</em></strong></span> <span class='ocrx_word' id='word_1_196' title='bbox 681 1540 729 1591; x_wconf 80' lang='grc' dir='ltr'><strong><em>ἧν</em></strong></span> <span class='ocrx_word' id='word_1_197' title='bbox 751 1542 881 1585; x_wconf 83' lang='grc' dir='ltr'><strong><em>αὐτοῖς</em></strong></span> <span class='ocrx_word' id='word_1_198' title='bbox 901 1541 1066 1591; x_wconf 70' lang='grc' dir='ltr'><strong><em>ἀσφαλὲς</em></strong></span> <span class='ocrx_word' id='word_1_199' title='bbox 1086 1546 1133 1579; x_wconf 80' lang='lat' dir='ltr'><strong>G.</strong></span> <span class='ocrx_word' id='word_1_200' title='bbox 1246 1546 1283 1582; x_wconf 90' lang='lat'><strong>3.</strong></span> <span class='ocrx_word' id='word_1_201' title='bbox 1309 1540 1364 1580; x_wconf 82' lang='grc' dir='ltr'><strong><em>ὦν</em></strong></span> <span class='ocrx_word' id='word_1_202' title='bbox 1381 1542 1492 1591; x_wconf 69' lang='grc' dir='ltr'><strong><em>ἔργον</em></strong></span> <span class='ocrx_word' id='word_1_203' title='bbox 1510 1544 1683 1590; x_wconf 76' lang='lat' dir='ltr'><strong>Scaliger.</strong></span> <span class='ocrx_word' id='word_1_204' title='bbox 1709 1537 1759 1589; x_wconf 84' lang='grc' dir='ltr'><strong><em>ἦν</em></strong></span> 
     </span>
     <span class='ocr_line' id='line_1_21' title="bbox 354 1586 1755 1648; baseline -0.001 -20"><span class='ocrx_word' id='word_1_205' title='bbox 354 1590 462 1638; x_wconf 79' lang='grc' dir='ltr'><strong><em>ἔργον</em></strong></span> <span class='ocrx_word' id='word_1_206' title='bbox 481 1591 529 1628; x_wconf 86' lang='lat' dir='ltr'><strong>G.</strong></span> <span class='ocrx_word' id='word_1_207' title='bbox 552 1586 601 1639; x_wconf 87' lang='grc' dir='ltr'><strong><em>ἧν</em></strong></span> <span class='ocrx_word' id='word_1_208' title='bbox 619 1590 726 1639; x_wconf 72' lang='grc' dir='ltr'><strong><em>ἔργον</em></strong></span> <span class='ocrx_word' id='word_1_209' title='bbox 746 1588 766 1629; x_wconf 77' lang='grc' dir='ltr'>ὃ</span> <span class='ocrx_word' id='word_1_210' title='bbox 785 1605 828 1628; x_wconf 92' lang='lat' dir='ltr'><strong>m.</strong></span> <span class='ocrx_word' id='word_1_211' title='bbox 858 1591 903 1628; x_wconf 70' lang='grc' dir='ltr'><strong><em>ἓν</em></strong></span> <span class='ocrx_word' id='word_1_212' title='bbox 921 1591 1029 1639; x_wconf 76' lang='grc' dir='ltr'><strong><em>ἔργον</em></strong></span> <span class='ocrx_word' id='word_1_213' title='bbox 1048 1592 1178 1628; x_wconf 87' lang='lat' dir='ltr'><strong>Maius.</strong></span> <span class='ocrx_word' id='word_1_214' title='bbox 1303 1592 1338 1628; x_wconf 90' lang='grc'><strong>5.</strong></span> <span class='ocrx_word' id='word_1_215' title='bbox 1370 1593 1524 1639; x_wconf 83' lang='grc' dir='ltr'><strong><em>κτησίης</em></strong></span> <span class='ocrx_word' id='word_1_216' title='bbox 1550 1592 1624 1627; x_wconf 85' lang='grc' dir='ltr'><strong>ΑΒ.</strong></span> <span class='ocrx_word' id='word_1_217' title='bbox 1657 1593 1755 1648; x_wconf 76' lang='grc' dir='ltr'><strong><em>Κτη-</em></strong></span> 
     </span>
     <span class='ocr_line' id='line_1_22' title="bbox 351 1636 1758 1687; baseline -0.001 -11"><span class='ocrx_word' id='word_1_218' title='bbox 351 1641 435 1681; x_wconf 81' lang='grc' dir='ltr'><strong><em>σίας</em></strong></span> <span class='ocrx_word' id='word_1_219' title='bbox 454 1639 501 1675; x_wconf 87' lang='lat' dir='ltr'><strong>G.</strong></span> <span class='ocrx_word' id='word_1_220' title='bbox 597 1640 631 1675; x_wconf 88' lang='lat'><strong>7.</strong></span> <span class='ocrx_word' id='word_1_221' title='bbox 656 1637 918 1687; x_wconf 80' lang='grc' dir='ltr'><strong><em>ὀνομακλήδην</em></strong></span> <span class='ocrx_word' id='word_1_222' title='bbox 945 1639 1117 1686; x_wconf 82' lang='lat' dir='ltr'>Scaliger.</span> <span class='ocrx_word' id='word_1_223' title='bbox 1144 1636 1268 1684; x_wconf 86' lang='grc' dir='ltr'><strong><em>ὄνομα</em></strong></span> <span class='ocrx_word' id='word_1_224' title='bbox 1290 1637 1431 1686; x_wconf 80' lang='grc' dir='ltr'><strong><em>κλήδην</em></strong></span> <span class='ocrx_word' id='word_1_225' title='bbox 1455 1640 1503 1674; x_wconf 81' lang='lat' dir='ltr'><strong>G.</strong></span> <span class='ocrx_word' id='word_1_226' title='bbox 1608 1640 1758 1687; x_wconf 82' lang='grc' dir='ltr'><strong><em>βαρβα-</em></strong></span> 
     </span>
     <span class='ocr_line' id='line_1_23' title="bbox 351 1685 1758 1736; baseline -0.002 -12"><span class='ocrx_word' id='word_1_227' title='bbox 351 1687 457 1732; x_wconf 87' lang='grc' dir='ltr'><strong><em>ρους]</em></strong></span> <span class='ocrx_word' id='word_1_228' title='bbox 483 1687 684 1733; x_wconf 85' lang='lat' dir='ltr'><strong>Legebatur</strong></span> <span class='ocrx_word' id='word_1_229' title='bbox 703 1687 897 1736; x_wconf 78' lang='grc' dir='ltr'><strong><em>βαρβάρῳ.</em></strong></span> <span class='ocrx_word' id='word_1_230' title='bbox 991 1689 1025 1724; x_wconf 90' lang='grc'><strong>8.</strong></span> <span class='ocrx_word' id='word_1_231' title='bbox 1049 1686 1254 1732; x_wconf 79' lang='grc' dir='ltr'><strong><em>μαλακούς]</em></strong></span> <span class='ocrx_word' id='word_1_232' title='bbox 1281 1686 1407 1722; x_wconf 88' lang='lat' dir='ltr'><strong>Delevi</strong></span> <span class='ocrx_word' id='word_1_233' title='bbox 1430 1699 1520 1734; x_wconf 85' lang='lat' dir='ltr'><strong>quae</strong></span> <span class='ocrx_word' id='word_1_234' title='bbox 1538 1685 1758 1722; x_wconf 80' lang='lat' dir='ltr'><strong>addebantur</strong></span> 
     </span>
     <span class='ocr_line' id='line_1_24' title="bbox 350 1732 1760 1825; baseline -0.001 -7"><span class='ocrx_word' id='word_1_235' title='bbox 350 1731 1110 1819; x_wconf 51' lang='lat' dir='ltr'><strong>{53⁰ss{0011’3121‘23&#39;3303250222‘2</strong></span> <span class='ocrx_word' id='word_1_236' title='bbox 1125 1740 1377 1781; x_wconf 63' lang='grc' dir='ltr'><strong>Ρ</strong></span> <span class='ocrx_word' id='word_1_237' title='bbox 1403 1746 1495 1818; x_wconf 60' lang='lat'>‘³⁰32</span> <span class='ocrx_word' id='word_1_238' title='bbox 1511 1733 1760 1825; x_wconf 53' lang='lat'><strong>22225022232</strong></span> 
     </span>
     <span class='ocr_line' id='line_1_25' title="bbox 349 1794 1759 1876; baseline 0 -12"><span class='ocrx_word' id='word_1_239' title='bbox 349 1830 393 1864; x_wconf 87' lang='lat' dir='ltr'><strong>B.</strong></span> <span class='ocrx_word' id='word_1_240' title='bbox 421 1794 553 1874; x_wconf 61' lang='grc' dir='ltr'><strong><em>ἑτέρρων</em></strong></span> <span class='ocrx_word' id='word_1_241' title='bbox 567 1832 610 1865; x_wconf 86' lang='grc' dir='ltr'><strong>Α.</strong></span> <span class='ocrx_word' id='word_1_242' title='bbox 706 1833 762 1866; x_wconf 91' lang='grc'><strong>11.</strong></span> <span class='ocrx_word' id='word_1_243' title='bbox 787 1829 914 1876; x_wconf 80' lang='grc' dir='ltr'><strong><em>χώρην</em></strong></span> <span class='ocrx_word' id='word_1_244' title='bbox 937 1829 979 1863; x_wconf 87' lang='grc' dir='ltr'><strong>Β.</strong></span> <span class='ocrx_word' id='word_1_245' title='bbox 998 1794 1131 1874; x_wconf 45' lang='lat' dir='ltr'><strong>{egam</strong></span> <span class='ocrx_word' id='word_1_246' title='bbox 1142 1796 1198 1864; x_wconf 40' lang='grc' dir='ltr'><strong>ᾖ.</strong></span> <span class='ocrx_word' id='word_1_247' title='bbox 1295 1827 1410 1875; x_wconf 78' lang='grc' dir='ltr'><strong><em>ἔφυγε</em></strong></span> <span class='ocrx_word' id='word_1_248' title='bbox 1434 1829 1483 1864; x_wconf 86' lang='lat' dir='ltr'><strong>G.</strong></span> <span class='ocrx_word' id='word_1_249' title='bbox 1578 1826 1646 1864; x_wconf 77' lang='grc' dir='ltr'><strong>τὸν</strong></span> <span class='ocrx_word' id='word_1_250' title='bbox 1667 1826 1759 1864; x_wconf 85' lang='grc' dir='ltr'><strong><em>Διό-</em></strong></span> 
     </span>
     <span class='ocr_line' id='line_1_26' title="bbox 350 1873 1760 1923; baseline -0.001 -10"><span class='ocrx_word' id='word_1_251' title='bbox 350 1888 469 1913; x_wconf 85' lang='grc' dir='ltr'><strong><em>νυσον</em></strong></span> <span class='ocrx_word' id='word_1_252' title='bbox 488 1877 554 1913; x_wconf 88' lang='grc' dir='ltr'><strong>τὸν</strong></span> <span class='ocrx_word' id='word_1_253' title='bbox 577 1879 625 1913; x_wconf 83' lang='lat' dir='ltr'><strong>G.</strong></span> <span class='ocrx_word' id='word_1_254' title='bbox 722 1880 777 1916; x_wconf 85' lang='lat'><strong>13.</strong></span> <span class='ocrx_word' id='word_1_255' title='bbox 803 1878 917 1923; x_wconf 84' lang='lat' dir='ltr'><strong>Vulgo</strong></span> <span class='ocrx_word' id='word_1_256' title='bbox 936 1878 1097 1914; x_wconf 83' lang='grc' dir='ltr'><strong><em>Πανίαν.</em></strong></span> <span class='ocrx_word' id='word_1_257' title='bbox 1202 1873 1448 1923; x_wconf 77' lang='grc' dir='ltr'><strong><em>ἄργοναύτων</em></strong></span> <span class='ocrx_word' id='word_1_258' title='bbox 1469 1877 1512 1911; x_wconf 90' lang='grc' dir='ltr'><strong>Α.</strong></span> <span class='ocrx_word' id='word_1_259' title='bbox 1538 1873 1665 1922; x_wconf 73' lang='grc' dir='ltr'><strong><em>ἅργων</em></strong></span> <span class='ocrx_word' id='word_1_260' title='bbox 1688 1873 1760 1911; x_wconf 74' lang='grc' dir='ltr'><strong><em>αὕ-</em></strong></span> 
     </span>
     <span class='ocr_line' id='line_1_27' title="bbox 348 1921 1758 1972; baseline -0.001 -14"><span class='ocrx_word' id='word_1_261' title='bbox 348 1924 427 1959; x_wconf 76' lang='grc' dir='ltr'><strong><em>τῶν</em></strong></span> <span class='ocrx_word' id='word_1_262' title='bbox 447 1924 489 1958; x_wconf 91' lang='grc' dir='ltr'><strong>Β.</strong></span> <span class='ocrx_word' id='word_1_263' title='bbox 514 1925 593 1960; x_wconf 89' lang='lat' dir='ltr'><strong>Hoc</strong></span> <span class='ocrx_word' id='word_1_264' title='bbox 610 1929 665 1961; x_wconf 90' lang='lat' dir='ltr'><strong>est</strong></span> <span class='ocrx_word' id='word_1_265' title='bbox 679 1921 952 1972; x_wconf 78' lang='grc' dir='ltr'><strong><em>Ἆργωναυτῶν.</em></strong></span> <span class='ocrx_word' id='word_1_266' title='bbox 1057 1922 1122 1960; x_wconf 79' lang='grc' dir='ltr'><strong>ἐπί</strong></span> <span class='ocrx_word' id='word_1_267' title='bbox 1139 1923 1194 1969; x_wconf 86' lang='grc' dir='ltr'><strong>τε]</strong></span> <span class='ocrx_word' id='word_1_268' title='bbox 1222 1923 1303 1960; x_wconf 75' lang='grc' dir='ltr'><strong><em>ἐπεί</em></strong></span> <span class='ocrx_word' id='word_1_269' title='bbox 1321 1936 1361 1959; x_wconf 84' lang='grc' dir='ltr'><strong>τε</strong></span> <span class='ocrx_word' id='word_1_270' title='bbox 1382 1925 1455 1961; x_wconf 84' lang='grc' dir='ltr'><strong>ΑΒ.</strong></span> <span class='ocrx_word' id='word_1_271' title='bbox 1561 1926 1617 1960; x_wconf 80' lang='lat'><strong>14.</strong></span> <span class='ocrx_word' id='word_1_272' title='bbox 1643 1923 1758 1968; x_wconf 83' lang='lat' dir='ltr'><strong>Vulgo</strong></span> 
     </span>
     <span class='ocr_line' id='line_1_28' title="bbox 348 1967 1760 2018; baseline -0.001 -10"><span class='ocrx_word' id='word_1_273' title='bbox 348 1970 521 2017; x_wconf 82' lang='grc' dir='ltr'><strong><em>Μηδέην.</em></strong></span> <span class='ocrx_word' id='word_1_274' title='bbox 638 1973 692 2009; x_wconf 90' lang='grc'><strong>15.</strong></span> <span class='ocrx_word' id='word_1_275' title='bbox 717 1971 785 2009; x_wconf 78' lang='grc' dir='ltr'><strong>τὸν</strong></span> <span class='ocrx_word' id='word_1_276' title='bbox 810 1971 930 2018; x_wconf 67' lang='grc' dir='ltr'><strong><em>ἔρωτα</em></strong></span> <span class='ocrx_word' id='word_1_277' title='bbox 952 1969 1034 2016; x_wconf 79' lang='grc' dir='ltr'><strong><em>τὸν]</em></strong></span> <span class='ocrx_word' id='word_1_278' title='bbox 1061 1971 1128 2009; x_wconf 86' lang='grc' dir='ltr'><strong>τὸν</strong></span> <span class='ocrx_word' id='word_1_279' title='bbox 1152 1971 1273 2018; x_wconf 74' lang='grc' dir='ltr'><strong><em>ἔρωτα</em></strong></span> <span class='ocrx_word' id='word_1_280' title='bbox 1297 1972 1374 2007; x_wconf 75' lang='grc' dir='ltr'><strong><em>τοῖν</em></strong></span> <span class='ocrx_word' id='word_1_281' title='bbox 1389 1972 1436 2006; x_wconf 85' lang='lat' dir='ltr'><strong>G.</strong></span> <span class='ocrx_word' id='word_1_282' title='bbox 1461 1967 1528 2006; x_wconf 86' lang='grc' dir='ltr'><strong>τὸν</strong></span> <span class='ocrx_word' id='word_1_283' title='bbox 1551 1968 1671 2017; x_wconf 72' lang='grc' dir='ltr'><strong><em>ἔρωτα</em></strong></span> <span class='ocrx_word' id='word_1_284' title='bbox 1689 1971 1760 2006; x_wconf 75' lang='grc' dir='ltr'><strong><em>τοῦ</em></strong></span> 
     </span>
     <span class='ocr_line' id='line_1_29' title="bbox 350 2015 1758 2067; baseline 0.001 -14"><span class='ocrx_word' id='word_1_285' title='bbox 350 2018 523 2064; x_wconf 82' lang='lat' dir='ltr'>Scaliger.</span> <span class='ocrx_word' id='word_1_286' title='bbox 614 2015 713 2057; x_wconf 68' lang='grc' dir='ltr'><strong><em>’Ὕλα</em></strong></span> <span class='ocrx_word' id='word_1_287' title='bbox 737 2020 909 2067; x_wconf 84' lang='lat' dir='ltr'><strong>Scaliger.</strong></span> <span class='ocrx_word' id='word_1_288' title='bbox 931 2016 1014 2056; x_wconf 81' lang='grc' dir='ltr'><strong><em>υλοί</em></strong></span> <span class='ocrx_word' id='word_1_289' title='bbox 1040 2020 1087 2055; x_wconf 82' lang='lat' dir='ltr'><strong>G.</strong></span> <span class='ocrx_word' id='word_1_290' title='bbox 1190 2021 1247 2056; x_wconf 86' lang='lat'><strong>17.</strong></span> <span class='ocrx_word' id='word_1_291' title='bbox 1271 2019 1358 2055; x_wconf 87' lang='lat' dir='ltr'><strong>Post</strong></span> <span class='ocrx_word' id='word_1_292' title='bbox 1381 2016 1688 2065; x_wconf 79' lang='grc' dir='ltr'><strong><em>περιτελλόμενον</em></strong></span> <span class='ocrx_word' id='word_1_293' title='bbox 1707 2018 1758 2054; x_wconf 86' lang='lat' dir='ltr'><strong>la-</strong></span> 
     </span>
     <span class='ocr_line' id='line_1_30' title="bbox 349 2065 685 2104; baseline 0.012 -4"><span class='ocrx_word' id='word_1_294' title='bbox 349 2077 472 2101; x_wconf 85' lang='lat' dir='ltr'><strong>cunam</strong></span> <span class='ocrx_word' id='word_1_295' title='bbox 487 2065 620 2102; x_wconf 88' lang='lat' dir='ltr'><strong>indicat</strong></span> <span class='ocrx_word' id='word_1_296' title='bbox 637 2068 685 2104; x_wconf 85' lang='lat' dir='ltr'><strong>G.</strong></span> 
     </span>
    </p>
   </div>
   <div class='ocr_carea' id='block_1_4' title="bbox 254 2123 1760 2974">
    <p class='ocr_par' dir='ltr' id='par_1_7' title="bbox 254 2123 1760 2974">
     <span class='ocr_line' id='line_1_31' title="bbox 257 2123 1759 2168; baseline -0.001 -8"><span class='ocrx_word' id='word_1_297' title='bbox 257 2124 466 2161; x_wconf 79' lang='lat' dir='ltr'><strong>adeuntibus</strong></span> <span class='ocrx_word' id='word_1_298' title='bbox 487 2128 524 2160; x_wconf 85' lang='lat' dir='ltr'><strong>et</strong></span> <span class='ocrx_word' id='word_1_299' title='bbox 542 2125 586 2159; x_wconf 86' lang='lat' dir='ltr'><strong>ab</strong></span> <span class='ocrx_word' id='word_1_300' title='bbox 606 2125 701 2161; x_wconf 86' lang='lat' dir='ltr'><strong>avita</strong></span> <span class='ocrx_word' id='word_1_301' title='bbox 721 2125 903 2162; x_wconf 87' lang='lat' dir='ltr'><strong>nobilitate</strong></span> <span class='ocrx_word' id='word_1_302' title='bbox 921 2124 1120 2161; x_wconf 80' lang='lat' dir='ltr'><strong>successive</strong></span> <span class='ocrx_word' id='word_1_303' title='bbox 1142 2123 1406 2168; x_wconf 85' lang='lat' dir='ltr'><strong>deficientibus,</strong></span> <span class='ocrx_word' id='word_1_304' title='bbox 1432 2124 1520 2160; x_wconf 84' lang='lat' dir='ltr'><strong>adeo</strong></span> <span class='ocrx_word' id='word_1_305' title='bbox 1538 2128 1578 2159; x_wconf 90' lang='lat' dir='ltr'><strong>ut</strong></span> <span class='ocrx_word' id='word_1_306' title='bbox 1593 2124 1759 2160; x_wconf 86' lang='lat' dir='ltr'><strong>vicenna-</strong></span> 
     </span>
     <span class='ocr_line' id='line_1_32' title="bbox 254 2172 1758 2220; baseline 0 -14"><span class='ocrx_word' id='word_1_307' title='bbox 254 2172 304 2212; x_wconf 64' lang='lat' dir='ltr'><strong>-lia</strong></span> <span class='ocrx_word' id='word_1_308' title='bbox 321 2172 436 2207; x_wconf 88' lang='lat' dir='ltr'><strong>obiret</strong></span> <span class='ocrx_word' id='word_1_309' title='bbox 457 2172 578 2207; x_wconf 88' lang='lat' dir='ltr'><strong>nullus.</strong></span> <span class='ocrx_word' id='word_1_310' title='bbox 634 2174 663 2208; x_wconf 90' lang='lat' dir='ltr'>A</span> <span class='ocrx_word' id='word_1_311' title='bbox 689 2174 774 2208; x_wconf 90' lang='lat' dir='ltr'><strong>belli</strong></span> <span class='ocrx_word' id='word_1_312' title='bbox 802 2173 970 2220; x_wconf 76' lang='lat' dir='ltr'><strong>siquidem</strong></span> <span class='ocrx_word' id='word_1_313' title='bbox 993 2173 1142 2208; x_wconf 82' lang='lat' dir='ltr'><strong>tumultu</strong></span> <span class='ocrx_word' id='word_1_314' title='bbox 1162 2173 1282 2218; x_wconf 86' lang='lat' dir='ltr'><strong>quies,</strong></span> <span class='ocrx_word' id='word_1_315' title='bbox 1309 2186 1330 2208; x_wconf 90' lang='lat' dir='ltr'><strong>a</strong></span> <span class='ocrx_word' id='word_1_316' title='bbox 1362 2172 1526 2219; x_wconf 86' lang='lat' dir='ltr'><strong>periculis</strong></span> <span class='ocrx_word' id='word_1_317' title='bbox 1551 2172 1758 2213; x_wconf 87' lang='lat' dir='ltr'><strong>immunitas,</strong></span> 
     </span>
     <span class='ocr_line' id='line_1_33' title="bbox 257 2219 1758 2265; baseline 0 -12"><span class='ocrx_word' id='word_1_318' title='bbox 257 2219 528 2265; x_wconf 81' lang='lat' dir='ltr'><strong>muliebrisque‚</strong></span> <span class='ocrx_word' id='word_1_319' title='bbox 562 2231 631 2265; x_wconf 89' lang='lat' dir='ltr'><strong>qua</strong></span> <span class='ocrx_word' id='word_1_320' title='bbox 652 2220 904 2263; x_wconf 80' lang='lat' dir='ltr'><strong>foedabantur,</strong></span> <span class='ocrx_word' id='word_1_321' title='bbox 938 2219 1076 2255; x_wconf 85' lang='lat' dir='ltr'><strong>indoles</strong></span> <span class='ocrx_word' id='word_1_322' title='bbox 1106 2220 1225 2265; x_wconf 84' lang='lat' dir='ltr'><strong>asylus</strong></span> <span class='ocrx_word' id='word_1_323' title='bbox 1254 2223 1331 2255; x_wconf 85' lang='lat' dir='ltr'><strong>erat</strong></span> <span class='ocrx_word' id='word_1_324' title='bbox 1354 2219 1426 2255; x_wconf 90' lang='lat' dir='ltr'><strong>illis</strong></span> <span class='ocrx_word' id='word_1_325' title='bbox 1447 2219 1655 2254; x_wconf 83' lang='lat' dir='ltr'><strong>tutissimus.</strong></span> <span class='ocrx_word' id='word_1_326' title='bbox 1702 2219 1758 2254; x_wconf 88' lang='lat' dir='ltr'><strong>Ad</strong></span> 
     </span>
     <span class='ocr_line' id='line_1_34' title="bbox 259 2266 1759 2313; baseline -0.001 -12"><span class='ocrx_word' id='word_1_327' title='bbox 259 2266 349 2302; x_wconf 87' lang='lat' dir='ltr'><strong>haec</strong></span> <span class='ocrx_word' id='word_1_328' title='bbox 369 2267 406 2301; x_wconf 89' lang='lat' dir='ltr'><strong>in</strong></span> <span class='ocrx_word' id='word_1_329' title='bbox 425 2266 560 2301; x_wconf 82' lang='lat' dir='ltr'><strong>aedium</strong></span> <span class='ocrx_word' id='word_1_330' title='bbox 585 2267 775 2303; x_wconf 84' lang='lat' dir='ltr'><strong>secretiore</strong></span> <span class='ocrx_word' id='word_1_331' title='bbox 794 2267 967 2313; x_wconf 85' lang='lat' dir='ltr'><strong>penetrali</strong></span> <span class='ocrx_word' id='word_1_332' title='bbox 983 2267 1121 2302; x_wconf 80' lang='lat' dir='ltr'><strong>versari</strong></span> <span class='ocrx_word' id='word_1_333' title='bbox 1146 2266 1260 2302; x_wconf 82' lang='lat' dir='ltr'><strong>solitis</strong></span> <span class='ocrx_word' id='word_1_334' title='bbox 1279 2266 1381 2302; x_wconf 89' lang='lat' dir='ltr'><strong>laude</strong></span> <span class='ocrx_word' id='word_1_335' title='bbox 1404 2266 1545 2313; x_wconf 86' lang='lat' dir='ltr'><strong>dignum</strong></span> <span class='ocrx_word' id='word_1_336' title='bbox 1568 2278 1655 2311; x_wconf 88' lang='lat' dir='ltr'><strong>opus</strong></span> <span class='ocrx_word' id='word_1_337' title='bbox 1680 2266 1759 2300; x_wconf 89' lang='lat' dir='ltr'><strong>nul·-</strong></span> 
     </span>
     <span class='ocr_line' id='line_1_35' title="bbox 259 2313 1758 2361; baseline 0 -13"><span class='ocrx_word' id='word_1_338' title='bbox 259 2313 328 2348; x_wconf 87' lang='lat' dir='ltr'><strong>lum</strong></span> <span class='ocrx_word' id='word_1_339' title='bbox 357 2314 567 2359; x_wconf 84' lang='lat' dir='ltr'><strong>gerebatur,</strong></span> <span class='ocrx_word' id='word_1_340' title='bbox 592 2325 656 2348; x_wconf 89' lang='lat' dir='ltr'><strong>nec</strong></span> <span class='ocrx_word' id='word_1_341' title='bbox 679 2314 762 2357; x_wconf 85' lang='lat' dir='ltr'><strong>ulli,</strong></span> <span class='ocrx_word' id='word_1_342' title='bbox 795 2314 863 2349; x_wconf 89' lang='lat' dir='ltr'><strong>nisi</strong></span> <span class='ocrx_word' id='word_1_343' title='bbox 892 2314 1080 2361; x_wconf 86' lang='lat' dir='ltr'><strong>pellicibus</strong></span> <span class='ocrx_word' id='word_1_344' title='bbox 1103 2318 1164 2349; x_wconf 87' lang='lat' dir='ltr'><strong>aut</strong></span> <span class='ocrx_word' id='word_1_345' title='bbox 1192 2315 1339 2350; x_wconf 83' lang='lat' dir='ltr'><strong>eviratis</strong></span> <span class='ocrx_word' id='word_1_346' title='bbox 1360 2314 1526 2348; x_wconf 87' lang='lat' dir='ltr'><strong>eunuchis</strong></span> <span class='ocrx_word' id='word_1_347' title='bbox 1549 2313 1692 2348; x_wconf 84' lang='lat' dir='ltr'><strong>videndi</strong></span> <span class='ocrx_word' id='word_1_348' title='bbox 1720 2325 1758 2348; x_wconf 86' lang='lat' dir='ltr'><strong>se</strong></span> 
     </span>
     <span class='ocr_line' id='line_1_36' title="bbox 256 2360 1759 2407; baseline -0.001 -12"><span class='ocrx_word' id='word_1_349' title='bbox 256 2360 394 2406; x_wconf 85' lang='lat' dir='ltr'><strong>copiam</strong></span> <span class='ocrx_word' id='word_1_350' title='bbox 413 2360 600 2395; x_wconf 80' lang='lat' dir='ltr'><strong>faciebant.</strong></span> <span class='ocrx_word' id='word_1_351' title='bbox 649 2361 765 2407; x_wconf 85' lang='lat' dir='ltr'><strong>Reges</strong></span> <span class='ocrx_word' id='word_1_352' title='bbox 788 2372 892 2406; x_wconf 87' lang='lat' dir='ltr'><strong>porro</strong></span> <span class='ocrx_word' id='word_1_353' title='bbox 925 2360 1119 2396; x_wconf 85' lang='lat' dir='ltr'><strong>huiusmodi</strong></span> <span class='ocrx_word' id='word_1_354' title='bbox 1149 2361 1325 2397; x_wconf 83' lang='lat' dir='ltr'><strong>recenseri</strong></span> <span class='ocrx_word' id='word_1_355' title='bbox 1347 2361 1415 2396; x_wconf 88' lang='lat' dir='ltr'><strong>sibi</strong></span> <span class='ocrx_word' id='word_1_356' title='bbox 1438 2360 1650 2399; x_wconf 82' lang='lat' dir='ltr'><strong>desideranti</strong></span> <span class='ocrx_word' id='word_1_357' title='bbox 1671 2360 1759 2395; x_wconf 85' lang='lat' dir='ltr'><strong>Cte-</strong></span> 
     </span>
     <span class='ocr_line' id='line_1_37' title="bbox 259 2407 1757 2462; baseline -0.001 -20"><span class='ocrx_word' id='word_1_358' title='bbox 259 2407 357 2450; x_wconf 81' lang='lat' dir='ltr'><strong>sias,</strong></span> <span class='ocrx_word' id='word_1_359' title='bbox 380 2419 485 2449; x_wconf 89' lang='lat' dir='ltr'><strong>reor,</strong></span> <span class='ocrx_word' id='word_1_360' title='bbox 518 2407 731 2452; x_wconf 83' lang='lat' dir='ltr'><strong>singulorum</strong></span> <span class='ocrx_word' id='word_1_361' title='bbox 758 2410 805 2444; x_wconf 71' lang='lat'><strong>23</strong></span> <span class='ocrx_word' id='word_1_362' title='bbox 830 2408 968 2444; x_wconf 81' lang='lat' dir='ltr'><strong>nomina</strong></span> <span class='ocrx_word' id='word_1_363' title='bbox 998 2408 1224 2443; x_wconf 86' lang='lat' dir='ltr'><strong>enumerabit.</strong></span> <span class='ocrx_word' id='word_1_364' title='bbox 1271 2409 1350 2443; x_wconf 83' lang='lat' dir='ltr'><strong>Hoc</strong></span> <span class='ocrx_word' id='word_1_365' title='bbox 1376 2419 1487 2443; x_wconf 89' lang='lat' dir='ltr'><strong>meum</strong></span> <span class='ocrx_word' id='word_1_366' title='bbox 1513 2408 1644 2462; x_wconf 81' lang='lat' dir='ltr'><strong>quippe</strong></span> <span class='ocrx_word' id='word_1_367' title='bbox 1669 2419 1757 2453; x_wconf 83' lang='lat' dir='ltr'><strong>opus</strong></span> 
     </span>
     <span class='ocr_line' id='line_1_38' title="bbox 258 2454 1758 2511; baseline 0 -23"><span class='ocrx_word' id='word_1_368' title='bbox 258 2454 345 2502; x_wconf 86' lang='lat' dir='ltr'><strong>quid</strong></span> <span class='ocrx_word' id='word_1_369' title='bbox 363 2459 501 2500; x_wconf 83' lang='lat' dir='ltr'><strong>gratum</strong></span> <span class='ocrx_word' id='word_1_370' title='bbox 521 2458 582 2488; x_wconf 84' lang='lat' dir='ltr'><strong>aut</strong></span> <span class='ocrx_word' id='word_1_371' title='bbox 601 2454 786 2490; x_wconf 87' lang='lat' dir='ltr'><strong>iucundum</strong></span> <span class='ocrx_word' id='word_1_372' title='bbox 804 2456 989 2491; x_wconf 82' lang='lat' dir='ltr'><strong>exhiberet</strong></span> <span class='ocrx_word' id='word_1_373' title='bbox 1010 2456 1143 2500; x_wconf 87' lang='lat' dir='ltr'><strong>absque</strong></span> <span class='ocrx_word' id='word_1_374' title='bbox 1161 2455 1335 2511; x_wconf 87' lang='lat' dir='ltr'><strong>praeclari</strong></span> <span class='ocrx_word' id='word_1_375' title='bbox 1356 2455 1502 2490; x_wconf 84' lang='lat' dir='ltr'><strong>alicuius</strong></span> <span class='ocrx_word' id='word_1_376' title='bbox 1519 2461 1610 2500; x_wconf 71' lang='lat' dir='ltr'><strong>gesti</strong></span> <span class='ocrx_word' id='word_1_377' title='bbox 1629 2465 1758 2489; x_wconf 85' lang='lat' dir='ltr'><strong>memo-</strong></span> 
     </span>
     <span class='ocr_line' id='line_1_39' title="bbox 258 2501 1757 2548; baseline -0.002 -11"><span class='ocrx_word' id='word_1_378' title='bbox 258 2501 314 2538; x_wconf 74' lang='lat' dir='ltr'><strong>ria</strong></span> <span class='ocrx_word' id='word_1_379' title='bbox 329 2501 424 2536; x_wconf 85' lang='lat' dir='ltr'><strong>nuda</strong></span> <span class='ocrx_word' id='word_1_380' title='bbox 440 2513 580 2548; x_wconf 81' lang='lat' dir='ltr'><strong>prorsus</strong></span> <span class='ocrx_word' id='word_1_381' title='bbox 597 2501 736 2536; x_wconf 88' lang='lat' dir='ltr'><strong>nomina</strong></span> <span class='ocrx_word' id='word_1_382' title='bbox 756 2502 935 2547; x_wconf 81' lang='lat' dir='ltr'><strong>sigillatim</strong></span> <span class='ocrx_word' id='word_1_383' title='bbox 958 2507 995 2537; x_wconf 80' lang='lat' dir='ltr'><strong>et</strong></span> <span class='ocrx_word' id='word_1_384' title='bbox 1011 2502 1144 2537; x_wconf 86' lang='lat' dir='ltr'><strong>rustice</strong></span> <span class='ocrx_word' id='word_1_385' title='bbox 1161 2502 1348 2538; x_wconf 76' lang='lat' dir='ltr'><strong>inclamans</strong></span> <span class='ocrx_word' id='word_1_386' title='bbox 1367 2507 1403 2537; x_wconf 86' lang='lat' dir='ltr'><strong>et</strong></span> <span class='ocrx_word' id='word_1_387' title='bbox 1420 2501 1560 2536; x_wconf 83' lang='lat' dir='ltr'><strong>timidos</strong></span> <span class='ocrx_word' id='word_1_388' title='bbox 1578 2513 1620 2535; x_wconf 93' lang='lat' dir='ltr'><strong>ac</strong></span> <span class='ocrx_word' id='word_1_389' title='bbox 1639 2501 1757 2536; x_wconf 86' lang='lat' dir='ltr'><strong>molles</strong></span> 
     </span>
     <span class='ocr_line' id='line_1_40' title="bbox 258 2547 1758 2597; baseline -0.001 -14"><span class='ocrx_word' id='word_1_390' title='bbox 258 2553 432 2595; x_wconf 83' lang='lat' dir='ltr'><strong>tyrannos</strong></span> <span class='ocrx_word' id='word_1_391' title='bbox 450 2547 709 2594; x_wconf 58' lang='lat' dir='ltr'><strong>nuncupansP‘</strong></span> <span class='ocrx_word' id='word_1_392' title='bbox 728 2567 776 2575; x_wconf 75' lang='lat'><strong>—</strong></span> <span class='ocrx_word' id='word_1_393' title='bbox 793 2549 861 2583; x_wconf 82' lang='lat' dir='ltr'><strong>His</strong></span> <span class='ocrx_word' id='word_1_394' title='bbox 874 2561 964 2594; x_wconf 89' lang='lat' dir='ltr'><strong>quae</strong></span> <span class='ocrx_word' id='word_1_395' title='bbox 983 2549 1028 2584; x_wconf 89' lang='lat' dir='ltr'><strong>ad</strong></span> <span class='ocrx_word' id='word_1_396' title='bbox 1045 2561 1152 2584; x_wconf 85' lang='lat' dir='ltr'><strong>annos</strong></span> <span class='ocrx_word' id='word_1_397' title='bbox 1168 2550 1264 2596; x_wconf 88' lang='lat' dir='ltr'><strong>ipsos</strong></span> <span class='ocrx_word' id='word_1_398' title='bbox 1283 2552 1446 2597; x_wconf 84' lang='lat' dir='ltr'><strong>spectant</strong></span> <span class='ocrx_word' id='word_1_399' title='bbox 1464 2547 1644 2592; x_wconf 78' lang='lat' dir='ltr'><strong>adiungit:</strong></span> <span class='ocrx_word' id='word_1_400' title='bbox 1669 2559 1758 2589; x_wconf 86' lang='lat' dir='ltr'><strong>„an-</strong></span> 
     </span>
     <span class='ocr_line' id='line_1_41' title="bbox 256 2594 1759 2643; baseline -0.002 -12"><span class='ocrx_word' id='word_1_401' title='bbox 256 2607 383 2631; x_wconf 83' lang='lat' dir='ltr'><strong>norum</strong></span> <span class='ocrx_word' id='word_1_402' title='bbox 401 2595 543 2631; x_wconf 86' lang='lat' dir='ltr'><strong>circiter</strong></span> <span class='ocrx_word' id='word_1_403' title='bbox 567 2597 636 2634; x_wconf 71' lang='grc'><strong>60.)</strong></span> <span class='ocrx_word' id='word_1_404' title='bbox 656 2597 693 2629; x_wconf 87' lang='lat' dir='ltr'><strong>et</strong></span> <span class='ocrx_word' id='word_1_405' title='bbox 713 2594 761 2632; x_wconf 86' lang='lat'><strong>40</strong></span> <span class='ocrx_word' id='word_1_406' title='bbox 780 2600 861 2642; x_wconf 83' lang='lat' dir='ltr'><strong>post</strong></span> <span class='ocrx_word' id='word_1_407' title='bbox 883 2596 1012 2631; x_wconf 86' lang='lat' dir='ltr'><strong>Ninum</strong></span> <span class='ocrx_word' id='word_1_408' title='bbox 1030 2597 1149 2643; x_wconf 88' lang='lat' dir='ltr'><strong>elapso</strong></span> <span class='ocrx_word' id='word_1_409' title='bbox 1177 2596 1290 2643; x_wconf 79' lang='lat' dir='ltr'><strong>spatio</strong></span> <span class='ocrx_word' id='word_1_410' title='bbox 1314 2595 1469 2631; x_wconf 86' lang='lat' dir='ltr'><strong>Belimus</strong></span> <span class='ocrx_word' id='word_1_411' title='bbox 1494 2594 1631 2629; x_wconf 85' lang='lat' dir='ltr'><strong>tandem</strong></span> <span class='ocrx_word' id='word_1_412' title='bbox 1648 2596 1759 2639; x_wconf 83' lang='lat' dir='ltr'><strong>Assy-</strong></span> 
     </span>
     <span class='ocr_line' id='line_1_42' title="bbox 260 2641 1760 2688; baseline -0.001 -10"><span class='ocrx_word' id='word_1_413' title='bbox 260 2643 391 2678; x_wconf 87' lang='lat' dir='ltr'><strong>riorum</strong></span> <span class='ocrx_word' id='word_1_414' title='bbox 416 2642 599 2688; x_wconf 84' lang='lat' dir='ltr'><strong>imperium</strong></span> <span class='ocrx_word' id='word_1_415' title='bbox 627 2642 775 2688; x_wconf 87' lang='lat' dir='ltr'><strong>adeptus</strong></span> <span class='ocrx_word' id='word_1_416' title='bbox 797 2647 862 2677; x_wconf 87' lang='lat' dir='ltr'><strong>est.</strong></span> <span class='ocrx_word' id='word_1_417' title='bbox 911 2643 995 2677; x_wconf 85' lang='lat' dir='ltr'><strong>Mox</strong></span> <span class='ocrx_word' id='word_1_418' title='bbox 1019 2643 1193 2685; x_wconf 88' lang='lat' dir='ltr'><strong>Perseus,</strong></span> <span class='ocrx_word' id='word_1_419' title='bbox 1217 2644 1358 2678; x_wconf 81' lang='lat' dir='ltr'><strong>Danaes</strong></span> <span class='ocrx_word' id='word_1_420' title='bbox 1374 2641 1489 2684; x_wconf 81' lang='lat' dir='ltr'><strong>filius,</strong></span> <span class='ocrx_word' id='word_1_421' title='bbox 1514 2653 1623 2677; x_wconf 83' lang='lat' dir='ltr'><strong>naves</strong></span> <span class='ocrx_word' id='word_1_422' title='bbox 1644 2652 1760 2677; x_wconf 83' lang='lat' dir='ltr'><strong>secum</strong></span> 
     </span>
     <span class='ocr_line' id='line_1_43' title="bbox 259 2686 1758 2736; baseline -0.003 -10"><span class='ocrx_word' id='word_1_423' title='bbox 259 2702 372 2736; x_wconf 81' lang='lat' dir='ltr'><strong>agens</strong></span> <span class='ocrx_word' id='word_1_424' title='bbox 400 2694 538 2725; x_wconf 87' lang='lat' dir='ltr'><strong>centum</strong></span> <span class='ocrx_word' id='word_1_425' title='bbox 565 2694 603 2724; x_wconf 87' lang='lat' dir='ltr'><strong>et</strong></span> <span class='ocrx_word' id='word_1_426' title='bbox 628 2689 807 2724; x_wconf 81' lang='lat' dir='ltr'><strong>Bacchum</strong></span> <span class='ocrx_word' id='word_1_427' title='bbox 831 2689 987 2724; x_wconf 88' lang='lat' dir='ltr'><strong>Semeles</strong></span> <span class='ocrx_word' id='word_1_428' title='bbox 1013 2689 1121 2724; x_wconf 87' lang='lat' dir='ltr'><strong>filium</strong></span> <span class='ocrx_word' id='word_1_429' title='bbox 1149 2690 1287 2736; x_wconf 83' lang='lat' dir='ltr'><strong>fugiens</strong></span> <span class='ocrx_word' id='word_1_430' title='bbox 1309 2689 1383 2724; x_wconf 84' lang='lat' dir='ltr'><strong>eius</strong></span> <span class='ocrx_word' id='word_1_431' title='bbox 1411 2699 1556 2734; x_wconf 86' lang='lat' dir='ltr'><strong>regnum</strong></span> <span class='ocrx_word' id='word_1_432' title='bbox 1579 2688 1722 2724; x_wconf 82' lang='lat' dir='ltr'><strong>invasit.</strong></span> <span class='ocrx_word' id='word_1_433' title='bbox 1735 2686 1758 2703; x_wconf 84' lang='lat'><strong>’⁷</strong></span> 
     </span>
     <span class='ocr_line' id='line_1_44' title="bbox 259 2735 1760 2783; baseline -0.002 -11"><span class='ocrx_word' id='word_1_434' title='bbox 259 2738 315 2773; x_wconf 91' lang='lat' dir='ltr'><strong>Ad</strong></span> <span class='ocrx_word' id='word_1_435' title='bbox 335 2738 442 2773; x_wconf 86' lang='lat' dir='ltr'><strong>haec:</strong></span> <span class='ocrx_word' id='word_1_436' title='bbox 467 2740 677 2783; x_wconf 77' lang='lat' dir='ltr'><strong>„postrema</strong></span> <span class='ocrx_word' id='word_1_437' title='bbox 692 2761 702 2778; x_wconf 94' lang='lat'><strong>‚</strong></span> <span class='ocrx_word' id='word_1_438' title='bbox 727 2735 862 2782; x_wconf 87' lang='lat' dir='ltr'><strong>inquit,</strong></span> <span class='ocrx_word' id='word_1_439' title='bbox 887 2740 1021 2778; x_wconf 84' lang='lat' dir='ltr'><strong>aetate,</strong></span> <span class='ocrx_word' id='word_1_440' title='bbox 1048 2737 1110 2771; x_wconf 88' lang='lat' dir='ltr'><strong>sub</strong></span> <span class='ocrx_word' id='word_1_441' title='bbox 1132 2736 1265 2772; x_wconf 86' lang='lat' dir='ltr'><strong>Paniae</strong></span> <span class='ocrx_word' id='word_1_442' title='bbox 1283 2736 1441 2770; x_wconf 87' lang='lat' dir='ltr'><strong>nimirum</strong></span> <span class='ocrx_word' id='word_1_443' title='bbox 1461 2735 1626 2781; x_wconf 89' lang='lat' dir='ltr'><strong>principis</strong></span> <span class='ocrx_word' id='word_1_444' title='bbox 1648 2735 1760 2780; x_wconf 88' lang='lat' dir='ltr'><strong>impe-</strong></span> 
     </span>
     <span class='ocr_line' id='line_1_45' title="bbox 260 2779 1758 2830; baseline -0.001 -11"><span class='ocrx_word' id='word_1_445' title='bbox 260 2784 349 2819; x_wconf 88' lang='lat' dir='ltr'><strong>rium</strong></span> <span class='ocrx_word' id='word_1_446' title='bbox 365 2779 644 2830; x_wconf 80' lang='lat' dir='ltr'><strong>Argonautarum</strong></span> <span class='ocrx_word' id='word_1_447' title='bbox 661 2783 786 2818; x_wconf 82' lang='lat' dir='ltr'><strong>classis</strong></span> <span class='ocrx_word' id='word_1_448' title='bbox 804 2782 1030 2828; x_wconf 84' lang='lat' dir='ltr'><strong>enavigavit;</strong></span> <span class='ocrx_word' id='word_1_449' title='bbox 1053 2788 1204 2828; x_wconf 78' lang='lat' dir='ltr'><strong>tuncque</strong></span> <span class='ocrx_word' id='word_1_450' title='bbox 1222 2783 1354 2818; x_wconf 88' lang='lat' dir='ltr'><strong>demum</strong></span> <span class='ocrx_word' id='word_1_451' title='bbox 1370 2781 1530 2818; x_wconf 83' lang='lat' dir='ltr'><strong>Medeam</strong></span> <span class='ocrx_word' id='word_1_452' title='bbox 1544 2782 1676 2818; x_wconf 82' lang='lat' dir='ltr'><strong>Colcho</strong></span> <span class='ocrx_word' id='word_1_453' title='bbox 1694 2792 1758 2817; x_wconf 81' lang='lat' dir='ltr'><strong>na·-</strong></span> 
     </span>
     <span class='ocr_line' id='line_1_46' title="bbox 258 2827 1760 2876; baseline -0.003 -10"><span class='ocrx_word' id='word_1_454' title='bbox 258 2836 353 2874; x_wconf 77' lang='lat' dir='ltr'><strong>tam,</strong></span> <span class='ocrx_word' id='word_1_455' title='bbox 377 2843 441 2867; x_wconf 92' lang='lat' dir='ltr'><strong>nec</strong></span> <span class='ocrx_word' id='word_1_456' title='bbox 466 2843 534 2866; x_wconf 91' lang='lat' dir='ltr'><strong>non</strong></span> <span class='ocrx_word' id='word_1_457' title='bbox 555 2830 743 2866; x_wconf 89' lang='lat' dir='ltr'><strong>Herculem</strong></span> <span class='ocrx_word' id='word_1_458' title='bbox 767 2830 882 2876; x_wconf 81' lang='lat' dir='ltr'><strong>Hylae</strong></span> <span class='ocrx_word' id='word_1_459' title='bbox 910 2828 1075 2875; x_wconf 87' lang='lat' dir='ltr'><strong>cupidine</strong></span> <span class='ocrx_word' id='word_1_460' title='bbox 1101 2833 1273 2872; x_wconf 78' lang='lat' dir='ltr'><strong>tractum,</strong></span> <span class='ocrx_word' id='word_1_461' title='bbox 1303 2840 1393 2865; x_wconf 89' lang='lat' dir='ltr'><strong>nave</strong></span> <span class='ocrx_word' id='word_1_462' title='bbox 1419 2828 1594 2874; x_wconf 88' lang='lat' dir='ltr'><strong>sociisque</strong></span> <span class='ocrx_word' id='word_1_463' title='bbox 1614 2827 1760 2870; x_wconf 86' lang='lat' dir='ltr'><strong>relictis,</strong></span> 
     </span>
     <span class='ocr_line' id='line_1_47' title="bbox 255 2873 1759 2924; baseline -0.002 -12"><span class='ocrx_word' id='word_1_464' title='bbox 255 2878 353 2914; x_wconf 83' lang='lat' dir='ltr'><strong>circa</strong></span> <span class='ocrx_word' id='word_1_465' title='bbox 371 2877 633 2924; x_wconf 84' lang='lat' dir='ltr'><strong>Cappadociam</strong></span> <span class='ocrx_word' id='word_1_466' title='bbox 660 2889 802 2913; x_wconf 83' lang='lat' dir='ltr'><strong>errasse</strong></span> <span class='ocrx_word' id='word_1_467' title='bbox 822 2875 1055 2912; x_wconf 86' lang='lat' dir='ltr'><strong>memorant.&#39;’</strong></span> <span class='ocrx_word' id='word_1_468' title='bbox 1105 2873 1156 2911; x_wconf 80' lang='lat' dir='ltr'><strong>Et</strong></span> <span class='ocrx_word' id='word_1_469' title='bbox 1174 2877 1298 2912; x_wconf 85' lang='lat' dir='ltr'><strong>iterum</strong></span> <span class='ocrx_word' id='word_1_470' title='bbox 1310 2889 1321 2911; x_wconf 71' lang='grc' dir='ltr'><strong><em>ε</em></strong></span> <span class='ocrx_word' id='word_1_471' title='bbox 1345 2887 1402 2920; x_wconf 89' lang='lat' dir='ltr'><strong>„a</strong></span> <span class='ocrx_word' id='word_1_472' title='bbox 1422 2876 1650 2911; x_wconf 86' lang='lat' dir='ltr'><strong>Semiramide</strong></span> <span class='ocrx_word' id='word_1_473' title='bbox 1674 2886 1759 2910; x_wconf 81' lang='lat' dir='ltr'><strong>vero</strong></span> 
     </span>
     <span class='ocr_line' id='line_1_48' title="bbox 255 2921 1759 2974; baseline -0.003 -12"><span class='ocrx_word' id='word_1_474' title='bbox 255 2925 303 2962; x_wconf 76' lang='lat' dir='ltr'><strong>ad</strong></span> <span class='ocrx_word' id='word_1_475' title='bbox 323 2926 522 2963; x_wconf 83' lang='lat' dir='ltr'><strong>Metraeum</strong></span> <span class='ocrx_word' id='word_1_476' title='bbox 536 2937 648 2974; x_wconf 80' lang='lat' dir='ltr'><strong>usque</strong></span> <span class='ocrx_word' id='word_1_477' title='bbox 666 2936 786 2972; x_wconf 82' lang='lat' dir='ltr'><strong>regem</strong></span> <span class='ocrx_word' id='word_1_478' title='bbox 805 2924 838 2960; x_wconf 85' lang='lat' dir='ltr'><strong>si</strong></span> <span class='ocrx_word' id='word_1_479' title='bbox 852 2923 1023 2972; x_wconf 80' lang='lat' dir='ltr'><strong>quispiam</strong></span> <span class='ocrx_word' id='word_1_480' title='bbox 1040 2934 1206 2961; x_wconf 83' lang='lat' dir='ltr'><strong>annorum</strong></span> <span class='ocrx_word' id='word_1_481' title='bbox 1223 2924 1318 2961; x_wconf 82' lang='lat' dir='ltr'><strong>mille</strong></span> <span class='ocrx_word' id='word_1_482' title='bbox 1336 2923 1485 2972; x_wconf 78' lang='lat' dir='ltr'><strong>spatium</strong></span> <span class='ocrx_word' id='word_1_483' title='bbox 1500 2921 1704 2960; x_wconf 80' lang='lat' dir='ltr'><strong>numeravit.</strong></span> <span class='ocrx_word' id='word_1_484' title='bbox 1714 2940 1759 2948; x_wconf 89' lang='lat'><strong>-—</strong></span> 
     </span>
    </p>
   </div>
   <div class='ocr_carea' id='block_1_5' title="bbox 259 783 991 844">
    <p class='ocr_par' dir='ltr' id='par_1_8' title="bbox 259 783 991 844">
     <span class='ocr_line' id='line_1_49' title="bbox 259 783 991 844; baseline 0.001 -15"><span class='ocrx_word' id='word_1_485' title='bbox 259 784 437 844; x_wconf 81' lang='grc' dir='ltr'><strong><em>ράννους</em></strong></span> <span class='ocrx_word' id='word_1_486' title='bbox 467 783 628 836; x_wconf 72' lang='grc' dir='ltr'><strong><em>δειλοὺς</em></strong></span> <span class='ocrx_word' id='word_1_487' title='bbox 655 786 723 828; x_wconf 81' lang='grc' dir='ltr'><strong><em>καὶ</em></strong></span> <span class='ocrx_word' id='word_1_488' title='bbox 750 783 991 843; x_wconf 80' lang='grc' dir='ltr'><strong><em>μαλακούς,-</em></strong></span> 
     </span>
    </p>
   </div>
  </div>
 </body>
</html>
